3200 5150
845 429 928 519 78

1411 428 1503 493 M.
1543 425 1768 493 FABn
1805 421 2354 511 Qnm'rtmfflt

842 550 1153 642 infirma,
1174 576 1330 652 quoe
1351 578 1496 624 non
1521 551 1836 651 protinus
1862 550 2031 651 quid
2057 570 2322 623 rectum
2351 575 2781 650 pravumque
2809 549 2919 637 sit,

839 667 1056 740 discat
1070 697 1088 755 3
1116 688 1267 738 tum
1289 666 1395 738 vel
1422 665 1722 738 maxime
1743 664 2142 754 formanda,
2168 692 2392 764 quum
2419 663 2794 739 simulandi
2817 692 2920 736 ne·

840 781 979 855 scia
1004 802 1134 871 est,
1167 803 1233 853 et
1252 779 1810 881 praecipientibus
1836 777 2165 854 facillime
2191 777 2390 851 cedit.
2414 781 2713 878 Frangas
2735 780 2919 851 enim

746 988 751 993 ,
844 896 1075 989 citius,
1100 923 1315 997 quam
1338 896 1668 995 corrigas»,
1688 921 1843 994 quae
1868 894 1939 966 in
1961 920 2252 993 pravum
2274 893 2756 966 induruerunt.
2780 896 2926 965 Pro·

746 1030 811 1085 13
843 1011 1028 1085 tinus
1061 1034 1258 1113 ergo,
1293 1037 1381 1082 ne
1407 1010 1577 1111 quid
1611 1009 1899 1108 cupide,
1931 1036 2020 1101 ne
2054 1008 2224 1108 quid
2257 1007 2611 1106 improbe,
2641 1034 2729 1080 ne
2762 1008 2925 1107 quid

844 1127 1260 1228 impotenter
1275 1126 1512 1217 faciat,
1535 1126 1933 1199 monendus
1953 1146 2052 1198 est
2070 1151 2267 1225 puer,
2287 1124 2835 1228 habendumque
2857 1126 2925 1198 in

843 1244 1080 1317 animo
1108 1267 1383 1340 semper
1404 1239 1580 1315 illud
1608 1239 2076 1338 virgilianum
2099 1254 2114 1284 ¹
2148 1265 2186 1338 z⁴

1090 1421 1242 1479 Adeo
1266 1426 1320 1478 in
1344 1425 1533 1479 tener-is
1557 1441 1904 1477 consuescere
1925 1421 2149 1475 multum
2171 1434 2266 1475 est.

751 1592 811 1660 ⁸4
847 1579 1035 1655 Caedi
1080 1606 1240 1654 vero
1283 1579 1709 1671 discentes²,
1754 1606 2187 1680 quamquam
2235 1599 2304 1650 et
2344 1601 2696 1679 receptum
2741 1579 2826 1653 sit
2868 1601 2932 1655 et

847 1695 1281 1796 Chrysippus
1323 1722 1468 1769 non
1521 1694 1904 1794 improbet,
1952 1693 2244 1767 minime
2280 1692 2531 1766 velim:
2578 1695 2929 1794 primum,

848 1809 1015 1910 quia
1047 1808 1357 1885 deforme
1393 1830 1598 1909 atque
1638 1806 1879 1880 servile
1918 1829 2053 1899 est,
2094 1828 2161 1878 et
2198 1828 2375 1880 certe
2399 1863 2420 1897 ‚
2457 1808 2647 1906 quod
2687 1834 2935 1895 conveq

848 1920 998 1997 nit³
1023 1922 1078 1995 si
1112 1944 1381 1997 oetatem
1406 1945 1672 2012 muteS,
1702 1921 1998 2023 injuria3
2033 1920 2284 1993 deinde
2303 1976 2324 2010 ‚
2354 1921 2544 2021 quod
2573 1921 2626 1993 si
2655 1922 2770 1995 cui
2794 1944 2931 1994 tam

850 2059 950 2112 est
989 2063 1191 2113 mens
1223 2036 1613 2128 illiberalis,
1650 2059 1728 2109 ut
1759 2036 2237 2137 objurgatione
2271 2063 2416 2111 non
2451 2038 2852 2137 corrigatur,
2882 2037 2939 2110 is

850 2153 1058 2225 etiam
1093 2152 1182 2229 ad
1214 2152 1488 2252 plagae,
1529 2173 1608 2224 ut
1647 2152 1946 2250 pessima
1981 2178 2276 2251 quaeque
2315 2151 2661 2251 mancipia
2683 2208 2705 2240 ,
2740 2151 2936 2224 dura·

849 2268 1077 2358 bitur;
1111 2288 1457 2367 postremo
1487 2266 1677 2365 quod
1707 2294 1793 2341 ne
1824 2293 1998 2365 opus
2028 2267 2153 2339 erit
2183 2265 2468 2366 quidem
2501 2267 2631 2338 hac
2662 2266 2936 2366 castigae

756 2394 815 2450 15
850 2382 1035 2456 tione
1055 2438 1074 2473 ‚
1098 2382 1153 2454 si
1181 2381 1495 2454 assiduus
1523 2382 1911 2453 studiorum
1944 2401 2212 2453 exactor
2237 2381 2535 2453 astiterit.
2562 2384 2772 2454 Nunc
2798 2383 2936 2453 fere

850 2496 1269 2598 negligentia
1286 2496 1823 2597 paedagogorum
1844 2494 1937 2567 sic
1959 2495 2313 2569 emendari
2325 2496 2626 2585 videtur,
2642 2517 2719 2569 ut
2743 2495 2936 2596 pueri

850 2640 995 2688 non
1019 2613 1240 2684 facere
1260 2667 1279 2702 ‚
1307 2639 1462 2712 quae
1488 2609 1668 2684 recta
1696 2633 1891 2700 sunt,
1916 2633 2272 2711 cogantur,
2299 2610 2418 2684 sed
2437 2668 2456 2701 ‚
2482 2639 2706 2712 quum
2728 2610 2762 2674 4
2795 2639 2934 2685 non

849 2726 1174 2819 fecerint,
1218 2729 1619 2827 puniantur.
1656 2728 1978 2828 Denique
2015 2755 2241 2828 quum
2283 2727 2653 2827 parvulum
2691 2729 2937 2802 verbe·-

849 2950 1190 3022 gnmentandi
1220 2953 1351 3003 ratio
1384 2965 1605 3024 apparet
1641 2951 1847 3005 sublata

852 3044 971 3082 ante
986 3030 1139 3082 modo
1154 3032 1376 3081 maxima
1394 3033 1820 3104 interpunctione
1830 3068 1848 3097 ‚

853 3128 1010 3183 quam
1036 3113 1235 3183 primus
1262 3113 1525 3166 invexerat
1551 3111 1765 3171 Gesner.

928 3206 970 3242 t.
1000 3186 1150 3241 Illud
1170 3189 1223 3241 V
1220 3187 1536 3262 irqilt'unum.
1567 3190 1758 3260 Georg.
1776 3190 1849 3256 11,

853 3284 988 3337 272,
1019 3265 1111 3319 ubi
1147 3265 1213 3319 de
1244 3265 1568 3322 restituendo
1602 3266 1853 3320 arborum

854 3346 975 3410 situ,
995 3342 1356 3416 servandaque
1376 3363 1555 3396 earum
1573 3344 1753 3396 indole
1772 3343 1852 3396 lo-

854 3424 1045 3495 quitur.
1077 3424 1222 3473 Enrr.

862 3497 873 3510 '
926 3517 974 3552 2.
1003 3497 1140 3551 Coedi
1167 3516 1283 3550 vero
1305 3496 1562 3552 discentes.
1591 3498 1736 3552 Idem
1758 3519 1851 3552 ve·

851 3591 927 3630 tat
958 3574 1220 3630 Plutarch.
1259 3578 1313 3628 in
1344 3575 1523 3628 libello
1566 3577 1633 3636 de
1672 3578 1849 3631 liberis

851 3652 1162 3720 educandis·
1188 3672 1256 3705 ne
1279 3657 1429 3725 pueri
1452 3655 1736 3723 caedantur,
1757 3654 1852 3710 sed

851 3734 1153 3796 assiduitate
1181 3747 1233 3800 et
1260 3734 1528 3806 diligentia
1555 3751 1849 3812 praecepto-

851 3833 968 3867 rum
999 3813 1194 3881 litteras
1227 3832 1400 3868 amare
1431 3829 1702 3886 cogantur.
1727 3816 1846 3870 Vid.

854 3911 1067 3966 quoque
1098 3893 1277 3945 Senec.
1312 3893 1379 3954 de
1410 3893 1772 3962 Providentia,
1800 3908 1853 3952 et

851 3972 986 4025 infra
1009 3973 1260 4023 Nostrum
1283 3970 1318 4023 1.
1345 3973 1417 4039 11,
1440 3991 1487 4025 c.
1517 3992 1544 4024 2
1572 3986 1625 4025 et
1647 3974 1696 4040 4.
1724 3977 1815 4028 En.

924 4049 973 4101 3.
995 4049 1066 4099 Et
1077 4060 1260 4101 certe...
1277 4049 1418 4122 quod
1434 4054 1687 4104 convenit.
1715 4056 1856 4120 Certe

1935 2950 2176 3006 convenit
2199 2950 2242 3003 si
2267 2960 2468 3004 oetatem
2499 2959 2692 3015 mutes,
2729 2949 2935 3023 injuria.

1934 3030 2240 3101 Interpunxi
2270 3048 2390 3082 cum
2422 3029 2727 3096 Obrechto‚
2769 3043 2824 3083 et
2860 3032 2938 3082 in-

1934 3120 2196 3180 terpretor
2224 3126 2347 3160 cum
2377 3107 2569 3160 Badio:
2608 3131 2629 3153 κ
2649 3109 2939 3174 Convenit,

1943 3208 1968 3233 α
1986 3204 2017 3239 a
2044 3188 2254 3242 nemine
2281 3198 2519 3256 negatur,
2547 3187 2798 3256 injuriam
2830 3204 2941 3237 esse

1944 3287 1967 3312 α
1987 3263 2143 3331 endi,
2167 3268 2211 3317 si
2232 3268 2287 3317 in
2311 3264 2492 3316 adulto
2517 3264 2622 3317 fiat.
2647 3288 2669 3311 ιι
2705 3267 2850 3318 Certe
2872 3264 2944 3315 di·

1938 3347 2075 3397 citur
2101 3358 2404 3416 comparata
2432 3346 2500 3396 ad
2526 3344 2762 3417 deforme
2787 3355 2940 3417 atque

1937 3422 2142 3485 aervile,·
2162 3441 2286 3478 nam
2306 3426 2351 3476 si
2367 3425 2506 3476 forte
2521 3437 2676 3494 neget
2696 3426 2817 3495 quis
2837 3422 2940 3495 def.

1937 3521 2053 3558 esse
2087 3514 2242 3575 atque
2273 3521 2434 3568 serv„
2463 3505 2654 3576 injuria
2682 3514 2819 3554 certe
2845 3515 2947 3570 esp

1936 3582 2108 3636 Facile
2132 3596 2306 3637 tamen
2334 3601 2512 3637 careas
2539 3582 2824 3649 alterutro,
2853 3594 2941 3636 aut

1934 3663 2003 3730 τῇ
2025 3673 2156 3714 certe
2182 3677 2272 3715 aut
2297 3662 2367 3732 τᾷ
2392 3661 2532 3735 quod
2557 3663 2817 3716 convenit.
2855 3663 2943 3713 In-

1937 3742 2233 3813 ter-punctio
2282 3759 2313 3793 a
2361 3740 2598 3812 plurimis
2649 3739 2904 3811 adoptata
2924 3775 2942 3804 ,

1939 3838 2042 3891 qua
2069 3818 2317 3872 inciditur
2337 3832 2461 3891 post
2487 3818 2754 3883 convenit,
2787 3820 2942 3870 etiam

1939 3900 2103 3970 magis
2128 3899 2356 3950 otiosum
2380 3898 2504 3954 facit
2526 3898 2666 3970 quod
2683 3897 2941 3949 convenia

1947 4035 1950 4040 ,
2011 3977 2061 4048 4.
2091 3978 2279 4050 Quum.
2306 3977 2473 4034 Codd.
2502 3995 2683 4032 omnes
2707 3994 2819 4029 cur.
2838 3978 2943 4036 Ta„

1941 4054 2181 4114 centibus
2209 4058 2367 4110 Gesn.
2402 4071 2454 4109 et
2486 4054 2664 4128 spald.
2698 4057 2778 4107 lta
2809 4072 2947 4126 qno-

854 4131 1046 4201 omittit
1058 4132 1210 4182 Voss.
1229 4129 1260 4183 3
1275 4152 1286 4181 :
1303 4129 1692 4201 bene.-—Certe,
1715 4132 1858 4207 quod
1944 4154 2045 4209 que
2059 4148 2182 4190 vett.
2205 4135 2324 4191 edd.
2342 4138 2452 4208 Nec
2468 4134 2619 4189 video
2642 4153 2737 4187 cur
2755 4151 2948 4187 recen-
