3200 5150
805 540 889 611 36

1098 539 1193 607 Μ.
1236 539 1415 606 FAB.
1452 512 2083 623 QUINTIL'IANUS
2119 537 2585 605 vanom.

800 691 951 737 ram
975 719 996 754 ,
1028 660 1181 764 jam
1222 660 1531 735 emittere
1574 660 1976 761 inciperem.
2021 662 2204 732 Nam
2239 659 2383 760 ipse
2417 687 2533 734 eos
2564 658 2886 733 nondum

799 779 956 851 satis
1003 777 1340 878 opinabar
1386 775 1843 849 maturuisse:

1897 775 2154 875 quibus
2200 775 2702 875 componendis
2724 834 2744 867 ,
2786 774 2890 849 uti

800 893 927 966 scis
953 950 973 983 ,
1017 888 1228 992 paulo
1261 888 1418 991 plus
1452 917 1668 989 quam
1703 888 2122 979 biennium,
2165 909 2268 961 tot
2307 888 2565 989 alioqui
2599 888 2893 989 negotiis

800 1007 1138 1080 districtus
1150 1004 1536 1105 ,impendi:
1559 1004 1750 1104 quod
1769 1024 2046 1103 tempus
2065 1029 2209 1076 non
2229 1024 2371 1076 tam
2391 1002 2609 1103 stylo¹
2629 1030 2890 1106 ,quam

797 1120 1227 1224 inquisitioni
1268 1119 1555 1193 instituti
1598 1118 1823 1219 operis
1865 1144 2081 1218 prope
2124 1117 2424 1208 infiniti,
2472 1138 2540 1192 et
2580 1117 2894 1217 legendis

694 1260 764 1307 a
802 1236 1232 1325 auctoribuS,
1266 1234 1387 1334 qui
1427 1256 1591 1307 sunt
1629 1232 2215 1324 innumerabiles,
2260 1175 2502 1306 dattim
2546 1253 2668 1307 est.
2710 1236 2894 1306 Usus

798 1350 1063 1425 deinde⁴
1083 1349 1349 1422 Horatii
1382 1347 1669 1424 consilio
1690 1406 1709 1441 ,
1744 1349 1866 1451 qui
1899 1348 1973 1421 in
2007 1369 2149 1422 arte
2183 1348 2453 1448 poetica
2483 1349 2766 1441 suadet,
2800 1375 2891 1421 ne

797 1465 1261 1567 praecipitetur
1291 1463 1536 1554 editio,

1013 1638 1174 1652 .....
1194 1616 1503 1669 nonumque
1524 1610 1797 1669 prematur
1821 1598 1877 1650 in
1901 1615 2101 1651 annum
2126 1598 2147 1622 ²
2161 1634 2182 1664 ,

798 1702 1054 1776 dabam
1084 1701 1164 1774 iis
1197 1701 1419 1774 otium
1442 1759 1462 1793 ,
1496 1722 1575 1773 ut
1600 1701 2000 1801 refrigerato
2035 1701 2449 1775 inventionis
2483 1726 2758 1793 amore,
2791 1701 2890 1775 di-

726 1830 763 1885 3
799 1817 1121 1918 ligentius
1151 1815 1467 1916 repetitos
1490 1836 1853 1915 tamquam
1879 1815 2094 1889 lector
2114 1815 2647 1916 perpenderem.
2671 1816 2806 1889 Sed
2832 1818 2890 1889 si

795 1952 1151 2032 tantopere
1180 1930 1669 2030 efflagitantur,
1698 1956 1914 2030 quam
1939 1950 2014 2002 tu
2038 1932 2346 2003 affirmas
2363 1988 2382 2023 ,
2408 1930 2892 2029 permittamus

795 2047 948 2120 vela
969 2045 1185 2119 ventis
1204 2102 1223 2134 ‚
1256 2067 1323 2118 et
1354 2072 1548 2117 oram
1576 2044 2001 2118 solventibus
2020 2043 2049 2089 ³
2075 2045 2257 2118 bene
2291 2071 2682 2145 precemur.
2705 2045 2893 2119 Mul-

793 2183 947 2234 tum
970 2181 1204 2232 autem
1231 2160 1303 2230 in
1329 2178 1447 2230 tua
1470 2184 1752 2258 quoque
1779 2158 1914 2232 fide
1940 2186 2020 2233 ac
2046 2159 2402 2260 diligentia
2427 2160 2729 2260 positum
2755 2182 2888 2251 est,

793 2297 875 2349 ut
902 2275 975 2347 in
1000 2299 1251 2345 manus
1273 2272 1653 2345 hominum
1677 2299 1892 2374 quam
1923 2274 2466 2348 emendatissimi
2488 2274 2789 2348 veniant.

874 2461 893 2497 ι
906 2484 918 2497 .
929 2441 1098 2514 stylo.
1108 2440 1380 2496 scribendi
1393 2439 1579 2494 labori.
1590 2442 1671 2494 De
1689 2460 1803 2495 ora-

792 2526 954 2578 tionis
969 2520 1148 2575 indole
1163 2523 1302 2574 enim
1317 2540 1427 2573 non
1438 2520 1797 2593 cogitandum.

871 2623 918 2657 2.
941 2604 1007 2655 In
1031 2602 1157 2654 Arte
1174 2602 1392 2673 poetica.
1416 2605 1564 2652 Vers.
1592 2602 1713 2655 388.
1740 2631 1799 2641 —

793 2685 1088 2739 Prematur.
1116 2682 1274 2735 Domi
1302 2682 1636 2733 contineatur
1663 2700 1800 2754 opus

795 2764 1073 2834 scriptum:
1095 2778 1269 2832 neque
1292 2761 1431 2812 enim
1450 2759 1612 2813 editio
1632 2762 1802 2833 premi

794 2853 991 2914 potest.
1018 2842 1177 2891 Bou..

868 2922 919 2974 3.
937 2922 1092 2974 Oram
1102 2917 1424 2973 solventibus.
1443 2918 1599 2971 oram
1614 2920 1798 2972 funem

794 3001 1068 3051 nauticum
1103 3016 1244 3064 esse,
1284 3014 1389 3068 quo
1433 2999 1578 3050 navis
1616 2995 1796 3067 allige-

795 3092 900 3145 tur,
928 3079 1051 3130 satis
1080 3088 1300 3149 apparet
1327 3094 1390 3126 ex
1418 3074 1548 3127 loeis
1571 3075 1796 3128 Livianis

793 3156 831 3211 l.
863 3158 1009 3209 xxll
1024 3195 1041 3223 ,
1078 3174 1125 3208 c.
1167 3173 1229 3224 19
1250 3176 1263 3205 z
1308 3176 1332 3201 ι
1349 3152 1579 3204 Vixdum
1614 3172 1797 3208 omnes

798 3259 822 3284 α
843 3234 1288 3300 conscenderant,
1307 3251 1472 3304 quum
1491 3232 1579 3285 alii
1591 3232 1797 3286 resolu-

798 3336 826 3361 ι
844 3317 907 3368 tis
920 3316 1018 3367 oris
1025 3317 1079 3366 in
1091 3330 1312 3365 ancoras
1324 3309 1647 3364 evehuntur·
1666 3332 1679 3363 z
1692 3325 1793 3364 etc.

791 3394 855 3447 L.
885 3395 1132 3460 xxvlu,
1165 3391 1266 3443 36:
1308 3412 1330 3436 οι
1351 3388 1565 3441 trahunt
1595 3388 1796 3457 scalas.‚

796 3494 823 3519 ι
843 3491 1055 3545 orasque
1068 3485 1121 3523 et
1135 3488 1414 3522 ancoras...
1436 3466 1744 3540 praecidunt.
1767 3492 1789 3516 n

788 3550 1023 3605 Consule
1060 3549 1127 3602 ad
1168 3551 1266 3601 ista
1302 3546 1421 3598 loca
1457 3546 1796 3602 Drakenbor-

787 3629 1036 3682 ehianam
1081 3627 1383 3681 editionem.
1434 3626 1567 3678 Item
1615 3639 1797 3679 noster

1888 2443 1924 2496 l.
1954 2445 2043 2511 lv,
2070 2463 2119 2496 c.
2153 2463 2216 2510 ιι,
2248 2442 2294 2515 ς.
2324 2444 2423 2512 4ι,
2447 2442 2692 2499 solvimus
2713 2462 2890 2512 omn,

1888 2540 2063 2595 neque
2107 2522 2182 2575 ibi
2227 2522 2515 2596 quidquam
2552 2527 2781 2578 variatur
2820 2525 2893 2578 ab

1888 2599 2027 2655 Aldo
2051 2615 2104 2654 et
2126 2601 2295 2655 codd.
2320 2603 2461 2656 Scita
2490 2616 2569 2655 est
2589 2603 2890 2657 observatio

1886 2681 2106 2734 Gesner-i
2131 2683 2188 2734 in
2210 2681 2483 2734 Thesauro
2498 2719 2516 2749 ,
2541 2681 2705 2735 videri
2732 2701 2890 2736 usum

1886 2759 2132 2813 vocabuli
2157 2761 2322 2813 fuisse
2348 2759 2495 2833 plebi
2520 2773 2574 2813 et
2599 2763 2726 2833 ipsis
2753 2779 2890 2814 nau-

1885 2840 1950 2890 tis
1970 2838 2315 2910 peculiarem,
2335 2852 2393 2890 ut
2411 2853 2630 2911 propter
2642 2840 2888 2913 idipsum

1884 2931 2022 2970 esset
2045 2919 2210 2970 rarior
2227 2917 2370 2990 apud
2388 2920 2686 2991 scriptores.
2708 2921 2884 2974 Sem.

1883 3025 1957 3035 --
1974 2997 2060 3048 Or.
2085 2995 2211 3049 solv.
2242 2999 2285 3050 E
2304 3007 2464 3069 portu
2481 3036 2498 3064 ,
2522 3017 2551 3050 e
2576 2996 2749 3051 littore
2774 2998 2887 3051 sol-

1884 3075 2153 3140 ventibus3
2172 3075 2317 3147 quod
2329 3078 2653 3130 inusitatum.
2668 3077 2773 3130 Alii
2791 3097 2890 3149 per

1886 3172 2033 3205 oram
2059 3154 2356 3226 intelligunt
2382 3156 2564 3208 funem
2595 3160 2885 3210 nauticum.

1884 3231 2018 3285 Vide
2027 3233 2183 3286 Liml.
2194 3236 2359 3302 XXII,
2374 3254 2421 3288 c.
2440 3253 2521 3306 19,
2538 3235 2638 3290 etl.
2651 3238 2887 3304 xxvm,

1885 3330 1933 3364 c.
1954 3311 2040 3365 36.
2065 3310 2257 3365 Fabius
2277 3313 2514 3366 eamdem
2531 3335 2718 3368 vocem
2735 3334 2883 3368 usur-

1880 3403 2002 3461 pat,
2024 3390 2057 3442 Ι.
2073 3393 2170 3457 lv,
2188 3408 2235 3442 c.
2260 3409 2320 3457 α,
2338 3391 2382 3462 ς.
2404 3391 2467 3459 4ι
2489 3413 2503 3445 2
2522 3393 2889 3447 Sublatoesuut

1882 3468 2147 3535 anchore,
2176 3468 2421 3525 solvimus
2451 3490 2627 3538 emm,
2656 3474 2888 3545 provecti

1881 3565 2072 3601 summ.
2101 3549 2257 3601 Rom..
2284 3579 2358 3589 —
2388 3550 2563 3604 oram.
2589 3551 2720 3606 cod„
2754 3571 2882 3606 nos·

1881 3639 1965 3678 ter
1985 3628 2178 3698 Regius
2196 3629 2247 3694 1,
2268 3647 2470 3681 aunam.
2496 3632 2712 3684 Ευιτοιι.

876 3787 959 3852 Ν.
983 3783 1055 3850 Β.
1096 3781 1342 3851 Omnes
1369 3799 1578 3860 notoe,
1594 3807 1753 3875 quoe
1779 3786 1848 3849 in
1883 3799 2012 3851 toto
2036 3807 2228 3871 opere
2254 3785 2432 3851 nullo
2458 3787 2892 3877 insignium

790 3886 1088 3959 nomine,
1120 3896 1274 3948 sunt
1312 3878 1402 3950 G.
1443 3880 1523 3946 L.
1560 3878 1894 3972 «Spalding
1925 3880 2335 3948 addat-endan.
2383 3883 2574 3950 Alioe
2612 3884 2888 3951 subscri·-

790 3979 1029 4049 buntw·
1049 3982 1167 4048 vel
1191 3982 1394 4047 Bou..
1423 3981 1543 4047 vel
1564 3982 1687 4047 En.
1716 3980 1836 4047 vol
1856 3982 2108 4064 Tuan„
2138 3995 2301 4060 ete„
2325 3998 2446 4050 etc.
2477 3984 2759 4051 Em‘ron.

1693 4260 1974 4280 than-n-
