3200 5150
766 500 888 568 108

1324 498 1417 563 M.
1456 497 1686 562 FABII
1722 495 2278 581 QUINTILIANI

758 621 983 722 operis
1010 620 1348 721 dignum?
1394 642 1515 693 aut
1540 620 1696 720 quis
1723 620 1856 692 hoc
1893 621 2144 709 nescit,
2189 620 2357 693 alios
2389 620 2857 693 barbarismos

755 737 1110 811 scribendo
1156 736 1342 826 fieri,
1378 735 1547 807 alios
1582 736 1978 835 loquendo?
2008 736 2174 834 quia
2195 792 2215 822 ‚
2249 736 2442 834 quod
2479 735 2663 808 male
2695 736 2861 808 scri—

758 854 979 942 bitur,
1023 851 1206 925 male
1241 851 1449 924 etiam
1482 851 1619 923 dici
1653 877 1929 923 necesse
1963 872 2100 940 est;
2147 850 2268 949 qui
2304 850 2539 922 vitiose
2578 850 2821 923 dixerit
2842 905 2862 937 ,

758 995 904 1040 non
949 968 1188 1067 utique
1231 988 1298 1040 et
1335 967 1583 1066 scripto
1625 986 1881 1066 peccat.
1935 965 2119 1037 Illud
2160 965 2354 1065 prius
2391 966 2768 1065 adjectione
2793 981 2810 1010 ¹
2836 1025 2856 1055 ‚

758 1085 1211 1170 detractione,
1252 1088 1761 1169 immutatione,
1800 1087 2402 1171 transmutatione;
2445 1081 2578 1153 hoc
2615 1108 2864 1154 secun-

758 1195 975 1286 dum,
1013 1199 1378 1283 divisione,
1412 1196 1921 1295 complexione,
1962 1202 2415 1298 aspiratione,
2452 1223 2617 1273 sono
2646 1198 2864 1270 conti-

691 1340 719 1393 7
759 1312 953 1386 neri?
980 1312 1118 1385 Sed
1135 1368 1156 1401 ,
1187 1334 1265 1384 ut
1288 1340 1495 1412 parva
1519 1313 1659 1385 sint
1689 1311 1833 1384 haec
1853 1368 1872 1400 ‚
1907 1313 2106 1411 pueri
2132 1312 2469 1384 docentur
2489 1311 2719 1384 adhuc
2742 1369 2762 1400 ‚
2795 1334 2864 1384 et

757 1428 1249 1528 grammaticos
1269 1427 1482 1500 officii
1506 1428 1614 1498 sui
1642 1453 2200 1500 commonemus,
2233 1429 2332 1497 Ex
2353 1426 2609 1524 quibus
2633 1427 2686 1499 si
2708 1427 2861 1525 quis

760 1543 886 1614 erit
908 1542 1115 1641 plane
1142 1542 1499 1641 impolitus
1516 1599 1539 1631 ,
1567 1564 1635 1614 et
1657 1541 2075 1613 vestibulum
2106 1541 2318 1614 modo
2344 1542 2501 1612 artis
2523 1540 2737 1641 hujus
2759 1541 2867 1613 in-

758 1683 1068 1756 gressuS,
1113 1659 1291 1730 intra
1327 1657 1516 1745 haec,
1562 1684 1719 1755 quae
1763 1657 2239 1754 profitentium
2279 1656 2863 1729 commentariolis

756 1772 1033 1871 vulgata
1065 1794 1228 1845 sunt
1249 1830 1269 1862 ‚
1322 1773 1684 1845 consistet:
1730 1772 2065 1843 doctiores
2100 1771 2324 1843 multa
2357 1770 2722 1871 adjicient3
2755 1771 2860 1843 vel

757 1886 890 1959 hoc
917 1887 1228 1986 primum
1247 1945 1267 1978 ‚
1299 1887 1490 1986 quod
1513 1887 2011 1962 barbarismum
2033 1886 2349 1985 pluribus
2370 1886 2598 1958 modis
2617 1886 2866 1985 accipi·

688 2023 722 2075 8
758 2029 939 2074 mus,
993 2004 1280 2093 Unum,
1334 2003 1411 2076 in
1437 2020 1634 2100 qente
1661 2017 1731 2090 ²,
1778 2001 1983 2102 quale
2013 2002 2133 2091 sit,
2179 2002 2234 2074 si
2274 2001 2429 2100 quis
2461 2002 2724 2099 Afrum
2755 2002 2862 2073 vel

755 2123 1145 2219 Hispanum
1180 2120 1444 2191 Latinae
1479 2118 1770 2191 orationi
1809 2147 2072 2193 nomen
2108 2120 2399 2207 inserat,
2443 2138 2522 2189 ut
2558 2120 2860 2205 ferrum,

757 2260 900 2332 quo
945 2254 1105 2305 rotae
1147 2233 1592 2324 vinciuntur,
1655 2234 1790 2306 dici
1837 2234 2011 2306 solet
2054 2231 2380 2321 canthus;
2428 2260 2860 2332 quamquam

758 2375 875 2436 eo,
910 2369 1271 2447 tamquam
1305 2370 1576 2449 recepto
1598 2406 1618 2440 ,
1655 2350 1871 2422 utitur
1896 2349 2166 2421 Persius
2195 2346 2258 2438 ³3
2295 2349 2470 2419 sicut
2493 2347 2806 2420 Catullus
2827 2347 2862 2412 4

752 2464 1131 2566 ploxenum
1148 2463 1175 2510 ⁵
1199 2463 1379 2537 circa
1399 2465 1672 2539 Padum
1694 2466 1980 2556 invenit,
2000 2488 2067 2538 et
2085 2466 2163 2538 in.
2179 2465 2485 2537 oratione
2499 2463 2859 2555 Labieniss,

752 2648 812 2698 in
830 2646 1086 2717 scriptura
1102 2645 1380 2716 promissor
1395 2646 1597 2718 placet,
1620 2646 1766 2719 quod

755 2722 840 2774 liic
858 2742 1152 2794 pronomen
1172 2738 1250 2776 est
1268 2727 1323 2776 in
1339 2743 1401 2776 ea
1416 2763 1434 2791 ‚
1454 2744 1564 2777 non
1583 2725 1764 2778 adver—

754 2800 903 2853 bium
925 2801 1063 2867 loci,
1086 2814 1145 2853 ut
1166 2805 1221 2854 in
1244 2817 1474 2876 recepta.
1514 2806 1664 2856 Hanc
1687 2817 1765 2856 ta-

754 2897 905 2945 men,
934 2897 964 2930 a
987 2880 1222 2932 Gesnero
1252 2900 1281 2932 e
1310 2896 1433 2934 vett.
1466 2882 1593 2936 edd.
1620 2901 1766 2936 revo-

751 2970 953 3024 catam,
971 2958 1186 3030 reliqui.‚
1206 2974 1264 3013 ut
1284 2960 1543 3014 tironibus
1560 2959 1765 3013 facilio-

750 3056 877 3090 rem.
904 3068 977 3077 —
998 3039 1284 3104 Promisso,
1304 3041 1365 3091 R.
1393 3057 1455 3106 2,-
1476 3039 1536 3105 5,
1556 3039 1607 3091 6.
1635 3041 1765 3091 Pro-

750 3117 947 3182 missor‚
960 3119 1029 3172 Β.
1047 3134 1092 3184 1,
1106 3120 1266 3170 Cum.
1284 3120 1401 3170 Cn.
1419 3118 1520 3170 Εά.
1537 3148 1611 3158 --
1628 3118 1767 3189 Quid

749 3194 891 3247 liic...
917 3196 1154 3269 dignum.
1189 3196 1277 3249 Ob
1302 3196 1491 3249 oculos
1514 3210 1627 3248 erat
1649 3198 1764 3249 Ho-

752 3289 847 3327 rat.
870 3278 981 3327 Art.
1004 3290 1157 3348 poet„
1184 3275 1299 3328 138.
1320 3274 1441 3328 vid.
1463 3277 1577 3330 init.
1602 3289 1759 3328 notae.

829 3370 872 3405 1.
898 3353 1215 3426 Aaeijeetione.
1249 3356 1373 3406 Non
1401 3353 1493 3407 dat
1523 3372 1629 3425 pra
1655 3352 1761 3406 hoc

749 3431 910 3485 Goth.
944 3432 1243 3497 additione,
1286 3445 1343 3483 ut
1374 3433 1535 3484 refert
1566 3432 1724 3484 Gesn.
1742 3470 1760 3498 ‚

750 3530 925 3582 neque
940 3510 1077 3561 ullus
1090 3510 1221 3563 cod.
1234 3548 1253 3576 ‚
1272 3511 1372 3561 etsi
1385 3508 1621 3581 plurimae
1637 3509 1756 3561 edd.

826 3607 873 3640 2.
895 3591 961 3641 In
974 3600 1153 3661 gente,
1174 3591 1235 3640 R.
1262 3604 1306 3653 t,
1323 3606 1418 3659 pro
1430 3598 1601 3660 qente.
1621 3591 1682 3640 R.
1709 3606 1759 3655 2,

752 3671 816 3732 3,
850 3669 911 3734 4,
941 3670 1190 3718 omittunt
1211 3669 1656 3738 praepositionem.
1688 3696 1763 3707 —

756 3748 817 3798 In
830 3757 998 3818 gente.
1018 3748 1258 3799 Donatus
1274 3745 1507 3819 appellat
1525 3746 1760 3798 barbara-

752 3825 918 3890 lexin,
943 3825 1156 3895 quando
1177 3827 1453 3897 peregrino
1474 3824 1637 3878 verbo
1658 3828 1758 3877 uti-

752 3923 887 3970 mur,
911 3918 971 3956 ut
992 3906 1227 3977 Hispano
1252 3918 1343 3956 aut
1365 3904 1584 3958 Gallico.
1612 3907 1704 3957 En.

823 3984 871 4034 3.
900 3984 1115 4037 Persius.
1146 3985 1249 4037 Sat.
1278 3989 1341 4050 V,
1365 4004 1438 4036 vs.
1467 4001 1553 4053 71.
1586 3987 1757 4036 «Ver-

757 4085 778 4106 α
800 4074 996 4113 tentem
1010 4080 1125 4114 sese
1145 4064 1335 4116 frustra
1352 4062 1621 4116 sectabere
1635 4081 1756 4112 can-

757 4161 777 4186 u
801 4137 965 4190 thum.
985 4163 1007 4187 n
1040 4142 1225 4192 Afrum
1246 4159 1312 4193 an
1336 4142 1630 4213 Hispanum
1651 4139 1757 4192 hoc

750 4218 1027 4274 crediderit
1058 4220 1378 4274 vocabulum
1399 4222 1501 4289 Qu.
1521 4258 1537 4289 ‚
1568 4222 1653 4272 vix
1681 4219 1758 4273 di-

1855 2666 1959 2700 cas.
1976 2647 2145 2701 Nobis
2157 2659 2401 2719 apparet,
2417 2663 2564 2698 oram
2578 2661 2864 2716 corporum

1854 2739 2137 2778 extremam
2151 2728 2205 2778 in
2220 2724 2748 2794 Germanicislinguis
2767 2743 2861 2795 ap-

1852 2805 2042 2877 pellari
2059 2808 2132 2858 itu
2147 2843 2164 2870 .‚
2190 2824 2303 2875 que
2324 2803 2608 2876 appellatio
2629 2805 2787 2855 etiam
2804 2806 2861 2854 in

1853 2883 2089 2935 Italicam
2105 2898 2317 2956 recepta
2342 2896 2420 2936 est
2436 2920 2453 2948 ‚
2476 2901 2631 2935 sensu
2655 2882 2859 2934 latiore.

1933 2961 1986 3028 4.,
2023 2961 2272 3015 Catullus.
2311 2963 2462 3031 Epig.
2500 2961 2568 3029 89
2583 2998 2601 3025 ‚
2636 2958 2667 3012 5
2684 2997 2701 3026 ‚
2732 2959 2858 3010 62...

1860 3062 1883 3086 α
1898 3039 2083 3092 dentes
2099 3038 2763 3111 sesquipedale3‚Gingivas
2777 3057 2865 3091 ve-

1860 3141 1883 3164 α
1901 3138 1962 3170 ro
1991 3117 2207 3191 ploxeni
2238 3117 2400 3169 habet
2422 3120 2626 3169 veteris.
2650 3141 2673 3165 n
2700 3117 2862 3188 Apud

1857 3197 2121 3252 cantuum
2143 3197 2456 3270 plerumque
2479 3215 2575 3267 per
2596 3214 2649 3247 m
2674 3195 2861 3248 scribi·

1852 3288 1939 3327 tur
1952 3276 2253 3347 ploxemum
2266 3313 2283 3336 ,
2306 3273 2449 3346 apud
2467 3277 2680 3325 Festum
2693 3272 2864 3344 ploxi-

1851 3372 2013 3404 mum.
2066 3353 2229 3421 Quod
2268 3352 2335 3404 de
2376 3369 2507 3404 voce
2549 3353 2862 3403 Germanica

1845 3431 1994 3507 pfluq
2010 3434 2244 3501 cogitant
2257 3435 2366 3482 VV.
2384 3432 2482 3482 DD
2498 3428 2566 3481 ad
2575 3428 2861 3496 Catullum,

1849 3511 1904 3562 id
1929 3510 2140 3581 quidem
2164 3510 2392 3562 alienum
2411 3523 2492 3561 est
2514 3508 2582 3560 ab
2603 3512 2859 3580 interpre-

1850 3592 2049 3642 tatione
2069 3591 2225 3654 Festi,
2251 3607 2408 3660 quam
2427 3588 2546 3641 vide
2564 3591 2620 3644 in
2639 3590 2858 3642 Lexicis.

1905 3667 1954 3720 5.
1968 3666 2278 3721 Ρὶωεεηανη.
2293 3671 2477 3720 Festus
2485 3671 2668 3741 Pomp.
2684 3666 2860 3718 Plexi-

1850 3764 1996 3798 mum
2007 3784 2024 3811 ,
2044 3760 2096 3798 et
2111 3749 2438 3818 interpretat.
2456 3747 2856 3817 capsameuv.

1920 3825 1970 3876 6.
2005 3825 2215 3876 Labieni
2239 3865 2270 3876 ..
2311 3824 2456 3876 Gaui
2485 3835 2572 3876 est.
2600 3825 2719 3876 Jam
2743 3836 2856 3874 tum

1846 3906 2005 3974 igitur
2022 3902 2089 3956 de
2107 3903 2264 3975 hujus
2285 3906 2339 3956 iu
2351 3902 2643 3956 Pollionem
2662 3905 2858 3954 oratio-

1847 3985 1927 4035 nis
1956 3996 2170 4036 auctore
2202 3981 2556 4035 dubitabatur.
2598 3980 2855 4052 Equidem

1847 4060 2044 4112 nullam
2065 4064 2178 4131 ejus
2197 4074 2444 4132 praeterea
2466 4060 2610 4132 apud
2633 4062 2860 4130 scripto*

1845 4159 1932 4194 res
1962 4142 2283 4192 mentionem
2314 4142 2540 4191 invenio.
2576 4142 2640 4192 Et
2661 4139 2862 4192 Labie-

1847 4238 1947 4274 nus
1967 4257 1987 4286 ,
2010 4219 2147 4274 filius
2171 4238 2296 4276 sane
2321 4223 2466 4290 ejus,
2497 4218 2708 4288 qui-lul.
2737 4219 2858 4271 Cae-
