3200 5150
703 473 1358 542 INSTITUTIONIS
1394 474 1651 541 ORAT.
1691 477 1853 543 LIB.
1896 479 1954 560 Ι,
2005 500 2104 548 ιο.

2336 483 2462 550 225

354 604 558 686 scire,
588 604 718 671 nisi
750 598 1034 688 litteras,
1065 598 1453 670 confitetur.
1492 600 1986 699 Aristophanes
2009 631 2290 703 quoque
2314 633 2465 689 non

359 741 504 785 uno
532 712 709 786 libro
733 727 752 757 ¹
787 713 883 785 sic
914 712 1177 785 institui
1212 739 1463 812 pueros
1493 715 1875 814 antiquitus
1903 717 2135 790 solitos
2168 747 2311 794 esse
2344 722 2465 793 de-

355 848 730 900 monstrat:
761 848 827 900 et
856 828 1045 927 apud
1078 822 1556 900 Me'nandrum
1576 884 1595 918 ,
1624 829 1699 935 in
1728 832 2258 932 Hypobolimaeo
2274 849 2326 921 ²,
2357 862 2467 907 se-

354 972 520 1035 nes,
551 943 980 1044 reposcenti-⁹·
1011 943 1240 1016 filium
1275 945 1451 1043 patri
1480 945 1670 1018 velut
1694 948 2033 1021 rationem
2067 950 2466 1049 impendio-

354 1086 543 1150 rum,
560 1087 716 1160 quae
742 1060 816 1131 in
837 1059 1324 1132 educationem
1347 1060 1718 1134 contulerit
1734 1060 1791 1153 4,
1816 1091 2179 1163 opponens
2202 1064 2256 1155 ⁵,
2286 1066 2465 1166 psal-

355 1284 515 1338 quam
547 1266 1059 1338 improbissimorum
1087 1264 1365 1318 hominum

351 1345 627 1416 exempla,
653 1344 723 1396 ad
751 1357 925 1416 partes
953 1359 1126 1397 vocat.
1152 1347 1360 1396 Timon.

351 1426 497 1494 Rip„
516 1423 621 1475 vol.
642 1426 692 1489 1,
717 1444 771 1496 p.
806 1442 931 1490 too,
958 1423 1051 1476 ubi
1069 1424 1188 1477 vide
1212 1427 1366 1477 Hem·

353 1503 692 1556 sterhusium.

430 1602 474 1636 ι.
497 1583 919 1656 Aristophanes...
944 1583 1090 1635 libro.
1115 1584 1360 1635 Rectissi-

352 1681 439 1714 me
466 1663 730 1715 Gesnerus
762 1661 922 1715 haeret
953 1664 1009 1724 in
1044 1679 1177 1713 voce
1212 1661 1357 1727 libro.

352 1745 497 1812 Quin
522 1745 662 1795 enim
689 1743 757 1795 de
780 1744 988 1795 comico
1015 1755 1200 1812 agatur
1221 1744 1362 1794 Aris-

352 1820 616 1893 tophane,
636 1820 867 1874 dubitari
885 1822 1086 1892 nequit.
1108 1823 1187 1873 De
1204 1820 1363 1873 fabu-

349 1899 522 1952 larum
556 1902 813 1971 scriptore
845 1914 1023 1952 autem
1056 1901 1175 1969 quis
1212 1898 1364 1951 libros

350 1982 611 2051 usurpat?
637 1982 989 2033 Consentiunt
1014 1981 1069 2031 in
1093 1993 1364 2050 receptam

353 2078 537 2111 omnes
577 2073 628 2111 et
661 2059 830 2113 Codd.
871 2072 925 2112 et
962 2058 1082 2112 edd.
1123 2057 1226 2111 Sed
1261 2077 1361 2129 ego

351 2139 570 2191 Gesneri
598 2141 960 2208 conjecturam
986 2136 1098 2188 loco
1112 2174 1130 2202 ‚
1157 2139 1362 2188 verissi-

351 2235 492 2271 mam
515 2229 677 2288 puto:
705 2230 763 2267 ut
789 2229 842 2267 et
864 2214 1153 2289 Gedoynus
1182 2213 1362 2267 reddi-

352 2295 428 2348 dit
450 2319 461 2347 ε
495 2319 517 2342 ιι
537 2297 623 2348 Εη
635 2294 761 2367 plus
775 2294 900 2347 d'un
920 2295 1140 2348 endroit.
1163 2318 1185 2342 u
1209 2295 1360 2348 Simi-

352 2377 412 2430 lis
452 2395 598 2429 error
635 2389 714 2428 est
750 2374 818 2428 ad
855 2379 930 2443 Π,
971 2394 1057 2442 21,
1099 2375 1193 2442 ι3,
1225 2374 1357 2427 Cod.

350 2461 503 2511 Voss.
536 2459 604 2523 3,
636 2476 735 2529 pro
761 2458 937 2530 primo
972 2456 1100 2509 libro
1131 2458 1361 2509 vicissim

350 2535 523 2589 dantis
539 2537 712 2608 primo
734 2535 866 2599 [οι-0,·
887 2540 944 2591 it.
961 2539 1047 2605 111,
1066 2536 1118 2604 6,
1139 2534 1223 2606 59.
1241 2538 1361 2589 Jam

350 2616 445 2669 ubi
468 2617 573 2669 hoc
597 2617 921 2670 demonstret
945 2618 1326 2689 Aristophanes
1342 2656 1359 2684 ,

349 2697 568 2765 insignis
600 2709 679 2747 est
706 2695 857 2748 locus
885 2699 1114 2767 Equitt.,
1138 2717 1186 2749 v.
1231 2697 1326 2749 188
1343 2735 1360 2763 ,

352 2774 455 2844 89:
507 2769 612 2823 odsi
649 2769 871 2838 μουσικιῗν
917 2774 1192 2840 inferrus-tau
1235 2767 1362 2825 Πλιῖν

350 2848 666 2920 γραμμὼτοι.
693 2852 852 2904 Vides
885 2854 999 2924 ipsa
1033 2872 1125 2918 ea,
1151 2870 1265 2923 quae
1299 2870 1363 2903 ex

351 2929 626 3003 Eupolidis
662 2933 857 2982 Marica
904 2931 1064 2982 modo
1104 2929 1363 2983 afferebat

351 3012 566 3075 Noster,
598 3008 776 3061 verba.
816 3011 901 3060 An
936 3011 1214 3061 immemor
1251 3023 1361 3060 erat

353 3090 457 3158 Qu.
477 3126 494 3154 ,
520 3086 611 3139 uhi
634 3086 745 3139 haec
770 3086 1021 3156 legisset?
1043 3090 1165 3139 Non
1189 3100 1322 3159 puto
1347 3108 1359 3137 :

352 3166 447 3220 sed
465 3165 832 3238 Aristophanis
854 3166 1040 3216 scrinia
1059 3165 1363 3237 compilavit

351 3245 603 3318 Eupolis,
646 3248 689 3297 si
728 3264 906 3297 verum
944 3258 1023 3297 est
1059 3248 1256 3296 crimen
1296 3242 1362 3294 ab

354 3325 445 3377 illo
479 3328 533 3376 in
567 3324 709 3377 hunc
743 3328 1046 3410 conjectum
1074 3323 1288 3389 Nubb„
1310 3342 1359 3374 v.

356 3403 490 3471 553,
525 3406 631 3472 54.
674 3402 740 3455 Εὖ
739 3421 908 3460 nome..
895 3442 928 3456 ..
965 3425 1048 3457 »ror
1064 3414 1215 3489 Maipa
1203 3402 1340 3454 cxiv..

349 3503 497 3550 suapte
485 3485 585 3533 ιὐλιι
592 3502 662 3536 σοι
685 3479 974 3552 Ἥκω-ρέψας
996 3469 1104 3537 ‘rotie
1128 3473 1365 3548 {paterinos

346 3558 546 3616 Ἱππίας
575 3581 714 3616 aanor
742 3562 912 3617 κακοῖς.
940 3565 1011 3614 Ut
1033 3560 1324 3614 Cleonem
1310 3578 1365 3611 ιιι

353 3629 871 3712 Equitt.A1-istoph.,
893 3641 1363 3693 sicinMan'caEu-

355 3718 494 3791 polis
527 3717 890 3809 Hyperbolum
928 3718 1191 3790 sugillavit
1224 3717 1364 3770 dicta

354 3797 493 3850 illius
537 3791 773 3859 furatus3
815 3800 915 3849 nisi
958 3797 1101 3869 quod
1140 3799 1366 3849 vicissim

355 3879 660 3929 criminatur
683 3875 902 3947 Eupolis
923 3876 1064 3947 apud
1085 3876 1362 3929 Scholiast-

354 3959 510 4011 Arist.
549 3955 690 4009 Nuh.
733 3953 852 4007 552.
887 3955 1142 4008 Caeterum
1177 3955 1366 4008 eodem

352 4034 724 4108 Aristophanis
748 4034 903 4101 loco,
927 4053 975 4086 v.
1011 4052 1028 4084 ι
1035 4035 1106 4103 93
1122 4073 1138 4101 ,
1157 4034 1227 4102 ’ιᾷ
1245 4055 1369 4100 μου·

355 4117 467 4183 νικᾷ
506 4114 635 4184 ἀνδρὶ
673 4115 964 4187 opponitur
1000 4108 1025 4162 ὅ
1060 4087 1262 4179 ἑμαθιῖς.
1302 4115 1368 4165 Et

353 4167 522 4249 Raim-
571 4195 707 4266 728,
752 4211 851 4268 29,
894 4192 1034 4244 καλοί
1070 4212 1121 4245 τι
1163 4189 1368 4261 zai-7300}

1455 1282 1578 1320 sunt
1608 1265 1648 1321 oi
1676 1266 1917 1339 τραφίισις
1950 1271 1999 1323 s’·
2023 1270 2353 1342 οιλιίστραις
2384 1270 2465 1324 καὶ

1450 1349 1603 1415 χοροῖς
1629 1348 1709 1399 suti
1729 1349 1949 1420 μουσιιιῇ.

1526 1444 1575 1478 2.
1626 1429 1908 1481 Menandr.
1955 1429 2009 1480 in
2047 1429 2463 1501 Hypobolimaeo.

1452 1507 1709 1577 Inscripta
1744 1520 1854 1558 erat
1882 1506 2065 1559 eadem
2096 1508 2277 1561 fabula
2307 1509 2467 1576 ἔγροι-

1450 1604 1525 1639 κος
1542 1623 1559 1646 ,
1607 1599 1660 1637 et
1705 1599 1828 1638 sunt
1874 1589 1987 1657 ejus
2035 1589 2247 1639 nonnisi
2291 1607 2469 1660 pauca

1449 1664 1744 1734 fragmenta
1778 1684 1809 1717 a
1841 1665 2189 1736 scriptoribus
2223 1683 2466 1735 servata,

1452 1761 1567 1814 quae
1592 1746 1892 1814 ingeniose,
1911 1758 2100 1817 praeter
2117 1745 2250 1797 alios
2275 1760 2469 1799 tractat

1450 1824 1693 1895 Toupius
1734 1825 1791 1875 in
1832 1824 2129 1875 Emendatt.
2169 1824 2238 1876 ad
2280 1824 2424 1879 Suid.
2447 1864 2466 1891 ,

1450 1922 1504 1974 p.
1532 1901 1646 1973 (ed.
1681 1901 1856 1974 Lips.)
1893 1902 1995 1956 335
2030 1922 2177 1973 seq.‚
2210 1916 2264 1955 et
2294 1905 2463 1976 Epist.

1452 1984 1565 2033 crit.
1584 2020 1600 2047 ,
1625 2001 1680 2053 p.
1708 1982 1769 2034 3ι
1802 2001 1911 2053 seq.
1938 1982 2179 2054 Duplicis
2204 1997 2385 2036 autem
2408 1985 2468 2034 ti-

1452 2060 1550 2112 tuli
1574 2062 1837 2112 rationem
1858 2061 2193 2132 probabilem
2217 2063 2292 2115 sic
2316 2061 2468 2115 reddi

1451 2158 1612 2210 posse
1637 2141 1847 2210 opinor,
1871 2142 1914 2190 si
1937 2143 1982 2192 is
1998 2178 2014 2205 ,
2041 2144 2133 2211 qui
2155 2144 2209 2191 in
2233 2141 2467 2194 nobilio-

1450 2236 1564 2269 rem
1599 2230 1813 2287 gentem
1850 2231 2130 2289 parentum
2164 2218 2351 2271 fraude
2385 2233 2467 2273 est

1450 2298 1760 2368 suppositus
1777 2335 1795 2362 ,
1817 2298 1947 2349 mira
1972 2299 2262 2350 rusticitate
2287 2313 2467 2351 ortum

1449 2392 1605 2427 suum
1626 2374 1819 2445 prodat
1830 2413 1847 2439 ,
1861 2379 2014 2447 cujus
2030 2380 2325 2447 argumenti
2341 2391 2467 2430 sunt

1449 2452 1946 2505 Franco-Gallorum
1967 2454 2255 2506 comoediae.
2274 2456 2464 2526 -Hy-

1446 2532 1772 2604 pobolimoeo.
1798 2534 1876 2585 lta
1900 2534 2179 2587 Menandri
2203 2534 2466 2588 comoedia

1449 2611 1752 2664 inscribitur
1776 2611 1843 2663 ab
1863 2627 2175 2683 argumento
2194 2637 2208 2666 ε
2230 2633 2353 2666 nam
2373 2634 2465 2685 pa-

1451 2703 1531 2741 ter
1553 2689 1719 2741 filium
1745 2692 1837 2761 qui
1855 2689 2007 2743 alteri
2026 2694 2334 2764 suppositus
2352 2693 2465 2745 fue-

1450 2783 1530 2820 rat
1559 2772 1766 2840 repetit.
1792 2771 1958 2822 Tunu.

1524 2849 1573 2902 3.
1610 2849 1807 2913 Senex,
1848 2866 2034 2920 reposo.
2068 2850 2246 2903 Guelf.
2282 2853 2464 2903 inserit

1450 2927 1569 3000 qui,
1592 2946 1714 2977 cum
1731 2929 1779 2978 T
1782 2928 1908 2977 urie.
1933 2941 1985 2978 et
2004 2927 2269 2998 plerisque
2290 2928 2460 2981 Codd.

1431 3021 1504 3057 -et
1537 3020 1663 3057 vett.
1698 3005 1819 3057 edd.
1856 3006 2110 3076 Displicet
2142 3007 2255 3057 haec
2290 3009 2424 3059 ratio
2444 3045 2464 3074 ,

1451 3085 1543 3136 ubi
1565 3103 1718 3136 senex
1741 3084 1827 3134 hic
1852 3083 2229 3135 Menandricus
2253 3083 2464 3136 demon-

1449 3173 1591 3227 strat,
1607 3176 1707 3214 etc.
1725 3165 1789 3214 Et
1800 3159 2042 3213 videntur
2057 3161 2259 3232 aliquot
2269 3161 2464 3232 Codd.,

1454 3245 1544 3313 qui
1568 3261 1677 3294 non
1701 3254 2078 3306 memorantur,
2108 3253 2331 3311 receptae
2356 3243 2465 3292 vin-

1452 3321 1595 3372 dices
1620 3339 1750 3372 esse.

1524 3401 1575 3467 4.
1634 3398 1937 3452 Contulert't.
1985 3400 2060 3450 Ita
2103 3398 2277 3450 Guelf.
2324 3397 2461 3452 Alm.

1452 3484 1606 3532 Voss.
1635 3480 1697 3546 3,
1722 3494 1773 3533 et
1797 3479 1926 3532 Obr.
1952 3481 2166 3544 Caeteri,
2192 3491 2250 3529 ut
2273 3479 2431 3531 Gesn.
2419 3516 2466 3545 .,

1454 3557 1844 3610 contulerat—
1860 3560 1920 3609 R.
1952 3575 1996 3624 ι,
2018 3557 2071 3620 3,
2090 3557 2152 3623 4,
2172 3555 2465 3607 contulerit.

1454 3641 1516 3691 R.
1544 3657 1601 3705 2,
1622 3640 1783 3690 Csur.
1807 3652 1859 3689 et
1878 3639 2027 3702 Cum,
2048 3634 2352 3687 contulerat.
2371 3638 2465 3688 En.

1525 3717 1577 3769 5.
1638 3718 1931 3789 opponens.
1987 3713 2141 3766 Multi
2185 3713 2290 3764 hoc
2316 3700 2469 3768 dant

1455 3793 1627 3848 Codd.
1663 3794 1872 3846 Adsunt
1901 3807 2075 3844 tamen
2109 3791 2462 3845 Turie.A1m.

1457 3874 1606 3926 Bodl.
1632 3889 1682 3926 et
1702 3889 1781 3926 sat
1801 3873 1976 3924 multae
1997 3870 2117 3924 edd.
2133 3884 2257 3922 vett.
2278 3883 2335 3921 ut
2349 3874 2467 3922 An-

1457 3951 1635 4004 drean.
1664 3951 1783 4003 Ald.
1812 3949 2149 4002 ostendentes
2174 3967 2465 4040 exponens,

1459 4030 1605 4102 quod
1633 4030 1838 4080 facilius
1869 4026 2157 4097 intelligas·
2190 4028 2289 4078 nisi
2319 4026 2468 4119 quod

1457 4127 1721 4200 opponens
1744 4108 2071 4178 interpretari
2095 4109 2299 4178 possis:
2329 4108 2469 4160 vicis·

1456 4190 1548 4242 sim
1575 4206 1860 4259 exponens.
1885 4205 1984 4259 pro
2009 4188 2105 4240 ista
2126 4189 2470 4262 repetitione.

2110 4275 2170 4329 15
