3200 5150
0 1251 31 1414 ung
0 1134 35 1179 Ε
0 991 31 1061 3*
3 900 34 944 ᾖ
0 639 35 827 ΞῘἬ-

0 1655 30 2336 τι--ῆιιιιτςη

0 2380 18 2740 ntur-w...

657 484 1311 557 ms'rrrUTloms
1351 487 1607 553 oRA‘r.
1648 487 1809 552 Lm.
1853 489 1946 569 11,
1996 489 2093 557 ιε.

2293 488 2425 557 335

334 616 460 689 rim
489 613 736 689 eadem
761 613 864 686 uti
884 611 1346 686 declinatione
1366 625 1387 657 ¹
1412 636 1551 711 qua
1570 610 1881 683 Ennius²
1903 614 2004 683 M.
2028 611 2421 712 Cethegum

334 731 572 807 Suadae
599 727 972 802 medullam
991 726 1020 774 3
1046 749 1263 800 vocat.
1299 727 1511 828 Apud
1538 726 1901 799 Platonem
1933 752 2215 828 quoque
2246 731 2428 802 Gor-

332 846 471 945 gias
498 846 572 918 in
602 845 819 936 libro,
846 844 968 945 qui
1002 842 1291 915 nornine
1321 841 1472 943 ejus
1499 842 1870 942 inscriptus
1899 864 2033 933 est,
2062 843 2251 915 idem
2280 845 2427 917 fere

331 960 534 1051 dicit3
563 961 686 1033 sed
712 960 895 1032 hanc
925 959 1118 1030 Plato
1147 956 1333 1029 illius
1366 956 1775 1057 opinionem
1800 958 1948 1029 vult
1981 958 2199 1057 accipi
2222 986 2249 1046 ,·
2279 982 2429 1032 non

331 1103 550 1150 suam.
587 1077 831 1151 Cicero
865 1075 1185 1177 pluribus
1215 1072 1430 1147 locis4
1459 1074 1756 1173 scripsit,
1791 1074 2074 1146 oratoris
2104 1072 2427 1148 officium

332 1217 513 1282 csse,
565 1192 788 1264 dicere
810 1195 1136 1295 ¹apposite
1183 1190 1282 1261 ad
1321 1190 1890 1289 persuadendum.
1943 1191 2027 1260 In
2076 1189 2431 1263 rhetoricis

331 1306 575 1397 etiam,
620 1328 795 1406 quos
831 1305 979 1378 sine
1015 1304 1237 1377 dubio
1269 1304 1414 1402 ipse
1452 1330 1597 1376 non
1638 1304 1922 1404 probat,
1963 1303 2227 1377 finem⁶
2269 1304 2435 1377 facit

325 1421 771 1522 persuadere:
806 1444 1049 1491 verum
1088 1439 1156 1491 et
1192 1417 1493 1519 pecunia
1536 1416 1934 1518 persuadet,
1971 1439 2040 1492 et
2076 1418 2326 1517 gratia,
2368 1438 2437 1490 et

326 1536 696 1607 auctoritas
729 1534 1058 1624 dicentiS,
1097 1554 1165 1606 et
1201 1532 1536 1633 dignitas,
1580 1554 1649 1605 et
1690 1531 2086 1631 postremo⁶
2119 1553 2435 1632 aspectus

328 1649 540 1723 etiam
562 1648 709 1750 ipse
728 1649 878 1722 sine
902 1675 1070 1722 voce
1085 1706 1104 1741 ,
1127 1676 1269 1750 quo
1285 1663 1312 1710 ⁷
1339 1649 1452 1720 vel
1476 1648 1856 1721 recordatio
1882 1647 2295 1720 meritorum
2319 1674 2443 1720 cu·-

324 1850 457 1889 tone
472 1834 558 1888 vel
578 1836 793 1889 Socrate
811 1838 866 1888 in
884 1836 1080 1905 Gorgia
1092 1873 1109 1902 ,
1131 1854 1185 1906 Ρ.
1203 1832 1338 1901 453,

324 1917 390 1968 Δ.
407 1913 517 1968 vol.
532 1912 647 1987 Rip.
668 1916 758 1982 IV,
775 1934 830 1986 Ρ.
856 1931 874 1964 1
888 1932 937 1985 7,
957 1927 1010 1966 et
1027 1915 1225 1985 passim
1243 1932 1341 1984 per

323 2008 503 2049 totum
526 1992 828 2065 Dialogum.
849 1993 984 2046 vide
1006 2011 1130 2045 mox
1153 1993 1200 2061 ς.
1227 1990 1277 2044 5.

403 2091 423 2127 1
435 2113 450 2126 .
485 2070 868 2125 Declinatt‘one.
898 2071 1073 2127 Guelf.
1107 2070 1342 2124 declara·-

1432 1856 1457 1881 ιι
1475 1833 1798 1887 suadendum
1813 1834 2213 1885 accommodate.
2230 1857 2253 1882 ιο
2269 1833 2435 1886 Acad.

1428 1916 1624 1984 Quaest.
1646 1918 1695 1982 1,
1718 1915 1748 1968 8
1770 1938 1780 1965 :
1812 1937 1837 1960 κ
1852 1916 2095 1968 Oratoria
2114 1917 2248 1967 vis...
2275 1913 2440 1988 expli-

1434 2015 1458 2041 ι
1479 1994 1645 2045 catriz
1667 1994 1921 2045 orationis
1944 2006 2212 2064 perpetuat
2235 1993 2307 2045 ad
2323 2008 2441 2065 per·

1435 2070 1801 2125 «suadendum
1847 2071 2265 2123 accommodam.
2288 2095 2311 2120 ι
2359 2074 2438 2125 De

321 2150 468 2206 tione
492 2169 619 2203 cum
635 2155 789 2203 Voss.
816 2168 843 2202 2
872 2147 1055 2220 (Goth.
1081 2168 1191 2201 non
1216 2151 1343 2201 asti-
1429 2150 1629 2202 Invent.
1665 2148 1720 2216 1,
1755 2146 1788 2201 5
1819 2149 1988 2200 initio.
2025 2150 2146 2201 Haec
2177 2150 2288 2203 fere
2316 2162 2441 2203 sunt

318 2230 658 2305 pulante).et
684 2229 806 2282 edd.
837 2228 1056 2300 aliquot.
1087 2228 1246 2281 Male.
1271 2257 1346 2268 —
1429 2232 1642 2282 inventa
1669 2246 1700 2279 a
1723 2230 1836 2279 VV.
1862 2227 1975 2278 DD.
2004 2227 2137 2279 loca.

317 2308 711 2364 Declinatione.
733 2311 773 2359 1.
794 2302 840 2359 e.
857 2306 1177 2360 formatione
1193 2325 1223 2359 a
1236 2309 1344 2378 pri-

317 2390 515 2442 mitivo
538 2386 789 2440 suadendi
810 2388 969 2439 facta.
991 2389 1250 2458 Apposite
1274 2385 1346 2438 ad

319 2467 469 2521 hanc
512 2464 872 2518 declinationis
908 2466 1345 2536 significationem

319 2544 720 2602 ostendendam
759 2546 1222 2617 Capperonnerius
1268 2544 1347 2597 af·

318 2631 430 2683 fert
448 2627 599 2693 vm,
620 2627 681 2692 3,
701 2627 768 2679 32
782 2665 799 2689 ,
828 2645 850 2671 ιι
869 2627 924 2677 in
941 2624 1344 2677 declinatione...

327 2731 353 2756 «ι
375 2705 563 2780 qualia
581 2705 805 2758 beatitas
825 2719 879 2756 et
897 2702 1227 2756 beatitudo...
1245 2721 1345 2755 nec

327 2810 353 2835 «ι
374 2806 410 2841 a
440 2783 620 2838 verbis
657 2782 819 2835 modo
853 2782 949 2835 sed
981 2799 1011 2834 a
1043 2782 1346 2834 nominibus

329 2888 355 2913 «ι
378 2879 603 2935 quoque
612 2860 861 2913 derivata.
877 2883 901 2908 a
917 2862 1349 2912 ItemVarronem

323 2944 398 2997 de
423 2943 489 2995 L.
514 2942 603 3005 L.,
624 2938 662 2991 l.
685 2941 751 3006 V,
776 2959 830 3011 p.
856 2941 967 3012 Bip.
994 2939 1095 2991 6¹:
1128 2941 1347 2992 «Primi-

331 3046 357 3070 ,ι
376 3021 545 3093 genia
572 3018 820 3071 dicuntur
844 3017 1039 3083 verba,
1067 3029 1127 3067 ut
1154 3015 1344 3090 leym...

330 3126 356 3150 ι
379 3102 589 3155 Contra
605 3093 765 3150 verba
789 3096 1050 3150 declinata
1069 3109 1218 3163 suut,
1235 3113 1349 3167 quae

332 3204 357 3228 ι
381 3178 458 3233 ab
486 3176 665 3248 aliquo
692 3179 950 3228 oriuntur.
972 3198 995 3223 ιο

408 3277 463 3311 2.
511 3255 731 3308 Ennius.
771 3258 1143 3324 Fragmentum
1179 3269 1353 3305 serva·

328 3354 457 3391 tum
487 3353 519 3387 a
543 3336 797 3387 Cicerone
820 3333 993 3401 Brut„
1017 3351 1064 3385 c.
1098 3330 1194 3398 15,
1212 3331 1353 3383 unde

327 3415 624 3471 adornavit
636 3411 896 3465 Columna
913 3414 968 3464 in
985 3429 1151 3483 ‘opere
1164 3411 1355 3462 Ennia·

325 3513 449 3559 no,
479 3511 537 3564 Ρ.
563 3493 663 3560 89,
691 3508 777 3560 9ο.
798 3490 932 3544 Vide
957 3503 1009 3543 et
1030 3489 1139 3542 Cic.
1171 3488 1238 3541 de
1265 3489 1356 3542 se-

325 3583 523 3635 nect.,
547 3588 593 3621 c.
628 3570 689 3636 14
714 3583 841 3622 extr.

413 3650 473 3703 3.
511 3648 700 3700 Suadoe
729 3646 1034 3700 medullam.
1068 3648 1223 3700 Ennii
1248 3665 1358 3699 vet·-

277 3761 282 3765 -
330 3747 436 3786 sus
469 3739 556 3778 est
582 3725 649 3778 de
671 3727 938 3798 Cethego,
968 3750 990 3774 ιι
1008 3727 1132 3779 Flos
1159 3725 1357 3779 deliba·

338 3833 366 3858 a
388 3822 491 3861 tus
515 3803 730 3876 populi,
758 3806 1038 3877 suadaeque
1059 3804 1306 3858 medulla.
1327 3830 1351 3853 ι.

328 3892 568 3946 Nomen
585 3884 691 3937 hoc
710 3888 885 3937 autem
903 3899 961 3937 ut
980 3886 1172 3938 durum
1193 3888 1357 3938 refor-

327 3968 524 4025 midat
536 3964 747 4018 Fabius.
768 3967 949 4035 ltaque
961 3983 1072 4017 non
1082 3968 1235 4017 vertit
1251 3966 1361 4038 opi-

311 4049 511 4127 ficem
523 4045 713 4112 madae,
725 4044 819 4098 sed
828 4044 1182 4117 persuadendi.
1194 4046 1360 4098 Tuan.

418 4128 483 4195 4.
511 4125 752 4178 Pluribus
770 4123 908 4178 locis.
927 4126 1007 4176 De
1026 4125 1170 4177 Orat.
1192 4125 1239 4190 1,
1262 4126 1322 4177 31
1348 4147 1361 4176 :

1504 2306 1552 2360 5.
1579 2305 1779 2359 Finem.
1802 2304 1935 2356 Vide
1964 2305 2032 2356 de
2060 2309 2260 2359 Invent.
2290 2306 2325 2358 l.
2356 2325 2403 2359 c.
2425 2324 2453 2358 z*

1436 2408 1462 2433 a
1479 2386 1599 2438 finis
1625 2383 1897 2456 (oratoriae
1920 2384 2219 2456 facultatis)
2239 2402 2444 2456 penua-

1438 2488 1463 2512 «
1481 2466 1615 2517 dere.
1636 2489 1659 2514 a
1685 2465 1791 2533 Qui
1814 2464 1965 2514 locus
1991 2477 2069 2516 est
2095 2482 2156 2515 ex
2177 2467 2360 2536 paucis
2379 2464 2445 2516 il-

1433 2545 1496 2600 lis
1513 2586 1529 2613 ,
1554 2544 1650 2598 ubi
1678 2558 1914 2597 nostram
1937 2544 2045 2595 fere
2059 2540 2193 2616 finis
2215 2543 2444 2616 (σκοποῦ)

1433 2625 1601 2696 signifi
1608 2627 1870 2676 catiouem
1886 2641 2173 2694 agnoscere
2187 2625 2443 2694 cogimur.

1433 2703 1567 2757 Vide
1593 2704 1906 2772 Heusingeri
1935 2700 2210 2767 emendd.‚
2237 2721 2291 2775 Ρ.
2318 2702 2444 2774 407.

1435 2780 1537 2836 Sed
1561 2780 1679 2832 vide
1705 2799 1767 2832 ex
1791 2781 1950 2831 fratre
1974 2794 2225 2851 nepotem
2246 2781 2313 2833 ad
2332 2783 2444 2834 Cic.

1435 2860 1545 2915 off.
1585 2861 1638 2924 1,
1675 2859 1745 2929 39
1762 2898 1777 2924 ,
1820 2875 1865 2910 1.
1906 2861 2041 2909 Petr.
2073 2860 2340 2910 Victorius
2379 2860 2449 2913 ad

1435 2939 1653 2992 Aristot.
1673 2938 1826 2990 Rhet.
1854 2933 1889 2989 l.
1912 2940 1961 3004 1,
1983 2957 2037 3008 p.
2065 2933 2129 2989 25
2149 2937 2255 3006 (ed.
2290 2937 2447 3009 1579)

1438 3021 1756 3089 suspicatur,
1767 3019 1948 3086 Quint.
1969 3016 2103 3068 male
2117 3016 2448 3068 confundere

1438 3096 1677 3170 officium
1716 3109 1769 3147 et
1786 3093 1977 3168 finem.
2016 3098 2075 3146 Iu
2110 3094 2451 3160 ποχατικιιῖὲ

1441 3178 1580 3228 enim
1595 3214 1614 3242 ,
1638 3174 1807 3246 qualis
1832 3175 1899 3226 sit
1922 3173 2185 3225 rhetorice
2199 3212 2216 3238 ,
2238 3192 2307 3226 ea
2331 3191 2447 3225 esse

1441 3256 1645 3309 diversa
1686 3253 1755 3306 ad
1784 3254 2057 3306 Ciceronis
2097 3254 2262 3324 ipsius
2300 3270 2450 3305 men-

1443 3348 1565 3387 tem.
1591 3335 1673 3385 De
1698 3334 1967 3385 locutione
1989 3331 2099 3385 sinc
2125 3331 2306 3399 dubio,
2328 3331 2450 3385 vide

1442 3413 1583 3466 dicta
1610 3410 1677 3465 ad
1700 3415 1752 3479 1,
1776 3411 1843 3478 6,
1876 3429 1952 3464 12.
1979 3409 2249 3483 Improbat
2273 3426 2451 3465 autem

1442 3493 1771 3560 rhetoricoS,
1804 3495 1911 3544 sive
1944 3486 2010 3550 de
2042 3493 2347 3544 Inventione
2384 3492 2451 3544 li-

1444 3566 1597 3640 bros,
1629 3591 1652 3619 a
1675 3574 1763 3644 qui
1788 3571 1888 3625 sibi
1913 3569 2199 3624 exciderint
2219 3594 2240 3619 n
2271 3570 2337 3623 de
2355 3573 2445 3625 Or.

1444 3655 1486 3721 1,
1499 3667 1531 3706 2
1549 3651 1809 3705 init.Vide
1823 3653 1910 3718 111,
1929 3667 1974 3719 1,
1988 3669 2052 3703 2ο
2067 3674 2081 3715 ;
2096 3651 2182 3717 111,
2194 3652 2246 3718 6,
2259 3649 2345 3717 58,
2360 3651 2446 3704 63.

1516 3732 1566 3784 6.
1597 3730 1839 3804 Diqnitas
1851 3741 1951 3803 Ι,βείὶ
1972 3741 2247 3803 posu-cmc.
2273 3729 2449 3783 Guelf.

1447 3823 1498 3864 et
1513 3809 1675 3864 Goth.
1696 3811 1839 3862 Jens.
1862 3808 1987 3879 (tae.
2003 3811 2188 3881 Gesn.)
2204 3811 2453 3861 omittunt

1448 3900 1498 3941 et
1533 3908 1655 3942 cum
1687 3893 1841 3942 Voss,
1872 3886 1908 3939 ’2
1944 3900 1996 3941 et
2026 3901 2148 3940 vett.
2183 3888 2294 3940 fere
2326 3886 2455 3954 edd,

1447 3961 1763 4037 Eleganter.⁸

1457 4041 1458 4044 ¹
1524 4061 1571 4117 7.
1593 4047 1708 4115 Quo
1720 4084 1736 4107 ,
1754 4045 1866 4097 scil.
1886 4056 2109 4117 aspectu.
2131 4041 2231 4097 Sed
2246 4042 2455 4098 videtur

1452 4127 1623 4177 inesse
1649 4121 1919 4176 scabrities
1935 4163 1951 4189 ,
1977 4136 2034 4175 ut
2057 4123 2232 4175 malim
2255 4143 2416 4196 qaum
2429 4165 2448 4191 ‚

343 4229 373 4259 a
394 4206 651 4263 oratoris
670 4205 961 4261 officium...
981 4201 1154 4257 dicere
1174 4202 1240 4255 ad
1256 4222 1367 4273 per-
1454 4207 1498 4256 si
1527 4204 1668 4257 forte
1699 4204 1984 4276 antiquitus
2013 4205 2268 4278 scriptum
2294 4207 2452 4260 fuerit

2499 1204 2536 1257 6
