3200 5150
773 506 856 574 26
1244 503 1593 572 GEonG.
1646 502 1866 570 LUD.
1915 502 2394 571 SPALDING

843 638 1141 707 usurpatus
1156 669 1172 698 ‚
1195 640 1252 686 et
1275 639 1384 686 tres
1403 630 1511 684 mei
1526 669 1546 698 .,
1571 624 1814 685 efficitur
1838 644 2104 685 numerus
2129 626 2394 685 tredecim
2417 624 2712 699 Codicum,
2733 646 2874 707 quo·

841 741 967 779 rum
993 724 1316 779 auctoritate
1340 720 1523 777 adhue
1545 723 1744 776 nititur
1762 733 1945 777 textus
1968 719 2391 793 Quintilianeus.

764 817 1001 874 rarisiis.
1036 835 1055 871 1
1070 819 1196 887 7²5·
1224 820 1282 870 F.
1307 816 1789 892 Capperonnerius
1812 825 2044 891 quantas
2065 832 2257 892 poenas
2282 814 2497 871 dederit
2518 819 2867 886 Burmanno,

841 929 875 965 a
897 927 959 966 se
982 909 1112 965 satis
1137 921 1396 985 proterve
1421 907 1705 977 lacessito,
1729 909 1896 964 etiam
1919 910 1978 963 in
1999 907 2202 985 vulgus
2226 920 2423 964 notum
2447 919 2546 963 est.
2567 911 2869 965 Verissima

843 1014 929 1060 est
952 1005 1223 1058 sententia
1241 1004 1457 1058 Ernesti
1476 999 1616 1057 Bibl.
1636 1006 1752 1056 Lat.
1775 1006 1849 1071 11,
1878 1001 1983 1074 275
1996 1042 2014 1071 ‚
2037 1002 2097 1056 in
2117 1003 2307 1058 critica
2323 1003 2536 1057 ratione
2553 1005 2869 1057 Burmanno

840 1094 1167 1153 inferiorem
1209 1093 1374 1173 longe
1413 1096 1927 1172 Capperonnerium
1965 1093 2267 1170 judicantis
2285 1134 2303 1163 ‚
2351 1105 2610 1150 caeterum
2652 1097 2769 1169 ejus
2809 1096 2869 1149 in

843 1187 1190 1260 Quintiliano
1205 1229 1223 1258 ,
1259 1190 1514 1265 inprimis
1557 1207 1589 1245 e
1626 1190 1825 1245 Graecis
1872 1186 2189 1245 rhetoribus
2236 1185 2566 1243 illustrando
2582 1227 2599 1255 .,
2642 1205 2870 1264 operam

842 1301 958 1338 non
995 1283 1459 1340 contemnendam
1496 1302 1618 1340 esse
1654 1285 1961 1341 statuentis.
2001 1280 2289 1360 Quidquid
2321 1283 2472 1337 enim
2505 1279 2787 1338 maledicit
2816 1293 2873 1337 et

843 1374 990 1431 ridet
1007 1377 1066 1431 in
1084 1375 1327 1454 Epistola
1345 1376 1417 1432 ad
1434 1374 1628 1434 Claud.
1654 1379 2165 1454 Capperonnerium
2182 1376 2386 1452 scripta
2400 1373 2488 1446 (L.
2509 1379 2565 1430 B.
2600 1394 2618 1429 1
2635 1375 2759 1447 726.
2785 1374 2870 1446 4.)

844 1469 1188 1526 Burmannus
1200 1510 1218 1539 ,
1238 1469 1540 1526 rhetorices
1560 1468 1860 1527 artificialis
1872 1471 2096 1538 notitia,
2117 1464 2294 1545 qualis
2314 1478 2433 1522 erat
2449 1466 2703 1544 profecto
2721 1467 2872 1524 haud

845 1563 1041 1637 exigua
1068 1563 1124 1618 in
1154 1567 1607 1641 Capperonnerio
1623 1604 1641 1633 ‚
1673 1566 1984 1620 necessaria
2005 1560 2170 1640 plane
2193 1573 2277 1618 est
2303 1560 2374 1617 ad
2395 1561 2871 1639 interpretandum

842 1655 1103 1726 Fabium,
1123 1659 1237 1714 imo
1256 1657 1329 1715 ad
1348 1661 1589 1736 pretium
1606 1658 1949 1715 variantibus
1974 1659 2261 1735 seripturis
2282 1655 2693 1733 assignandum.
2720 1662 2873 1714 Hane

842 1770 979 1808 vero
1002 1752 1137 1809 dum
1160 1752 1305 1809 infra
1324 1774 1383 1810 se
1400 1756 1642 1832 positam
1665 1756 1939 1810 existimat
1956 1758 2329 1822 Burmannus,
2354 1754 2681 1828 scriptorem
2711 1770 2873 1808 suum

843 1864 988 1924 soepe
1012 1867 1127 1903 non
1151 1858 1234 1904 est
1256 1859 1555 1904 assecutus.
1580 1853 1650 1904 Et
1672 1846 1923 1925 profecto
1948 1848 2088 1902 mira
2112 1856 2194 1901 est
2218 1844 2540 1922 simplicitas
2557 1885 2573 1913 ,
2598 1861 2788 1902 earum
2812 1865 2873 1902 se

844 1959 1033 1996 rerum
1060 1941 1378 2017 imperitum
1401 1951 1456 1996 et
1479 1959 1737 1997 securum
1760 1939 2008 2018 profiteri
2023 1980 2041 2009 ‚
2060 1957 2196 2016 quas
2220 1950 2418 1994 tractet
2442 1940 2679 2015 scriptor
2705 1958 2872 2015 quem

845 2032 980 2089 edis.
998 2034 1257 2089 Vicissim
1275 2037 1759 2111 Capperonnerius
1778 2032 2049 2111 puerilem
2061 2073 2078 2101 ‚
2098 2051 2168 2087 an
2183 2030 2366 2088 dicam
2380 2030 2583 2088 anilem
2595 2073 2612 2100 ,
2627 2034 2684 2086 in
2705 2032 2873 2089 hacce

845 2127 1051 2200 p'noeopu'a
1064 2127 1388 2202 jactantiam
1408 2146 1524 2203 prae
1547 2145 1608 2182 se
1631 2126 1771 2196 fert,
1796 2127 2098 2182 sexcenties
2122 2124 2347 2180 easdem
2371 2121 2760 2200 explicationes
2786 2126 2873 2180 in-

847 2235 1076 2294 gerens,
1110 2227 1165 2273 et
1197 2228 1487 2274 stemmata
1520 2217 1963 2274 futilissimarum
2000 2219 2324 2285 notionum,
2353 2235 2557 2292 magno
2581 2233 2710 2271 cum
2732 2227 2875 2271 stre-

846 2311 1002 2387 pitu,
1035 2308 1331 2378 evolvens,
1369 2309 1525 2365 velut
1559 2308 1633 2365 ad
1662 2315 1766 2381 111,
1809 2312 1878 2380 6,
1913 2311 2017 2375 863
2051 2319 2107 2365 et
2137 2314 2205 2380 V,
2253 2311 2484 2381 io‚.57‚
2521 2327 2688 2386 quem
2726 2321 2876 2365 recte

847 2399 1095 2478 explodit
1116 2405 1461 2458 Burmannus
1490 2404 1661 2478 Epist.
1686 2422 1742 2480 p.
1772 2404 1861 2473 34.
1895 2404 2157 2459 Critieam
2179 2404 2453 2457 rationem
2471 2400 2634 2478 plane
2659 2390 2877 2479 ignorat

847 2491 1024 2561 idem,
1048 2495 1156 2550 nisi
1180 2491 1355 2550 sicubi
1380 2496 1576 2549 notitia
1600 2513 1786 2551 rerum
1811 2494 1981 2572 adigit
2002 2514 2130 2551 eum
2154 2506 2209 2550 et
2232 2498 2379 2571 cogit
2402 2497 2560 2570 quasi
2580 2494 2649 2550 ad
2672 2514 2878 2572 agnos·

847 2586 1080 2644 cendam
1118 2606 1309 2643 veram
1340 2590 1701 2665 scripturam,
1737 2588 1888 2667 quod
1921 2587 2211 2667 aliquoties
2248 2592 2300 2645 ei
2335 2588 2601 2646 accidisse
2637 2592 2695 2645 in
2727 2591 2876 2647 notis

847 2695 1158 2735 monemus.
1206 2682 1386 2736 Etiam
1430 2684 1696 2739 orationis
1742 2684 1948 2739 Latinae
1994 2683 2271 2758 insignem
2314 2678 2643 2758 plerumque
2688 2681 2881 2758 prodit

846 2774 1202 2848 imperitiam.
1226 2778 1350 2829 Duo
1369 2786 1554 2830 autem
1578 2785 1708 2831 sunt
1726 2792 1848 2851 quae
1866 2778 2149 2852 aegerrime
2169 2771 2391 2829 tulerim
2412 2776 2471 2829 in
2494 2774 2603 2831 hoc
2620 2773 2845 2831 homine
2859 2817 2880 2846 ,

851 2882 1026 2919 unum
1045 2864 1197 2941 quod
1215 2869 1544 2925 Parisienses
1563 2866 1796 2923 Codices
1813 2868 1894 2940 (5)
1906 2908 1923 2936 ‚
1947 2886 2188 2943 quorum
2207 2865 2360 2921 aditu
2380 2885 2727 2944 nequaquam
2746 2887 2879 2944 pro-

848 2955 1165 3028 hibebatur,
1186 2977 1342 3029 ram,
1367 2962 1481 3016 imo
1505 2978 1820 3037 nunquam,
1844 2959 2156 3030 consuluit,
2180 2958 2331 3037 quod
2356 2962 2555 3015 merito
2579 2958 2879 3038 exprobrat

848 3052 901 3106 ei
934 3054 1280 3108 Burmannus
1310 3054 1368 3108 in
1392 3055 1561 3130 Epist.
1588 3073 1645 3130 p.
1675 3073 1764 3125 79,
1785 3052 1856 3109 ad
1880 3057 1986 3124 Qu.
2009 3057 2079 3107 VI
2090 3094 2108 3123 ,
2137 3074 2196 3122 a,
2221 3056 2284 3118 3;
2312 3073 2366 3130 p.
2389 3055 2560 3131 Capp.
2586 3055 2686 3109 361
2709 3052 2880 3120 ;altc-

848 3162 974 3201 rum
1006 3144 1159 3220 quod
1174 3184 1190 3215 ,
1215 3163 1389 3222 quum
1411 3157 1687 3223 repeteret
1709 3150 2174 3202 Burmannianam
2198 3146 2496 3202 editionem
2513 3188 2530 3217 ‚
2563 3146 2881 3204 resecandis

848 3235 1181 3314 quibusdam
1215 3238 1788 3296 animadversionibus
1826 3257 1858 3294 a
1894 3258 1953 3295 se
1992 3238 2314 3317 improbatis
2331 3279 2347 3308 ‚
2380 3258 2500 3315 quae
2536 3242 2628 3296 vix
2665 3238 2879 3316 aliquot

847 3331 1098 3410 plagulas
1131 3332 1448 3404 efficerent,
1474 3337 1867 3391 necessitatem
1899 3333 2063 3404 fecit,
2094 3346 2294 3412 praeter
2324 3355 2514 3407 suam,
2547 3348 2604 3394 et
2626 3335 2876 3393 emendae

850 3437 907 3483 et
927 3425 1247 3483 evolvendae
1269 3432 1436 3485 etiam
1461 3427 1628 3486 illius.

775 3522 1060 3596 Gottingae.
1118 3523 1277 3594 1738.
1327 3524 1379 3592 4.
1423 3525 1668 3579 Gesnero
1709 3532 1975 3597 quantum
2017 3519 2215 3577 debeat
2255 3520 2627 3593 Quintilianus
2643 3563 2661 3592 ,
2706 3540 2876 3578 nemo

850 3614 1099 3689 ignorat3
1124 3633 1305 3691 neque
1329 3632 1517 3670 meum
1536 3624 1621 3670 est
1643 3613 1713 3669 de
1732 3624 1885 3671 tanto
1909 3613 2197 3672 decessore
2219 3619 2546 3671 sententiam
2567 3614 2731 3672 ferre.

775 3705 1141 3781 Wirceburgi.
1174 3726 1191 3761 1
1207 3710 1331 3778 782.
1360 3710 1411 3763 8.
1433 3706 1875 3764 Chrestomathia
1898 3707 2284 3780 Quinctiliana.
2302 3707 2508 3765 Scholae
2528 3728 2639 3765 suae
2659 3727 2878 3764 accom-

852 3795 1132 3867 modavit,
1160 3811 1431 3877 notasque
1452 3802 1742 3890 variorum
1768 3812 1824 3857 et
1855 3819 1982 3857 suas
2015 3800 2519 3858 animadversiones
2548 3799 2748 3877 adJecit
2772 3804 2878 3856 Bo-

852 3901 1162 3947 naventura
1185 3891 1418 3948 Andres.

778 3982 916 4039 lbid.
952 4003 970 4038 1
986 3986 1110 4055 793.
1140 3987 1190 4041 8.
1220 3986 1348 4042 Chr.
1372 3989 1481 4084 Qu.
1508 4005 1676 4063 quam
1700 3984 1967 4043 elassibus
1989 3985 2411 4044 humanioribus
2436 3983 2876 4043 accommodavit

852 4078 1000 4133 notis
1025 4080 1306 4135 variorum
1329 4091 1384 4136 et
1407 4082 1549 4149 suis,
1574 4078 1788 4156 adjecta
1809 4081 1869 4136 in
1892 4099 2146 4137 sermone
2165 4083 2345 4159 patrio
2369 4080 2703 4158 appendice,
2723 4082 2877 4134 auxit

857 4181 912 4226 et
936 4167 1256 4230 dilucidavit
1274 4176 1594 4232 Laurentius
1616 4172 1782 4232 Blass.
1804 4179 2108 4233 Postremas
2130 4175 2317 4231 ambas
2337 4194 2441 4254 pro
2460 4193 2569 4232 una
2589 4191 2877 4232 recensere
