3200 5150
886 484 1013 568 456

1450 484 1542 551 Μ.
1581 489 1810 553 FABn
1846 486 2404 571 QmN‘rtLiAm

882 628 998 707 get
1017 622 1033 653 ¹
1065 608 1529 682 adversarium
1557 610 1952 712 conjectura
1979 612 2107 699 uti;
2141 633 2207 684 et
2230 612 2283 683 si
2311 612 2522 699 dicat,
2543 613 2738 684 Non²
2762 606 2925 685 habet

882 723 1128 821 leqem,
1174 723 1656 822 syllogismo),
1701 726 2168 797 concedamus
2213 753 2295 798 ex
2338 725 2738 824 depulsione
2776 732 2926 798 nasci

879 858 1131 908 statum
1163 865 1178 908 ε
1213 838 1434 910 nihilo
1465 840 1702 911 minus
1734 841 1925 912 enim
1962 867 2067 912 res
2100 868 2182 913 eo
2215 860 2617 929 revertetur,
2648 862 2721 912 ut
2750 840 2927 911 modo

777 974 838 1030 17
879 952 936 1022 is
966 952 1087 1051 qui
1126 954 1302 1051 agit,
1335 954 1548 1026 modo
1576 955 1633 1026 is
1667 983 1831 1028 cum
1867 983 2007 1055 quo
2033 956 2288 1054 agitur,
2319 976 2570 1028 statum
2586 958 2819 1056 faciat.
2848 956 2927 1027 Sit

876 1069 1069 1141 enim
1100 1071 1508 1142 accusatoris
1543 1070 1866 1159 intentio,
1902 1074 2269 1143 Hominem
2304 1072 2645 1144 occidisti.-
2678 1070 2729 1141 si
2761 1091 2928 1167 neget

877 1213 1067 1277 reuS,
1099 1186 1342 1258 faciet³
1373 1208 1626 1259 statum
1655 1189 1775 1287 qui
1806 1209 2032 1285 negat.
2072 1187 2267 1279 Quid
2297 1187 2348 1259 si
2386 1186 2806 1274 confitetur4,
2831 1185 2925 1258 sed

858 1304 1024 1399 jure
1061 1330 1103 1372 a
1135 1330 1201 1374 se
1228 1304 1615 1375 adulterum
1649 1303 1811 1375 dicit
1846 1305 2183 1377 occisum?
2214 1302 2513 1403 nempe⁵
2551 1303 2775 1401 legem
2812 1328 2927 1375 esse

874 1436 1144 1487 certum
1180 1415 1317 1489 est⁶
1343 1445 1497 1515 quae
1536 1419 1902 1517 permittat.
1944 1419 2090 1491 Nisi
2130 1417 2394 1518 aliquid
2429 1439 2776 1493 accusator
2810 1444 2927 1493 res-

872 1529 1241 1627 pondeaw,
1269 1531 1464 1602 nulla
1491 1532 1572 1603 lis
1597 1554 1698 1604 est
1725 1561 1743 1604 2
1776 1535 1937 1606 Non
1943 1535 2125 1633 fhit,
2152 1531 2446 1632 inquit⁸‚
2478 1533 2771 1617 adulter;
2796 1558 2930 1629 ergo

873 1643 1189 1743 depulsio
1221 1646 1467 1746 incipit
1492 1674 1636 1720 esse
1666 1649 1908 1721 actoris
1935 1675 1949 1719 :
1982 1648 2099 1720 ille
2132 1669 2385 1719 statum
2424 1648 2671 1737 faciet3
2715 1648 2798 1718 ita
2828 1646 2929 1718 erit

872 1760 1161 1858 quidem
1191 1784 1401 1837 status
1421 1790 1500 1835 ex
1525 1764 1753 1861 prima
1778 1763 2185 1862 depulsione
2206 1820 2225 1853 ,
2250 1764 2369 1836 sed
2395 1790 2476 1835 ea
2500 1763 2627 1836 fiet
2658 1762 2742 1834 ab
2765 1788 2929 1834 accu-

951 1992 995 2026 1.
1022 1978 1191 2048 Coqet.
1217 1975 1543 2049 Guelferbyt.
1568 1978 1702 2030 Cod.
1723 1979 1874 2052 coqit.

946 2073 993 2107 2.
1021 2057 1142 2106 Non
1171 2056 1345 2121 habet,
1373 2057 1483 2108 scil.
1510 2058 1840 2111 adver-sarim.

944 2135 995 2187 3.
1022 2137 1242 2208 Neget...
1260 2137 1444 2206 faciet.
1465 2137 1640 2189 Guelf.
1668 2150 1874 2210 negat...

861 2214 1067 2286 faciat,
1090 2232 1214 2266 cum
1231 2217 1407 2266 Tur-ic.
1430 2228 1482 2265 et
1503 2217 1651 2267 Bern‘.
1670 2244 1735 2257 -
1756 2219 1816 2268 R.
1847 2233 1876 2268 2

872 2293 1138 2363 vulgatam
1170 2307 1364 2345 tuetur.
1396 2297 1504 2346 RR.
1540 2313 1557 2346 ι
1576 2333 1593 2361 ,
1624 2294 1655 2348 5
1672 2333 1689 2360 ,
1715 2295 1759 2347 si
1784 2314 1878 2347 ne-

867 2382 1016 2444 gat...
1045 2372 1230 2444 faciet.
1269 2373 1364 2425 Ed.
1398 2374 1556 2424 Qun.
1591 2373 1636 2425 si
1664 2385 1872 2446 neyat...

858 2450 1050 2521 faciat.
1077 2453 1167 2502 En.

943 2531 994 2597 4.
1035 2530 1175 2600 Quid
1200 2531 1246 2584 si
1272 2530 1559 2605 confitetur.
1589 2531 1674 2586 Sic
1697 2534 1872 2587 Guelf.

870 2612 1030 2664 Goth.
1059 2613 1194 2664 Alm.
1212 2616 1386 2666 Tui-ic.
1416 2633 1659 2686 quoque,
1683 2628 1743 2666 ut
1768 2634 1879 2668 sus·

870 2693 1040 2763 picot,
1070 2705 1122 2742 et
1154 2691 1273 2744 edd.
1310 2706 1430 2745 ante
1464 2695 1725 2746 Stoerium
1759 2713 1874 2746 om-

868 2787 981 2823 nes.
1008 2773 1054 2823 Is
1078 2773 1278 2843 primus
1301 2772 1445 2844 quod
1466 2771 1638 2834 dedit3
1661 2772 1767 2825 hoc
1788 2792 1876 2825 au-

871 2862 977 2900 tem
1013 2852 1067 2902 in
1105 2850 1281 2902 multis
1320 2853 1476 2903 etiam
1512 2851 1681 2904 Codd.
1722 2871 1872 2919 esse,

867 2946 1055 2981 vereor
1069 2944 1127 2981 ut
1142 2932 1527 2983 conferentium
1541 2931 1751 2983 silentio
1765 2951 1874 2984 rec·

868 3023 922 3060 te
963 3009 1222 3062 credatur.
1267 3010 1438 3063 Habet
1479 3010 1778 3063 scabritiem
1817 3015 1871 3065 in

867 3086 1114 3158 bipertita
1138 3092 1342 3142 ratione
1365 3091 1599 3161 positum
1623 3093 1768 3162 prius
1796 3093 1840 3144 si
1852 3130 1868 3156 ‚

867 3165 1119 3238 deinceps
1152 3168 1293 3240 quod
1321 3169 1378 3220 si.
1409 3169 1606 3221 Saltem
1633 3170 1871 3243 exempla

866 3263 976 3297 non
1013 3261 1341 3299 succurrunt.
1379 3250 1447 3300 Et
1479 3249 1633 3300 locus
1664 3250 1872 3302 videtur

863 3325 1099 3393 indigere
1129 3325 1302 3394 aliqua
1326 3327 1683 3398 interrogandi
1705 3328 1869 3382 vehe-

865 3405 1078 3454 mentia.
1103 3405 1382 3457 Evellenda
1404 3409 1543 3458 enim
1564 3421 1643 3458 est
1662 3410 1743 3472 iis,
1760 3411 1870 3479 qui-

863 3481 1090 3533 buscum
1110 3487 1215 3554 agit
1232 3487 1414 3553 Quint.
1427 3526 1444 3552 ‚
1461 3489 1643 3558 opinio
1665 3488 1867 3539 firmata

863 3559 1026 3628 longo
1052 3581 1179 3628 usu,
1201 3582 1305 3633 qua
1324 3565 1496 3616 solum
1520 3581 1669 3617 reum
1690 3568 1866 3618 facere

861 3652 1053 3711 putant
1075 3653 1284 3692 statum.
1313 3645 1446 3694 Huic
1469 3646 1867 3714 interrogationi

861 3719 1214 3789 respondetur
1243 3719 1343 3772 illis
1372 3743 1382 3770 :
1424 3743 1446 3767 α
1465 3723 1580 3774 Nisi
1618 3723 1814 3793 aliquid
1836 3748 1857 3771 ι

861 3810 961 3848 etc.
1007 3827 1081 3836 —
1129 3795 1425 3870 Confitetur.
1478 3802 1601 3852 Non
1652 3802 1863 3871 quidem

859 3876 1032 3927 Burin.
1061 3889 1112 3928 et
1135 3877 1261 3930 Obr.
1286 3876 1366 3948 (ut
1389 3892 1542 3949 putat
1564 3880 1747 3950 Gesn.)
1771 3879 1862 3932 sed

857 3955 1127 4007 Leidensis
1152 3955 1234 4009 ed.
1262 3958 1501 4028 sphalma
1525 3972 1603 4010 est
1627 3959 1861 4030 confute-

859 4043 959 4098 tur,
993 4033 1136 4103 quod
1171 4051 1533 4108 propagarunt
1569 4052 1691 4088 ante
1725 4040 1861 4091 Ges-

855 4129 1041 4162 nerum
1075 4129 1255 4165 omnes
1275 4151 1292 4181 ‚
1328 4116 1501 4170 invitis
1536 4116 1822 4170 codicibus
1842 4156 1858 4184 ,

853 4202 1018 4264 puto,
1041 4191 1301 4248 omnibus.

2041 1975 2088 2030 5.
2119 1978 2376 2048 Nempe...
2412 1977 2698 2048 pemittat.
2730 1977 2838 2028 Haec
2864 1977 2929 2026 in-

1968 2059 2155 2127 terjicit
2194 2059 2437 2128 scriptor,
2475 2074 2543 2107 ne
2582 2058 2702 2126 quis
2739 2055 2928 2117 haereat,

1969 2138 2059 2206 qui
2067 2138 2193 2208 jure
2215 2135 2402 2206 aliquis
2424 2138 2597 2207 possit
2622 2136 2725 2187 dici
2746 2135 2932 2186 occisus?

1966 2215 2163 2268 Eadem
2204 2215 2319 2285 lege
2339 2254 2355 2281 ‚
2397 2228 2456 2266 ut
2497 2216 2796 2279 notissima,
2834 2230 2928 2263 reus

1966 2296 2132 2346 utitur
2165 2297 2218 2345 in
2255 2294 2488 2347 Declam.
2525 2296 2713 2361 Quint.
2752 2312 2802 2364 p.
2834 2289 2929 2362 (ed.

1964 2375 2077 2445 Bip.
2102 2373 2207 2425 vol.
2233 2374 2326 2444 Iv)
2351 2374 2412 2426 3:
2442 2395 2465 2418 ε
2484 2374 2621 2441 Quis
2644 2375 2795 2443 igitur
2812 2369 2931 2421 dubi-

1971 2474 1993 2499 «
2014 2467 2089 2505 tat
2111 2453 2217 2505 hoc
2237 2455 2294 2508 in
2318 2454 2526 2505 civitate
2554 2472 2590 2505 a
2619 2452 2811 2523 legibus
2833 2470 2929 2523 pet-

1971 2554 1992 2578 ·
2012 2535 2243 2587 missum.
2267 2556 2290 2582 υ
2320 2536 2506 2604 Neque
2529 2537 2675 2587 enim
2697 2548 2771 2587 est
2791 2532 2931 2606 quali-

1965 2614 2082 2666 tatis
2122 2627 2288 2666 status
2323 2616 2378 2664 in
2413 2612 2515 2666 hac
2553 2633 2749 2666 causa:
2775 2616 2930 2686 jumne

1963 2695 2152 2746 occisus
2175 2694 2241 2746 sit
2268 2691 2491 2758 adulter,
2523 2694 2621 2746 sed
2649 2696 2930 2766 conjectmw

1963 2771 2055 2825 lis:
2082 2773 2228 2826 Sitne
2248 2772 2493 2824 adulter?

1984 2911 1989 2924 Ι
2032 2853 2082 2904 6.
2108 2856 2310 2906 Certum
2333 2862 2420 2905 est.
2440 2854 2595 2918 Haec,
2619 2855 2731 2904 sine
2746 2852 2930 2902 varieta-

1962 2945 2013 2985 te
2049 2935 2259 2986 inventa
2292 2935 2344 2985 in
2380 2933 2631 2984 omnibus
2664 2932 2825 2994 libris,
2850 2948 2929 3001 pro

1961 3012 2274 3065 emblemate
2308 3011 2473 3063 habet
2506 3012 2771 3063 Gesner-us
2813 3009 2929 3060 «ho-

1967 3113 1988 3136 α
2010 3094 2161 3143 minis
2174 3130 2191 3158 ‚
2203 3094 2291 3162 qui
2308 3094 2761 3144 continuationem
2776 3103 2823 3142 et
2834 3107 2931 3140 con-

1965 3193 1988 3217 ·
2009 3173 2334 3241 sequentiam
2358 3172 2613 3222 orationis
2638 3189 2747 3222 non
2767 3166 2929 3221 intelli·

1964 3271 1987 3294 ·
2006 3262 2166 3319 geret.
2189 3269 2211 3296 u
2242 3252 2359 3320 lpse
2382 3249 2557 3318 igitur,
2583 3267 2650 3300 ex
2672 3253 2782 3321 ejus
2802 3248 2930 3298 ratio-

1957 3347 2051 3394 ne,
2072 3346 2191 3380 reus
2206 3340 2388 3379 monet
2417 3350 2438 3372 κ
2457 3327 2632 3397 legem
2653 3346 2765 3379 esse
2782 3351 2804 3373 n
2825 3339 2932 3387 etc,

1956 3422 2015 3459 ut
2059 3409 2343 3460 infinitivus
2384 3407 2619 3479 pendeat
2663 3427 2691 3460 e
2738 3429 2761 3453 ι
2782 3405 2891 3457 dicit
2907 3427 2925 3448 υ

1958 3487 2104 3558 quod
2127 3487 2286 3539 modo
2314 3486 2633 3559 ponebatur.
2660 3486 2761 3540 Sed
2783 3484 2929 3536 hoc-ci-

1954 3584 2022 3618 ne
2041 3566 2108 3619 de
2129 3567 2242 3637 lege
2260 3568 2484 3630 narrari,
2505 3566 2707 3617 scilicet
2722 3567 2929 3634 ignotum

1948 3644 2236 3717 judicibus,
2252 3644 2507 3696 attinebat
2519 3646 2542 3695 ’.Ρ
2554 3644 2691 3696 Vide
2707 3646 2793 3694 vll
2804 3682 2819 3709 ,
2839 3659 2877 3705 ι,
2891 3659 2931 3710 7,

1955 3724 2046 3775 ubi
2060 3724 2243 3776 eadem
2261 3746 2282 3769 κ
2298 3722 2466 3792 legem
2478 3741 2591 3774 esse
2606 3733 2795 3773 certum
2810 3734 2891 3772 est.
2907 3742 2926 3764 ι

2025 3820 2074 3872 7.
2111 3803 2393 3854 Accusator
2428 3802 2744 3874 respondeat.
2779 3797 2925 3852 Guell‘.

1951 3900 2056 3932 acc.
2091 3883 2140 3932 ei
2172 3881 2451 3953 respondet.
2486 3879 2826 3932 Indicativum
2854 3877 2928 3929 ha·

1951 3958 2075 4010 bent
2101 3961 2257 4011 etiam
2277 3957 2411 4009 Alm.
2431 3961 2606 4010 Turio.
2632 3960 2783 4008 Bern.
2798 3960 2929 4008 Voss.

1950 4039 2012 4104 3,
2038 4038 2198 4090 Goth.
2229 4067 2300 4079 --
2326 4041 2524 4103 RR.1‚
2553 4055 2618 4104 α,
2651 4036 2684 4090 5
2713 4052 2765 4090 et
2791 4038 2929 4088 cuz

1952 4118 2231 4188 respondet.
2258 4119 2349 4169 Eu.

2020 4197 2069 4249 8.
2094 4197 2307 4269 Inquit,
2335 4195 2531 4249 scilicet
2553 4203 2833 4249 accusator.
