3200 5150
1122 517 1640 584 PRAEFA‘rlo.
2373 527 2470 616 xj.

335 630 850 706 informandos
865 690 883 724 ,
904 650 973 707 et
995 637 1085 708 ad
1116 636 1693 738 dignoscendam
1717 641 1836 740 cuj
1846 668 2079 742 usque
2099 643 2442 744 discipuli

335 748 955 850 indolem;.quod
998 754 1299 852 quidem
1345 756 1583 827 multo
1628 756 1888 828 melius
1931 755 2299 858 magistris
2333 787 2472 833 sa-·

336 864 706 962 pientibus
746 885 1096 964 poterunt
1133 870 1512 943 ostendere
1546 875 1838 942 romani
1868 871 2202 946 Rhetoris
2235 874 2446 964 libri,

336 1004 564 1076 quam
598 979 1134 1080 philosophicae
1161 989 1655 1057 recentiorum
1691 1002 1983 1058 aetatum
2016 986 2308 1060 chartae.

434 1096 751 1186 Verum,
780 1098 965 1196 quid
1009 1098 1249 1169 dicam
1293 1099 1386 1170 de
1418 1099 1647 1197 sty10,
1687 1100 1903 1199 cujus
1946 1094 2302 1174 illecebris
2340 1102 2450 1174 al-
2561 1085 2566 1091 ¹

337 1207 519 1282 lecta
542 1237 783 1301 mens,
808 1217 886 1284 in
915 1218 1198 1312 scriptis
1222 1217 1426 1287 FABn
1456 1213 2003 1312 pervolvendis,
2031 1217 2450 1290 dummodo

337 1324 735 1423 voluptatis
764 1327 902 1400 sibi
932 1334 1249 1427 propriae
1275 1356 1492 1402 sensu
1524 1356 1681 1402 non
1714 1349 1951 1403 careat
1970 1389 1988 1423 ,
2026 1337 2452 1405 suavissime

339 1440 710 1514 detinetur
738 1470 753 1513 ε
806 1468 963 1517 non
1011 1443 1134 1516 ille
1180 1445 1482 1545 quidem
1521 1450 1930 1519 sinceritate
1969 1449 2454 1521 Ciceroniana

341 1562 825 1657 conspicuus,
864 1577 933 1631 et
970 1587 1102 1651 ea,
1125 1587 1292 1661 quae
1329 1560 1584 1634 faustis
1622 1565 1959 1636 AUGUSTI
1997 1563 2454 1662 temporibus

342 1671 700 1764 haerebat,
746 1674 1206 1765 salubritate3
1250 1694 1359 1766 at,
1406 1680 1464 1748 si
1503 1677 1890 1776 aliquanto
1938 1678 2343 1772 difficilior,
2385 1697 2456 1751 et

342 1814 483 1888 pro
515 1796 874 1889 vergentis
901 1796 977 1863 in
1012 1792 1221 1890 pejus
1251 1781 1716 1890 aetatis'lapsu
1753 1792 2153 1884 horridior,
2189 1794 2453 1893 plenus

346 1920 589 1975 tamen
628 1910 867 1994 succi,
906 1906 1123 1979 rebus
1166 1911 1337 2005 ipsis
1371 1907 1696 1995 validus,
1730 1909 2274 2007 jucundissima
2308 1911 2470 1982 dis--

344 2024 614 2116 tinctus
643 2027 1174 2094 sententiarum
1203 2049 1287 2094 ac
1318 2022 1718 2095 verborum
1748 2027 2126 2116 varietate,
2156 2025 2456 2097 lumini-

344 2134 483 2208 bus
539 2135 951 2235 figurarum
1009 2137 1287 2238 ubique
1341 2136 1775 2237 splendidus
1799 2196 1846 2229 ,.
1872 2140 2450 2214 similitudinum

344 2255 741 2350 praesertim
766 2250 930 2324 luce
947 2251 1187 2325 clarus
1203 2307 1223 2339 ‚
1250 2257 1326 2324 in
1354 2252 1697 2325 tenuibus
1718 2253 2038 2345 subtilis,
2069 2260 2145 2327 in
2168 2262 2455 2356 magnis

346 2391 522 2439 vero
550 2366 1024 2467 magnificus,
1051 2367 1873 2465 eloquentiaemajestati
1904 2393 2059 2440 non
2090 2373 2353 2469 impar,
2378 2387 2458 2443 ut

346 2480 560 2555 facile
590 2510 973 2584 agnoscas,
1002 2510 1155 2555 non
1183 2487 1567 2583 ingenium
1591 2485 2142 2575 QUINTILIANO,
2174 2501 2304 2556 aut
2327 2485 2458 2585 ju—.

351 2597 666 2688 dicium,
695 2600 819 2672 sed
844 2601 1180 2673 seculum
1205 2599 1550 2674 defuisse:
1581 2604 1781 2699 quis,
1805 2618 1887 2671 ut
1913 2599 2055 2672 alia
2082 2604 2417 2674 omittam
2435 2659 2455 2692 ,

350 2739 508 2786 non
558 2740 746 2813 saepe
804 2733 1304 2787 commoratus
1359 2732 1463 2787 est
1512 2740 1804 2787 summa
1858 2740 2033 2785 cum
2083 2711 2461 2814 voluptate

350 2834 430 2901 in
469 2827 600 2900 illo
645 2828 1227 2902 luculentissimo
1271 2829 1440 2902 libri
1479 2829 1687 2919 loco,
1718 2828 1848 2901 ubi
1891 2831 2156 2902 FABms
2191 2831 2460 2903 ΗΟΜΕ-

350 2964 511 3016 num
536 2960 604 3014 et
627 2946 1020 3016 ΜΑΒΟΝΕΜ
1034 3002 1053 3035 ,
1076 2947 1425 3018 Tunutm
1445 2961 1514 3016 et
1530 2947 2107 3019 DEMosTnENEM
2122 3001 2139 3031 ,
2163 2946 2459 3018 TEREN-

352 3080 543 3133 Tmu
572 3076 644 3131 et
670 3060 1200 3146 MENANDRUM,
1223 3062 1620 3148 ΝΑεοΝΕΜ,
1646 3062 2035 3148 FLACCUM,
2071 3075 2141 3129 et
2166 3077 2459 3131 caeteros

354 3194 517 3248 tum
534 3175 749 3261 Latii,
768 3192 929 3245 tum
954 3175 1245 3245 Graecioe
1265 3178 1651 3270 scriptores
1676 3177 1900 3269 aequis
1924 3171 2283 3269 ponderat
2306 3197 2460 3244 mo·
2499 3173 2506 3181 ⁶

353 3293 997 3387 mentis,.scriptor
1027 3292 1181 3387 ipse
1207 3286 1850 3358 excellentissimus
1869 3341 1888 3373 ,
1924 3304 1993 3356 et
2021 3286 2133 3357 vel
2164 3292 2460 3386 optimis

357 3400 932 3504 comparandus3
957 3430 1177 3504 quem
1203 3401 1532 3501 profecto
1556 3427 1688 3473 nec
1709 3402 2078 3474 HOMERus
2095 3460 2114 3493 ,
2141 3420 2270 3473 aut
2293 3403 2380 3474 vs
2390 3425 2461 3476 11-

356 3540 636 3609 GILIUS,
668 3545 801 3592 nec
836 3521 1384 3593 DEMOSTHENES
1403 3575 1423 3607 ,
1457 3533 1585 3590 aut
1615 3519 1935 3609 ClcERO,
1970 3543 2123 3590 suae
2148 3522 2462 3618 quisque

356 3638 610 3725 famae,
639 3633 1064 3708 abnuissent
1086 3634 1439 3733 judicem.

459 3755 845 3850 Copiosius
883 3768 1073 3823 certe
1107 3776 1192 3822 ac
1228 3748 1500 3837 fusius,
1531 3749 1714 3849 quid
1744 3746 1836 3820 de
1862 3752 2458 3846 praestantissimo

353 3867 494 3954 ,illo
516 3882 678 3937 tum
696 3864 1093 3946 facundiae,
1122 3882 1284 3937 tum
1305 3868 1590 3936 virtutis
1611 3879 2056 3962 praeceptore
2073 3867 2418 3934 senserim
2437 3920 2458 3953 ,

365 3984 723 4082 aperirem
741 3995 812 4050 et
828 3979 1235 4051 evolverem
1252 4037 1270 4069 ,
1297 3984 1436 4051 nisi
1462 3978 1795 4077 undique
1814 3993 2280 4050 occurrerent
2308 3978 2460 4078 dig-

367 4105 612 4175 niores
657 4113 825 4169 tam,
855 4102 1117 4195 egregii
1162 4099 1531 4195 scriptoris
1577 4098 2038 4167 aestimatores
2063 4150 2082 4183 ,
2134 4116 2458 4190 quorum

370 4234 498 4294 aut
525 4239 759 4290 meras
789 4212 880 4287 de
907 4211 1132 4287 verbo
1160 4212 1255 4288 ad
1293 4210 1602 4286 verbum
1644 4207 2040 4284 exscribere
2071 4213 2462 4283 sententias
