3200 5150
654 468 1305 550 ms'rl'rn‘rloms
1339 474 1594 546 onAT.
1633 476 1793 545 Lm.
1834 480 1935 558 11,
1982 479 2078 544 ιε.

2279 480 2402 570 377

326 601 504 676 nihil
546 629 690 676 non
731 603 985 677 horum
1033 603 1109 676 in
1156 601 1773 695 rhetoriceinesse.
1823 600 2066 690 Quid?
2103 603 2294 702 quod
2338 625 2405 678 et
2426 631 2493 701 4²

323 717 752 818 inspectione
774 733 793 763 ¹
824 740 892 792 et
915 717 1393 791 exercitatione
1410 770 1431 805 ,
1464 735 1544 788 ut
1573 735 1750 788 artes
1773 735 2025 789 caeterae
2049 772 2069 807 ,
2102 719 2404 792 constat?

311 835 467 905 Nec
496 854 716 933 potest
737 859 843 906 ars
870 860 1018 906 non
1048 858 1193 905 esse
1213 886 1232 921 ,
1269 830 1327 903 si
1359 856 1468 903 ars
1500 851 1600 903 est
1632 829 1985 904 dialectice
2003 886 2022 920 ,
2047 832 2238 931 quod
2264 834 2408 908 fere

322 968 586 1021 constat
606 996 627 1036 ,
652 975 877 1048 quum
908 949 997 1022 ab
1026 960 1185 1037 ea²,
1214 945 1442 1046 specie
1467 943 1689 1045 magis
1714 971 1930 1044 quam
1961 972 2212 1046 genere
2230 1001 2251 1036 ,
2285 947 2413 1020 dif-

320 1063 531 1153 ferat3
569 1064 690 1135 sed
727 1090 856 1136 nec
893 1059 1057 1135 illa3
1097 1059 1479 1135 omittenda
1513 1081 1710 1151 sunt,
1738 1086 1880 1161 qua
1913 1061 1987 1132 in
2024 1088 2093 1134 re
2127 1060 2304 1134 alius
2339 1089 2411 1135 se

318 1177 864 1268 inartificialiter,
884 1177 1062 1250 alius
1081 1174 1521 1249 artificialiter
1537 1196 1761 1275 gerat,
1781 1175 1854 1248 in
1880 1202 1963 1248 ea
1985 1202 2129 1248 esse
2155 1197 2410 1269 artem;

320 1313 389 1365 et
425 1292 499 1364 in
540 1318 658 1382 eo,
683 1293 912 1392 quod,
937 1293 1062 1394 qui
1095 1290 1444 1381 didicerit,
1480 1289 1733 1364 melius
1768 1291 2007 1380 faciat,
2045 1316 2261 1391 quam
2292 1294 2417 1393 qui

319 1432 469 1479 non
497 1406 848 1498 didicerit,
883 1433 1027 1481 esse
1059 1428 1302 1480 artem.
1332 1406 1547 1508 Atqui
1578 1433 1726 1480 non
1759 1406 1991 1479 solum
2028 1407 2270 1480 doctus
2302 1407 2502 1499 in-43

320 1519 641 1612 doctum,
675 1521 797 1594 sed
824 1522 1032 1595 etiam
1072 1521 1334 1595 doctior
1366 1522 1652 1595 doctum
1694 1522 1768 1594 in
1811 1521 2177 1598 rhetorices
2210 1550 2418 1623 opere

320 1636 709 1735 superabit,
734 1663 965 1735 neque
990 1659 1215 1710 essent
1238 1637 1390 1740 ejus
1416 1637 1614 1710 aliter
1639 1657 1782 1709 tam
1807 1635 2030 1710 multa
2047 1658 2418 1737 praecepta,

315 1769 605 1847 tamque
649 1751 927 1849 magni,
962 1751 1086 1848 qui
1121 1751 1480 1822 docerent:
1516 1750 1589 1819 id
1615 1747 1854 1848 quod4
1888 1775 2055 1823 cum
2089 1749 2421 1824 omnibus

318 1863 802 1936 confitendum
829 1883 960 1953 est,
986 1884 1141 1936 tum
1169 1862 1373 1936 nobis
1400 1863 1779 1964 praecipue,
1805 1865 1929 1963 qui
1956 1865 2295 1940 rationem
2322 1867 2419 1940 di-

321 1974 527 2051 cendi
561 2005 603 2050 a
633 1975 822 2050 bono
856 1978 998 2050 viro
1024 2004 1171 2050 non
1195 2003 1621 2076 separamus.

424 2094 594 2165 CAP..
623 2092 884 2166 XVIII.
916 2094 1166 2183 Quum
1197 2091 1334 2166 sint
1357 2112 1592 2166 autem
1623 2092 1877 2165 artium
1905 2093 2054 2167 alioe
2077 2097 2311 2197 positae
2345 2099 2418 2171 in
2478 2129 2499 2165 ι

323 2205 795 2304 inspectione,
829 2207 902 2279 id
937 2226 1075 2298 est,
1113 2204 1509 2305 cognitione
1550 2212 1619 2280 et'
1652 2207 2103 2282 aestimatione
2142 2238 2375 2284 rerum
2396 2267 2416 2302 ,
2462 2292 2468 2298 ,

317 2320 547 2421 qualis
585 2340 687 2393 est
726 2319 1131 2421 astroloqia,
1173 2319 1455 2395 nullum
1490 2321 1768 2421 exigens
1801 2345 2075 2415 actum,
2108 2326 2230 2400 sed
2265 2325 2414 2426 ipso

321 2434 459 2524 rei,
486 2433 689 2535 cujus
716 2434 1029 2508 studium
1056 2435 1301 2526 habet,
1330 2434 1686 2508 intellectu
1718 2458 2075 2528 contenta,
2103 2466 2259 2539 quae
2281 2455 2418 2511 ,θεω-

315 2562 503 2642 ρητικὴ
527 2571 846 2623 vocatur:
884 2551 1033 2624 aliae
1063 2550 1137 2623 in
1171 2548 1476 2652 agendO,
1502 2578 1805 2650 quarum
1833 2551 1906 2626 in
1934 2551 2068 2627 hoc
2091 2554 2252 2629 finis
2281 2577 2417 2648 est,

319 2684 394 2736 et
420 2665 569 2763 ipso
596 2686 755 2738 actu
785 2665 1141 2765 perficitur
1153 2663 1210 2753 ⁵,
1238 2663 1558 2765 nihilque
1590 2687 1746 2764 post
1777 2688 2011 2742 actum
2045 2671 2271 2769 operis
2303 2699 2417 2746 re-

394 2851 415 2886 r
426 2872 440 2884 .
459 2835 535 2886 Et
545 2835 870 2906 inspectione.
883 2837 1017 2891 Vide
1030 2855 1155 2890 mox
1168 2855 1215 2888 c.
1241 2836 1324 2904 18,

317 2929 340 2965 ι
353 2951 366 2964 .
394 2940 465 2952 -
485 2912 824 2984 [aspectione.
845 2918 1109 2989 Inspectio
1134 2930 1216 2970 est
1237 2935 1323 2968 re-

308 3008 434 3042 rum
465 2995 749 3064 perpensio
782 3012 879 3046 seu
906 2994 1288 3065 contemplatio
1302 3031 1322 3064 ,

308 3081 369 3122 et
392 3072 693 3123 exercitatio
717 3084 799 3124 est
818 3073 935 3144 ipsa
958 3074 1117 3125 actio.
1141 3073 1235 3124 En.

388 3164 437 3204 2·
494 3148 668 3218 Quum
711 3150 777 3201 ab
819 3169 896 3202 ea.
931 3149 1064 3202 Vide
1110 3151 1319 3202 initium

303 3225 619 3281 Rhetorioes
641 3228 984 3283 Aristoteleoe.

381 3306 433 3359 3.
457 3307 562 3360 Sed
582 3326 676 3360 nec
699 3307 810 3361 illa.
840 3309 972 3362 lbid.
1004 3312 1055 3377 1,
1085 3328 1131 3376 1,
1155 3327 1206 3362 2.

380 3385 437 3452 4.
477 3386 546 3438 Id
584 3388 740 3461 quod.
778 3389 952 3442 Guelf.
998 3389 1153 3462 idque
1192 3408 1317 3442 cnm

301 3462 472 3518 Goth.
506 3467 649 3519 Jens.
683 3464 807 3537 (tac.
843 3467 1028 3540 Gesn.)
1059 3481 1111 3521 et
1138 3468 1316 3523 multis

300 3540 479 3597 Codd.
502 3542 622 3596 edd.
645 3559 824 3599 autem
841 3560 964 3599 ante
980 3546 1179 3620 Gryph.
1204 3565 1316 3600 om·

300 3621 484 3675 nibus.
502 3626 688 3677 Verius
708 3640 839 3697 puto
859 3640 1093 3700 recepto.
1115 3628 1319 3681 confu-

301 3701 392 3753 sio
407 3699 655 3771 frequens
670 3702 773 3755 vid.
789 3704 1054 3758 Drakenb.
1072 3704 1142 3758 ad
1154 3707 1263 3759 Liv.
1274 3709 1317 3774 1,

301 3778 374 3844 8,
396 3775 662 3832 6.—RR.
692 3798 751 3845 α,
776 3780 836 3849 5,
860 3783 1090 3857 idquod.
1120 3787 1227 3839 ΗΒ.
1258 3802 1315 3854 1,

303 3857 344 3910 3
370 3869 425 3909 et
445 3857 637 3925 Caum,
661 3859 833 3932 idque.
856 3863 950 3914 Eo.

384 3933 435 3988 5.
478 3933 806 4008 Pevflcitur...
841 3937 1102 4012 relinquit.
1135 3943 1314 3996 Possis

299 4014 506 4069 harere
524 4017 578 4068 in
596 4013 790 4068 horum
806 4016 1087 4070 verborum
1106 4019 1316 4092 subjec-

302 4107 387 4145 to.
409 4093 631 4148 Videtur
646 4108 824 4150 autem
844 4114 959 4148 esse
983 4094 1145 4168 «finis
1158 4122 1182 4145 n
1197 4135 1217 4163 ,
1243 4113 1317 4152 et·

297 4166 354 4218 si
391 4167 564 4219 minus
601 4168 862 4221 convenit.
897 4169 1074 4236 Quare
1110 4167 1315 4240 aliquot

1412 2833 1533 2888 edd.
1570 2835 1818 2906 (Codice
1839 2837 1989 2890 nullo
2025 2837 2414 2914 adstipulante)

1408 2912 1671 2986 pluralem
1696 2915 1751 2965 in
1778 2913 1924 2967 hisce
1947 2915 2119 2969 verbis
2142 2936 2415 2990 expresse·

1409 3005 1548 3044 runt.
1592 2991 1695 3046 Sed
1728 2991 1834 3045 hoc
1873 2995 2029 3047 etiam
2065 2995 2415 3051 difficiliorem

1408 3071 1538 3123 facit
1559 3084 1907 3140 structuram,
1932 3091 2098 3144 quum
2119 3073 2188 3125 ad
2208 3073 2330 3128 alioe
2348 3096 2416 3128 ex

1410 3148 1847 3208 antecedentibus
1865 3150 2186 3222 intelligatur
2200 3153 2306 3206 sint
2316 3173 2415 3226 po-

1403 3227 1545 3294 sita,
1577 3245 1753 3299 neque
1782 3243 1909 3300 post
1935 3232 2223 3299 genitivum
2238 3270 2256 3299 ,
2278 3251 2413 3303 qua-

1404 3324 1522 3358 rum
1535 3344 1556 3373 ,
1588 3310 1833 3379 protinus
1858 3312 2215 3365 nominativus
2240 3316 2413 3385 possit

1405 3386 1694 3440 subaudiri.
1731 3388 1895 3457 Quod
1926 3391 2087 3461 igitur
2119 3394 2175 3445 in
2216 3392 2410 3447 talibus

1405 3463 1542 3519 solet
1584 3467 1696 3520 fieri
1739 3467 1810 3520 ab
1855 3472 2069 3543 optimis
2111 3470 2411 3544 quibusque

1405 3544 1752 3618 scriptoribus
1766 3584 1785 3612 ,
1807 3560 1900 3614 ut,
1926 3566 2049 3600 cum
2075 3548 2256 3621 aliquo
2283 3569 2410 3604 sen-

1405 3626 1580 3677 tentiae
1603 3623 1878 3695 neglectu,
1899 3625 1994 3678 sed
2014 3626 2116 3680 levi
2138 3627 2231 3680 illo
2253 3642 2308 3682 et
2324 3630 2410 3682 fa-

1405 3701 1506 3756 cile
1529 3701 1598 3756 ab
1620 3717 1824 3758 attento
1846 3704 2044 3759 lectore
2067 3706 2410 3779 corrigendo,

1405 3796 1640 3836 servetur
1661 3783 1951 3855 elegantior
1975 3799 2031 3839 et
2055 3786 2266 3838 mollior
2289 3805 2409 3839 ver-

1403 3859 1597 3914 borum
1623 3874 1919 3929 structura,
1943 3862 1999 3915 id
2027 3881 2057 3914 a
2079 3862 2405 3932 Quintiliano

1407 3955 1621 4010 quoque
1650 3939 2010 4006 observatum,
2035 3943 2153 4012 qui,
2181 3943 2282 3994 nisi
2309 3941 2406 3995 ali-

1405 4034 1508 4086 qua
1522 4019 1835 4071 necessitate
1848 4031 2067 4072 coactus
2077 4056 2094 4086 ,
2116 4016 2276 4093 «finis
2284 4038 2405 4092 pen-

1409 4093 1629 4168 oeficitur
1656 4108 1710 4150 et
1744 4097 1988 4170 relinquit
2006 4122 2027 4150 ο
2069 4118 2179 4153 non
2214 4101 2399 4154 fuisset

1401 4172 1655 4227 dicturus.
