3200 5150
74 0 93 178 -·z.·-··-·-*

901 472 1030 540 252
1464 474 1557 538 M.
1597 472 1827 548 FABn
1862 467 2415 557 QUINTILIANI

897 593 1323 693 eloquentia,
1346 595 1597 693 petitur
1617 596 1792 694 ipsa,
1812 593 1933 667 sed
1956 596 2046 667 ad.
2067 596 2276 668 vilem
2301 622 2513 667 usum
2538 613 2606 667 et
2625 592 2951 669 sordidum

799 735 861 791 17
898 708 1176 781 lucrum
1217 709 1715 808 accingimur&
1752 709 2005 786 Dicant
2037 710 2184 783 sine
2220 710 2324 782 his
2358 711 2431 782 in
2464 712 2614 781 foro
2648 710 2877 799 multi,
2903 732 2956 783 et

892 825 1286 922 acquirant3
1324 826 1495 897 dum
1531 826 1616 897 sit
1646 826 2100 925 locupletior2
2135 827 2385 925 aliquis
2417 826 2706 899 sordidae
2740 828 2954 898 mercis

893 941 1311 1039 negociator,
1347 963 1417 1018 et
1456 942 1612 1041 plus
1645 944 1793 1015 voci
1827 970 1967 1026 suae
2003 945 2249 1017 debeat
2285 972 2548 1043 praeco:
2592 971 2680 1016 ne
2714 943 2951 1017 velim-²⁵

894 1057 1181 1154 quidem
1211 1058 1585 1131 lectorem4
1610 1060 1754 1131 dari
1785 1061 1959 1132 mihi
1979 1117 1998 1151 ,
2028 1063 2198 1160 quid
2222 1063 2449 1134 studia
2473 1064 2773 1134 referant
2798 1088 2957 1134 com-

794 1184 856 1238 18
893 1192 1324 1269 putaturum.
1366 1175 1513 1264 Qui
1550 1201 1708 1246 vero
1752 1175 2134 1273 imaginem
2173 1177 2395 1274 ipsam
2434 1176 2842 1274 eloquentiae
2875 1174 2960 1245 di-

891 1288 1398 1387 vinaquadam
1443 1312 1678 1363 mente
1721 1292 2152 1390 conceperit,
2191 1293 2452 1392 quique
2490 1292 2726 1382 illam,
2775 1313 2847 1364 ut
2882 1289 2960 1362 ait

892 1429 1036 1474 non
1082 1404 1406 1502 ignobilis
1430 1404 1459 1451 ⁵
1510 1406 1848 1504 tragicu8‚
1898 1408 2212 1506 reginam
2261 1434 2493 1480 rerum
2545 1408 2916 1480 orationem

2932 1403 2960 1448 6

890 1539 1104 1616 ponet
1132 1539 1290 1591 ante
1324 1518 1562 1591 oculos
1581 1577 1599 1608 ,
1631 1523 2080 1621 fructumque
2111 1548 2254 1593 non
2286 1549 2366 1594 ex
2390 1521 2562 1620 stipe
2588 1520 2961 1594 advocatio-

888 1648 1136 1723 num7,
1163 1634 1285 1705 sed
1317 1661 1397 1705 ex
1421 1636 1660 1707 animo
1689 1663 1815 1709 suo
1835 1694 1854 1726 ,
1886 1659 1954 1709 et
1983 1636 2568 1735 contemplatione
2598 1664 2675 1708 ac
2702 1633 2964 1707 scientia

882 1768 1070 1847 petet
1088 1804 1105 1836 ,
1136 1769 1552 1847 perpetuum
1579 1750 1782 1823 illum
1803 1808 1822 1840 ,
1853 1779 1982 1824 nec
2003 1753 2299 1825 fortunae
2324 1752 2759 1853 subjectum3
2784 1748 2965 1822 facilc

882 1890 1180 1944 scholiastae
1204 1893 1494 1945 concedam
1523 1895 1591 1946 ad
1622 1897 1727 1948 Sat.
1752 1899 1802 1962 1,
1826 1914 1891 1966 9,

884 1970 945 2036 4:
969 1993 991 2016 a
1012 1971 1155 2038 Quid
1170 1973 1308 2040 agis,
1324 1972 1652 2040 dulcissime,
1673 1992 1838 2025 rerum
1861 1999 1885 2022 ι

881 2049 1040 2102 verba
1065 2053 1139 2102 sic
1157 2050 1422 2104 dirimenti
1438 2091 1455 2117 ,
1480 2067 1540 2104 ut
1565 2073 1733 2105 rerum
1760 2073 1893 2126 pen·

881 2129 1004 2182 deat
1032 2149 1095 2182 ex
1125 2131 1278 2199 Quid.
1310 2132 1469 2183 Vides
1498 2136 1553 2184 in
1581 2132 1772 2185 horum
1803 2134 1887 2184 lo-

880 2226 1063 2259 corum
1093 2207 1240 2260 nullo
1271 2207 1584 2279 adjectivum
1615 2212 1796 2262 referri
1819 2210 1888 2262 ad

878 2306 1065 2339 vocem
1096 2305 1260 2338 rerum
1286 2287 1433 2358 (quae
1466 2288 1606 2339 foret
1638 2288 1884 2358 languida

878 2364 1039 2436 plane
1068 2379 1121 2416 et
1149 2364 1374 2417 elumbis
1400 2365 1599 2436 oratio)
1624 2364 1716 2418 sed
1741 2366 1808 2418 ad
1831 2366 1888 2418 id

884 2444 1029 2516 quod
1075 2445 1273 2515 ubique
1319 2444 1583 2509 laudetur,
1627 2460 1684 2496 ut
1725 2447 1887 2497 modo

880 2522 1230 2577 masculinum
1248 2524 1437 2577 debeat
1457 2527 1616 2595 poni,
1636 2525 1797 2578 modo
1818 2527 1889 2578 fe-

881 2608 1166 2671 mininum,
1189 2624 1286 2675 pro
1312 2623 1367 2656 re
1392 2620 1530 2656 nata.

882 2721 886 2726 -
957 2703 1000 2736 ι.
1017 2683 1368 2757 Accinyimur.
1391 2687 1529 2736 Inest
1544 2700 1762 2737 venusta
1784 2688 1886 2738 avi-

880 2764 1088 2830 ditatis,
1120 2784 1270 2817 servo
1301 2778 1392 2817 aut
1420 2784 1663 2837 caupone
1686 2765 1844 2836 digna
1866 2805 1883 2833 ,

865 2844 1208 2912 significatio.

953 2940 999 2975 2.
1025 2923 1166 2974 Dum
1189 2924 1255 2975 sit
1278 2922 1598 2994 locupletior.
1620 2925 1883 2993 Frequens

880 3002 1079 3053 locutio
1108 3020 1206 3073 pro
1234 3003 1331 3053 iis:
1370 3026 1392 3047 u
1412 3006 1603 3053 Fateor
1630 3020 1728 3070 ego
1745 3040 1761 3066 ,
1791 3001 1885 3053 sed

883 3102 907 3126 a
928 3094 983 3131 tu
1032 3083 1259 3133 vicissim
1311 3082 1475 3133 fatere
1495 3119 1511 3147 ,
1562 3080 1882 3152 locupletio-

883 3180 906 3204 «ι
926 3178 1037 3210 rem
1056 3183 1078 3206 n
1117 3173 1218 3211 etc.
1254 3160 1337 3210 Sic
1365 3158 1519 3212 Ovid.
1551 3162 1764 3210 Metam.
1796 3161 1880 3227 X,

879 3237 1009 3304 309,
1035 3238 1166 3288 310:
1201 3240 1377 3289 «Tura
1399 3237 1588 3288 ferat...
1615 3237 1877 3289 Panchaia

885 3336 907 3359 ιι
928 3314 1080 3366 tellus
1112 3317 1250 3367 Dum
1283 3318 1415 3367 ferat
1449 3328 1501 3366 et
1533 3315 1798 3387 Myrrham
1819 3336 1878 3377 »3

878 3406 933 3445 et
959 3396 1152 3445 Noster
1184 3397 1259 3459 ΙΙ,
1300 3411 1389 3459 12,
1424 3411 1485 3461 7:
1530 3408 1877 3446 'vocenturm

883 3495 908 3518 κ
927 3473 1056 3524 dum
1085 3486 1258 3525 tamen
1287 3487 1510 3525 constet.
1534 3499 1555 3520 ι.

950 3553 1000 3603 3.
1025 3554 1108 3604 Ne
1132 3552 1302 3604 velim.
1328 3552 1502 3605 Guelf.
1528 3572 1620 3604 nec
1641 3553 1736 3605 vel.
1758 3557 1881 3607 Non

878 3630 1047 3697 male,
1072 3635 1114 3682 si
1138 3635 1477 3684 continuatur
1500 3635 1687 3683 oratio.

950 3710 1001 3775 4.
1054 3710 1330 3762 Lectorem.
1386 3710 1619 3781 Intellige
1676 3730 1881 3763 servum

879 3803 1235 3859 anagnosten,
1252 3791 1431 3859 quales
1448 3789 1718 3843 habebant
1738 3791 1883 3844 domi

879 3888 985 3922 suae
1008 3882 1268 3940 potentes.
1296 3873 1420 3942 Ejus
1444 3871 1761 3923 conditionis
1786 3870 1880 3922 ho-

847 3995 853 3999 .
882 3951 1077 3999 minem
1104 3947 1403 4001 Sositheum
1420 3988 1437 4015 ,
1465 3949 1726 4001 eruditum
1757 3968 1882 4001 sane

884 4040 938 4079 et
961 4026 1159 4097 aliquid
1182 4042 1368 4100 praeter
1393 4029 1598 4080 lucrum
1628 4043 1883 4087 sectatum

880 4107 937 4155 in
955 4104 1154 4171 litteris,
1171 4120 1434 4157 mortuum
1449 4106 1760 4158 desideravit
1773 4108 1880 4159 Cic.

883 4181 953 4233 ad
975 4186 1080 4236 Att.
1107 4187 1158 4250 1,
1188 4202 1266 4237 ια.
1292 4184 1424 4237 Plin.
1450 4187 1613 4257 Epist.
1639 4188 1704 4252 V,
1736 4202 1811 4255 ¹9·

2054 1896 2102 1949 5.
2141 1897 2237 1948 Ait
2273 1915 2380 1948 non
2419 1896 2587 1968 iqnob.
2626 1896 2734 1963 Qui
2772 1896 2826 1945 in
2853 1904 2962 1944 vett.

1979 1975 2245 2047 plerisque
2288 1973 2407 2026 edd.
2451 1976 2697 2025 inseritur
2730 1986 2855 2044 post
2888 1981 2964 2032 ut,

1979 2053 2256 2125 Sophocles
2276 2073 2344 2105 ne
2368 2055 2422 2103 in
2445 2052 2620 2104 Guelf.
2645 2051 2857 2121 quidem
2876 2061 2965 2112 est,

1977 2151 2152 2204 neque
2180 2136 2233 2185 in
2262 2131 2406 2198 ullo,
2436 2134 2646 2203 opinor,
2672 2128 2887 2182 Codice.

2049 2210 2099 2263 6.
2130 2212 2436 2283 Reginam...
2468 2210 2778 2261 orationem.
2803 2209 2965 2277 Eurip.

1977 2289 2178 2341 Hecub.
2220 2288 2357 2340 816:
2393 2284 2545 2339 Πυθοὶ
2582 2283 2637 2338 δι’
2659 2282 2745 2340 ‘niv
2774 2284 2966 2354 τύραννοι

1979 2365 2230 2435 ἀνθρώποις
2256 2362 2413 2432 μᾶνκν.
2445 2364 2726 2419 Suadelam
2756 2384 2871 2416 vero
2899 2383 2970 2414 re-

1973 2449 2154 2520 ¹qinam
2181 2447 2316 2498 inter
2333 2446 2564 2497 homines
2580 2443 2769 2496 solam.
2789 2445 2892 2497 Cic.
2911 2442 2970 2493 de

1976 2530 2121 2581 Orat.
2149 2527 2221 2591 ΙΙ,
2250 2524 2348 2592 44ι
2382 2547 2404 2568 κ
2424 2537 2566 2575 recte
2590 2540 2620 2573 a
2643 2521 2797 2574 bono
2826 2535 2974 2595 poeta

1975 2606 2115 2658 dicta
2157 2618 2236 2657 est
2277 2627 2299 2650 ει
2321 2603 2625 2669 flexamina,
2665 2616 2833 2674 atque
2869 2621 2973 2653 om-

1979 2706 2003 2730 ·
2023 2686 2168 2736 nium
2193 2685 2370 2753 regina
2394 2701 2567 2734 rerum
2594 2685 2788 2733 oratio.
2811 2707 2834 2728 n
2861 2682 2974 2734 Non

1974 2763 2250 2837 ignobilem
2284 2763 2535 2836 traqicum
2565 2763 2671 2814 dici
2699 2762 2889 2815 eadem
2914 2759 2974 2812 ad

1973 2842 2296 2896 laudandum
2310 2846 2359 2895 vi
2371 2882 2387 2909 ,
2405 2862 2506 2915 qua
2521 2842 2777 2915 Polybius
2798 2861 2828 2894 a
2841 2843 2971 2894 Livio

1973 2922 2268 2994 appelletur
2295 2922 2705 2995 haudquaquam
2739 2940 2975 2994 spemen-

1972 3001 2067 3053 dus
2084 3012 2266 3053 auctor
2276 3000 2331 3072 (i.
2359 3021 2403 3053 e.
2428 3004 2615 3071 testis),
2634 3014 2787 3053 recte
2806 3010 2975 3051 monet

1971 3082 2250 3132 Gesnerus.
2281 3078 2413 3131 Vide
2455 3079 2724 3133 Drakenb.
2770 3079 2841 3131 ad
2875 3080 2974 3131 Liv.

1971 3161 2146 3225 XXX,
2172 3158 2267 3226 45,
2294 3156 2343 3210 5.

2045 3255 2092 3306 7.
2106 3238 2249 3310 Stipe
2261 3236 2681 3288 advocationum.
2701 3239 2850 3288 Inest
2864 3253 2977 3286 con-

1972 3329 2202 3388 temptus
2214 3355 2231 3381 ,
2249 3315 2374 3367 huic
2395 3314 2516 3365 loco
2538 3318 2898 3379 conveniens,
2911 3314 2980 3364 rei

1970 3415 2066 3467 per
2094 3414 2147 3446 se
2180 3414 2288 3448 non
2324 3393 2648 3466 improbatae.
2684 3396 2811 3445 Jam
2848 3394 2978 3444 enim

1971 3474 2198 3527 desierat
2220 3476 2366 3526 nefas
2392 3492 2505 3525 esse
2527 3493 2731 3525 merces
2753 3473 2981 3545 patroci-

1970 3556 2076 3619 nii,
2103 3571 2259 3624 quam
2297 3567 2349 3605 et
2384 3554 2498 3624 ipse
2531 3555 2733 3604 Noster
2769 3563 2982 3604 excusat

1971 3646 2023 3685 et
2053 3632 2291 3684 defendit
2317 3634 2442 3699 XII,
2467 3633 2533 3699 33,
2562 3649 2625 3700 9,
2657 3648 2756 3699 ιο,
2791 3649 2878 3697 ιι,
2907 3647 2978 3681 12.

1969 3714 2119 3781 Legis
2156 3714 2345 3764 Cinciae
2382 3710 2446 3781 (a
2485 3713 2666 3763 Cincio
2710 3711 2981 3762 Alimeuto

1969 3791 2182 3841 tribuno
2211 3789 2284 3861 pl.
2314 3789 2429 3840 latae
2454 3791 2513 3839 A.
2541 3792 2603 3840 U.
2631 3792 2689 3840 C.
2724 3789 2862 3859 550)
2887 3804 2982 3858 qua

1971 3882 2185 3920 cautum
2222 3880 2363 3934 erat,
2405 3887 2472 3918 ne
2515 3870 2629 3937 quis
2671 3887 2784 3939 pro
2832 3885 2986 3919 causa

1973 3947 2170 3999 oranda
2189 3946 2388 3998 donum
2408 3965 2662 3998 munusve
2684 3950 2984 4019 acciperem

1972 4028 2403 4078 restaurationem
2415 4026 2604 4077 frustra
2621 4039 2900 4078 tentatam
2919 4027 2986 4075 vi·

1970 4104 2035 4156 de
2059 4103 2200 4175 apud
2214 4106 2482 4171 Taciturn,
2502 4103 2691 4155 Annal.
2717 4107 2830 4173 XI,
2851 4106 2912 4170 5,
2932 4103 2989 4168 6,

1974 4199 2026 4253 7,
2045 4196 2234 4235 nostrae
2254 4181 2494 4237 editvol.
2515 4184 2609 4250 111,
2628 4201 2682 4256 p.
2718 4185 2820 4253 14,
2842 4201 2986 4257 seqq.
