3200 5150
713 502 1362 571 INSTITUTIONIS
1399 504 1653 571 ORAT.
1694 506 1854 572 LIB.
1896 509 1961 587 1,
2005 507 2068 574 6.
2319 510 2441 600 159

340 627 653 702 caderet:
695 629 924 729 itaque
962 656 1108 702 non
1149 629 1409 702 ratione
1442 630 1718 721 nititur,
1754 632 1874 704 sed
1913 634 2271 733 exemplo;
2312 664 2443 709 nec

339 746 450 818 lex
488 765 589 817 est
632 744 1005 845 loquendi,
1052 745 1172 817 sed
1210 744 1629 835 observatio,
1675 768 1751 818 ut
1785 748 2007 846 ipsam
2042 751 2444 850 analoqiam

339 861 539 933 nulla
569 888 672 933 res
704 859 841 932 alia
869 860 1144 948 fecerit,
1182 887 1398 959 quam
1428 862 1882 934 consuetudo,
1924 863 2274 938 lnhaerent
2298 881 2316 911 ¹
2349 888 2445 940 ta-
2486 898 2548 954 ¹7

341 1002 510 1047 men
554 976 844 1074 quidam
895 975 1378 1048 molestissima
1426 974 1795 1075 diligentiae
1843 981 2272 1076 perversitate
2292 1038 2311 1071 ‚
2368 1004 2449 1056 ut

339 1091 740 1163 audaciter²
779 1092 1009 1190 potius
1039 1091 1312 1180 dicant,
1357 1102 1572 1190 qua‘m
1610 1094 1972 1182 audacter,
2009 1094 2168 1168 licet
2199 1124 2446 1170 omnes

342 1228 639 1279 oratores
673 1206 864 1279 aliud
900 1228 1311 1307 sequantur3
1363 1229 1429 1279 et
1459 1213 1814 1296 emicavit,
1853 1236 1997 1282 non
2035 1218 2347 1302 emicuit,
2381 1235 2451 1287 et
2560 1199 2565 1203 ⁶

333 1328 607 1410 conire,
639 1346 785 1393 non
815 1329 1023 1395 coire.
1059 1321 1187 1394 His
1217 1323 1701 1421 permittamus
1726 1345 1792 1395 et
1813 1327 2177 1415 audivisse,
2215 1348 2283 1399 et
2309 1335 2450 1402 sci-

337 1444 505 1512 visse
518 1435 575 1527 -3,
590 1457 659 1509 et
674 1436 1039 1526 tribunale,
1058 1460 1125 1510 et
1117 1438 1457 1536 faciliter,
1476 1437 1703 1510 dicere
1722 1436 1755 1501 4
1770 1467 1785 1509 ;
1794 1441 2106 1539 fraqalis
2118 1440 2146 1486 ⁵
2163 1469 2449 1544 quoque

338 1609 534 1679 Regius
549 1610 713 1681 quein
731 1626 937 1681 quoque
954 1607 1169 1674 abrasit,
1186 1626 1346 1679 quam
1436 1610 1508 1661 ita
1538 1608 1688 1680 loqui
1710 1609 1975 1680 juberent.
2001 1612 2139 1663 Nam
2162 1613 2270 1664 Cic.
2298 1615 2446 1668 Orat.

339 1689 580 1760 plerique
599 1688 855 1753 ditm-ee,
876 1702 929 1741 et
946 1692 1084 1741 inter
1103 1688 1204 1740 hos
1222 1690 1350 1742 Ges·
1436 1705 1483 1738 c.
1515 1687 1583 1756 47
1615 1686 1772 1739 docet
1789 1727 1806 1754 ,
1846 1709 1868 1733 α
1888 1701 1941 1739 et
1976 1689 2193 1760 plenum
2225 1692 2450 1745 verbnm

339 1787 502 1825 norun
515 1808 536 1835 ‚
580 1782 704 1821 sunt
750 1770 932 1821 secuti.
978 1768 1126 1821 Nihil
1171 1782 1347 1821 tamen
1443 1788 1465 1813 κ
1485 1778 1628 1819 recte
1649 1765 1755 1818 dici
1773 1779 1825 1817 et
1843 1768 2178 1819 imminutum
2193 1772 2398 1823 usitate.
2417 1796 2442 1821 υ

342 1867 478 1920 opus
500 1867 530 1901 a
544 1848 713 1900 Codd.
730 1866 879 1919 paene
900 1850 1135 1901 omnium
1153 1862 1204 1901 et
1224 1848 1344 1901 edd.

339 1941 574 1980 veterum
587 1929 844 1998 scriptura
855 1927 1115 1979 recedere.
1133 1928 1350 2000 Quoque

341 2006 544 2058 dictum
564 2018 644 2059 est
661 2024 759 2077 pro
778 2023 1090 2079 quocunque
1109 2006 1316 2057 tandem
1326 2044 1344 2071 ,

341 2097 476 2138 cereo
508 2086 765 2159 quodam,
803 2084 947 2137 unde
983 2085 1205 2138 fortasse
1237 2104 1348 2137 non

341 2166 789 2220 contemnendum
808 2204 824 2230 ‚
870 2165 1015 2237 quod
1054 2165 1147 2218 dat
1191 2169 1344 2219 Voss.

348 2266 367 2300 ι
390 2286 407 2314 ,
440 2265 680 2320 quoquo,
715 2249 816 2298 nisi
852 2246 989 2297 forte
1025 2259 1105 2298 cst
1138 2262 1169 2297 a
1201 2260 1346 2297 mero

339 2342 530 2379 errore.
555 2328 724 2378 Etiam
749 2324 877 2378 Obr.
899 2325 1122 2376 restituit
1142 2341 1350 2397 quoque

340 2418 400 2458 ut
431 2419 486 2458 et
515 2403 679 2458 Loch.
709 2407 885 2474 Progr.
920 2405 1069 2474 1789.
1100 2406 1349 2457 Attamen

340 2486 523 2538 nescio
546 2503 652 2556 quo
677 2483 838 2535 modo
857 2484 1067 2536 facilior
1082 2483 1349 2536 videretur

342 2566 540 2632 oratio,
561 2566 606 2618 si
624 2579 759 2618 esset
778 2583 913 2638 :quo
931 2564 1162 2638 quidque
1173 2563 1346 2617 modo.

341 2644 475 2699 vide
498 2658 674 2697 tamen
697 2642 841 2697 Cort.
868 2642 935 2695 ad
958 2644 1079 2697 sau,
1106 2644 1220 2697 Cat.
1249 2643 1347 2709 23,

340 2726 375 2792 4
392 2764 410 2792 ,
435 2739 488 2778 et
508 2727 627 2795 Jug.
653 2724 754 2790 60,
786 2741 835 2796 7.
864 2751 938 2765 --
963 2724 1105 2794 Quid
1125 2739 1347 2796 quoque.

343 2805 556 2857 Habent
577 2805 638 2858 R.
672 2823 718 2872 ι,
745 2823 804 2871 2,
823 2806 885 2871 3,
910 2819 962 2858 et
982 2805 1143 2857 Cam.
1164 2804 1351 2856 ΕΑ.-

350 2882 490 2954 Quid
525 2902 728 2957 quoque
762 2883 935 2935 modo.
970 2885 1053 2936 Sic
1087 2896 1139 2935 et
1170 2883 1345 2935 Turio.

343 2962 530 3014 Monet
550 2979 664 3032 quae
680 2962 786 3014 hnc
803 2963 1034 3028 faciunt,
1060 2960 1127 3013 de
1145 2979 1351 3034 quoque

344 3040 502 3093 modo
543 3043 807 3114 inprimis,
850 3045 888 3094 1.
927 3043 991 3093 H.
1025 3044 1244 3093 Vossius
1275 3041 1351 3092 ad

344 3117 930 3191 visgil.1·:cl.111‚1o9‚
952 3140 1007 3192 p.
1038 3117 1151 3171 155.
1173 3120 1347 3172 Sum.

347 3215 402 3251 ¹¹¹
423 3200 601 3262 Praef
624 3219 677 3270 p·
708 3217 789 3269 77·

425 3293 470 3331 t.
492 3278 781 3344 Inhoerent,
803 3281 1050 3331 nimirum
1071 3276 1347 3351 analogice,

347 3355 415 3422 de
440 3374 546 3429 qua
567 3360 912 3410 cummaxime
936 3359 1058 3428 agit.
1072 3356 1209 3409 Vide
1227 3371 1350 3408 mox

347 3438 395 3504 S.
425 3454 508 3488 πο.

301 3516 308 3522 ’
423 3531 472 3567 2.
515 3514 850 3567 Audaciter...
893 3531 1069 3566 omnes
1111 3524 1346 3565 emtores

349 3593 486 3648 Vide
511 3593 579 3646 de
603 3593 769 3666 hujus
788 3598 933 3648 vocis
959 3597 1216 3666 scriptura
1237 3595 1347 3644 VV.

350 3674 465 3725 DD.
498 3673 564 3724 ad
591 3671 1028 3740 mv.xx11,25‚
1063 3673 1353 3744 to,inpri-

351 3752 452 3801 mis
479 3750 762 3802 Dukerum.
793 3753 922 3805 Item
947 3751 1015 3803 ad
1037 3753 1159 3818 XL,
1187 3749 1273 3816 55,
1301 3767 1354 3872 7,

352 3827 498 3901 apud
519 3827 1003 3882 Dmkenborehum.

425 3908 475 3959 3.
519 3905 786 3958 Audivisse
818 3921 994 3960 autem
1034 3921 1086 3960 et
1124 3907 1348 3971 solvisse,

352 3987 454 4038 nisi
468 3984 589 4038 libri
601 3987 769 4036 nostri
781 4003 1098 4057 magnopere
1116 3989 1353 4058 corrupti

356 4079 510 4132 sunt,
544 4084 656 4118 non
692 4069 875 4136 paucis
908 4066 1037 4117 locis
1070 4069 1351 4138 scriptores

355 4141 613 4196 dixerunt.
651 4146 896 4196 Fortasse
929 4146 1086 4214 igitur
1119 4147 1222 4213 Qu.
1259 4163 1351 4198 eos

356 4220 691 4278 antummodo
714 4222 1055 4298 improbavit,
1086 4226 1181 4294 qui·
1197 4227 1352 4277 unice

1508 1845 1558 1912 4.
1590 1844 1837 1897 Faciliter
1858 1845 2038 1897 dicere.
2063 1847 2235 1901 Guelf.
2266 1864 2450 1921 poste-
2513 1905 2524 1917 ‚

1437 1926 1544 1978 rius
1565 1927 1760 1978 omittit
1773 1964 1789 1993 ‚
1809 1942 1919 1978 nou
1936 1924 2219 2000 proletaria
2242 1931 2451 2000 profec-

1438 2020 1492 2057 to
1518 2008 1794 2078 scriptura.

1509 2086 1557 2138 5.
1602 2085 1854 2160 qualt's.
1872 2127 1883 2138 .
1901 2128 1911 2138 .
1929 2128 1940 2139 .
1974 2087 2276 2161 fruqah‘tas.
2314 2091 2448 2142 Tam

1437 2167 1788 2237 superstitiosi
1840 2166 2092 2236 analogiae
2143 2166 2448 2220 defensores

1433 2242 1680 2313 profecto
1714 2259 2034 2316 magnopere
2073 2244 2450 2298 aversabantur

1437 2340 1592 2374 usum
1638 2323 1798 2394 plane
1849 2328 2174 2376 contrarium
2215 2326 2404 2396 regulae
2428 2365 2449 2393 ‚

1437 2420 1546 2474 quo
1576 2402 1800 2456 dicimus
1824 2403 2067 2456 homines
2083 2405 2265 2479 fraqi,
2297 2408 2448 2457 Piso-

1435 2496 1559 2535 nem
1580 2482 1754 2557 fmyi.
1794 2486 1981 2555 Neque
2016 2496 2190 2536 tamen
2230 2488 2448 2538 omnino

1438 2561 1796 2635 spernendum
1831 2564 2151 2616 vocabulum
2181 2564 2448 2638 fmqalis‚

1437 2661 1548 2716 quo
1588 2659 1701 2697 non
1752 2643 1913 2695 semel
1960 2647 2042 2696 usi
2093 2658 2216 2696 sunt
2262 2648 2452 2716 optimi

1439 2724 1750 2794 scriptun-ee,
1782 2724 1838 2773 in
1871 2725 2232 2793 comparativo
2263 2723 2452 2775 saltem

1437 2815 1490 2854 et
1514 2789 1836 2875 superlativo
1854 2800 2052 2870 gradun
2070 2819 2222 2866 nam,
2244 2805 2335 2873 qui
2356 2821 2455 2874 po-

1438 2884 1591 2933 sitivo
1620 2893 1883 2945 uteretur,
1912 2880 2040 2932 mibi
2070 2881 2283 2951 quidem
2314 2901 2454 2934 non-

1438 2960 1564 3012 dum
1591 2973 1671 3012 est
1695 2963 1937 3012 inventus
1956 2998 1972 3024 ,
2002 2961 2102 3012 nisi
2132 2962 2270 3012 forte
2297 2963 2455 3032 Apu-

1437 3039 1603 3105 leius,
1635 3038 1729 3090 sed
1755 3039 2052 3108 significatu
2080 3038 2369 3109 peculiari,
2399 3054 2452 3092 et

1438 3117 1671 3169 Isidorus
1695 3116 2036 3188 HispfflensiS.
2068 3115 2229 3186 Apud
2250 3120 2457 3169 Varro-

1438 3211 1560 3247 nem
1583 3196 1652 3248 de
1674 3198 1730 3248 L.
1758 3197 1848 3260 L.‚
1874 3195 1907 3246 1.
1936 3195 2056 3260 vn,
2080 3212 2133 3266 p.
2163 3196 2288 3258 123,
2310 3211 2455 3247 men-

1439 3275 1568 3328 dum
1597 3294 1713 3328 esse
1742 3278 2003 3346 suspicor,
2036 3275 2131 3326 ubi
2163 3274 2231 3326 de
2265 3274 2457 3327 eadem

1439 3357 1545 3426 agit
1558 3373 1718 3422 voce,
1740 3369 1793 3407 et
1813 3355 2095 3424 legendum
2117 3354 2329 3426 quidem
2349 3374 2449 3427 pro

1426 3434 1833 3508 fmqalissimus,
1840 3434 2201 3507 fraqalimma
2218 3437 2317 3487 sic:
2306 3435 2463 3506 ·fru-›

1433 3514 1696 3587 qisst’mus,
1726 3516 2065 3588 fruqissima,
2103 3527 2163 3565 nt
2200 3527 2252 3566 et
2284 3515 2455 3606 paulo

1440 3607 1561 3643 ante
1601 3593 2030 3664 pauperissimus,
2076 3594 2453 3665 pauper-issima

1438 3689 1927 3743 propaupemmus,
1940 3672 2295 3744 pauperrima,
2302 3672 2459 3742 quod

1438 3754 1739 3823 inspicienti
1765 3751 1943 3803 locum
1971 3753 2199 3803 fortasse
2226 3770 2449 3821 persua-

1440 3829 1598 3882 debo.
1626 3833 1797 3882 Etiam
1818 3830 1961 3901 apud
1985 3831 2095 3881 Cic.
2115 3829 2329 3881 Tuscul.
2352 3831 2450 3896 111,

1444 3910 1503 3974 8,
1516 3907 1749 3981 fmqalis
1768 3909 1911 3961 nulla
1932 3912 2158 3974 mentio,
2178 3907 2307 3959 dum
2326 3925 2455 3981 ope·

1439 4007 1560 4041 rose
1572 3987 1903 4061 fmqalitatis
1927 3989 2181 4041 ambitum
2201 3992 2447 4060 exponit,

1440 4068 1735 4138 repetitque
1766 4085 1952 4118 vocem
1985 4087 2016 4120 a
2036 4070 2228 4140 fraqe,
2263 4081 2315 4119 et
2348 4067 2453 4120 ad·-

1435 4148 1688 4219 jectivum
1710 4151 1823 4218 ejus
1840 4148 1994 4221 fraqi
2017 4167 2131 4201 esse
2156 4149 2453 4219 significat,

1443 4226 1530 4277 cui
1558 4225 1862 4279 Graecorum
1892 4243 2002 4278 non
2036 4224 2251 4299 quidem
2275 4222 2452 4298 χρίσι-
