3200 5150
770 421 903 488 230
1345 422 1440 489 M.
1479 420 1707 485 FABn
1745 420 2302 503 Quirinum!

663 558 734 612 30
770 541 878 615 lut
917 569 1181 617 novum
1228 541 1702 640 praeciperem.
1741 542 1991 630 Quum
2024 566 2184 613 vero
2229 540 2629 640 antiquitus·
2655 567 2887 640 usqne

659 1021 726 1075 31

617 2175 687 2229 32

765 685 804 728 a
831 657 1137 729 Chirone
1158 677 1365 754 atque
1383 655 1656 727 Achille
1679 655 1768 727 ad
1792 676 2025 729 nostra
2045 675 2361 754 tempora
2379 656 2571 755 apud
2596 681 2887 743 omnes,

766 773 893 871 qui
923 772 1136 847 modo
1164 771 1550 870 legitimam
1577 770 2025 870 disciplinam
2050 769 2365 855 nonsint
2393 771 2654 869 perosi,
2685 770 2889 843 dura·

766 887 976 976 verit,
1010 914 1155 961 non
1199 909 1300 959 est
1339 886 1929 960 committendum
1960 899 1975 929 ¹
1998 938 2017 974 ‚
2062 907 2139 958 ut
2170 885 2293 959 illa
2327 884 2545 961 dubia
2580 884 2836 973 faciam
2860 940 2883 973 ‚

770 1002 1196 1075 defensionis
1231 1002 1721 1076 sollicitudine.
1764 1002 2108 1093 Quamvis
2152 1021 2389 1075 autem
2423 1001 2583 1073 satis
2608 999 2764 1101 jam
2797 1027 2885 1071 ex

766 1118 933 1218 ipsis
956 1174 975 1207 ‚
1011 1109 1270 1216 quibus
1312 1144 1473 1193 sum
1513 1118 1725 1193 modo
1768 1144 1970 1204 usuS‚
2007 1115 2380 1215 exempliS,
2417 1116 2698 1191 credam
2734 1142 2880 1191 esse

765 1233 1264 1321 manifestum,
1299 1262 1454 1332 quae
1498 1233 1713 1321 mihi,
1756 1255 1825 1307 et
1864 1254 2212 1332 quatenus
2252 1231 2536 1324 musice¹
2565 1230 2876 1330 placeat3

767 1349 1071 1448 apertius
1094 1370 1329 1423 tamen
1363 1349 1839 1448 profitendum
1867 1370 2071 1447 puto,
2102 1375 2247 1422 non
2279 1347 2460 1419 hanc
2490 1374 2530 1419 a
2561 1373 2675 1417 me
2705 1373 2887 1445 prae-

763 1462 945 1564 cipi,
979 1490 1134 1561 quae
1170 1490 1360 1535 nunc
1390 1464 1459 1535 in
1492 1464 1717 1537 scenis
1750 1464 2194 1553 effeminata,
2232 1483 2298 1534 et
2328 1461 2705 1561 impudicis
2731 1488 2881 1541 mo-

766 1576 872 1649 dis
903 1579 1148 1668 fracta,
1175 1605 1319 1650 non
1356 1608 1436 1651 ex
1468 1602 1659 1679 parte
1688 1579 2018 1670 minima,
2050 1579 2104 1650 si
2135 1577 2303 1679 quid
2337 1577 2408 1647 in
2441 1575 2643 1647 nobis
2666 1575 2879 1647 virilis

762 1692 1034 1766 roboris
1058 1695 1428 1783 manebat,
1454 1695 1738 1783 excidit3
1765 1696 1884 1767 sed
1914 1723 2057 1795 qua
2083 1694 2326 1766 laudes
2350 1690 2639 1763 fortium
2670 1717 2883 1762 cane-

759 1806 1092 1898 bantur2,
1125 1838 1404 1910 quaque
1440 1832 1506 1882 et
1539 1810 1671 1911 ipsi
1704 1806 2323 1900 fortes'canebant,
2355 1835 2484 1880 nec
2505 1804 2876 1910 psalteria-³

764 1946 834 1997 et
877 1928 1225 2026 spadicas,
1275 1928 1485 2007 etiam
1534 1926 1965 2027 virginibus‘t
2007 1927 2241 2027 probis
2285 1924 2707 2012 recusanda;
2754 1923 2877 1995 sed

762 2041 1238 2140 cognitionem
1277 2043 1594 2131 rationis,
1632 2070 1787 2142 quae
1820 2044 1909 2115 ad
1947 2043 2329 2115 movendos
2369 2040 2875 2139 leniendosque

764 2157 1057 2231 affectus
1099 2157 1492 2256 plurimum
1525 2157 1727 2231 valet.
1767 2161 1951 2233 Nam
1991 2181 2058 2234 et
2097 2158 2566 2259 Pythagoram
2607 2155 2881 2257 accepi-

759 2327 953 2379 musice
962 2326 1204 2400 leyendos
1212 2329 1439 2398 patant?
1451 2331 1622 2381 Possit
1632 2331 1773 2389 enim

759 2427 792 2460 e
810 2408 1144 2459 concesserint
1166 2407 1323 2462 latius
1341 2423 1530 2480 patens
1545 2410 1775 2481 putandi

757 2488 912 2538 notio
945 2485 1094 2539 haud
1123 2488 1462 2541 incommode
1494 2489 1646 2555 elici,
1673 2496 1773 2549 ‘cn-

751 2565 994 2638 jusmodi
1022 2567 1261 2638 exempla
1292 2584 1412 2622 sunt
1443 2570 1772 2640 frequentia,

757 2647 862 2696 nisi
900 2645 1035 2696 forte
1073 2646 1223 2699 malis
1256 2649 1588 2720 interpretari
1624 2650 1773 2706 Num

759 2723 977 2796 igitur...
1003 2723 1208 2795 legent?
1228 2727 1368 2776 Tum
1387 2725 1610 2779 habebis
1626 2764 1643 2790 .,
1662 2745 1773 2795 quo

757 2803 955 2854 referas
992 2800 1109 2853 illos
1122 2824 1141 2863 ,·
1176 2822 1496 2874 quamquam
1535 2820 1772 2866 remanet

757 2880 1080 2946 difficultas,
1108 2883 1285 2952 quod,
1313 2902 1431 2953 quae
1461 2883 1624 2938 modo
1654 2885 1773 2936 fue·-

757 2973 841 3012 ηε
883 2962 1225 3030 interrogatio
1241 3000 1258 3028 ‚
1300 2961 1387 3014 hic
1428 2965 1674 3033 protinus
1712 2959 1770 3016 fit

757 3040 1111 3105 asseveratio,
1144 3053 1228 3105 et,
1256 3044 1505 3111 quoniam
1529 3044 1584 3094 in
1611 3044 1772 3096 inter-

756 3120 1035 3188 rogatione
1073 3122 1286 3188 negatio
1329 3121 1667 3192 intelligitur,
1715 3124 1769 3173 in

753 3201 1146 3252 asseveratione
1167 3217 1304 3269 opus
1324 3212 1401 3251 est
1422 3219 1667 3271 expressa
1682 3221 1772 3252 ne-

754 3280 989 3348 gatione.
1020 3278 1124 3330 Sed
1152 3282 1340 3350 optimi
1369 3284 1565 3351 quique
1598 3284 1767 3353 scrip-

746 3372 899 3410 tores
933 3357 1195 3410 interdum
1230 3360 1431 3412 malunt
1458 3362 1645 3416 lectori
1672 3361 1769 3414 ad-

752 3435 988 3490 dendum
1029 3437 1259 3508 aliquid,
1297 3440 1458 3491 immo
1499 3443 1769 3512 con-igen-

750 3514 882 3568 dum
895 3553 912 3582 ‚
928 3516 1224 3586 relinquere
1233 3555 1250 3584 ‚
1261 3536 1420 3587 quam
1436 3517 1765 3574 verbosiores

749 3596 882 3648 fieri.
913 3598 1169 3648 emen-um
1198 3599 1252 3648 in
1284 3600 1433 3651 initio
1464 3598 1625 3671 hujus
1659 3601 1765 3653 loci

748 3693 814 3726 ac
836 3673 1015 3745 (quod
1038 3678 1214 3729 Turio.
1235 3676 1368 3730 cod.
1391 3676 1584 3750 habet)
1606 3679 1763 3750 longe

746 3756 816 3807 sit
835 3757 1038 3825 aptius,
1055 3773 1214 3827 quam
1231 3768 1319 3821 at,
1336 3775 1499 3828 quum
1519 3758 1664 3809 nulla
1684 3760 1762 3811 in-

747 3836 818 3886 sit
847 3833 1109 3906 objectio,
1134 3854 1311 3908 neque
1335 3850 1512 3890 tamen
1536 3837 1675 3891 ullus
1698 3838 1760 3891 li-

744 3909 844 3965 ber
865 3912 1031 3968 babet
1051 3934 1130 3967 ac.

827 4011 849 4045 1
860 4031 873 4045 .
892 3995 1020 4048 Non
1035 4006 1111 4049 eet
1126 3996 1576 4056 committendum.
1595 4000 1764 4054 Omit-

744 4072 811 4124 tit
841 4072 1001 4130 Gesn.
1033 4086 1136 4141 est,
1171 4095 1317 4132 mero
1352 4097 1560 4146 errore,
1591 4093 1757 4151 puto,

749 4167 917 4222 quum
933 4154 1000 4207 nit
1016 4156 1073 4208 in
1098 4155 1345 4214 omnibus
1369 4157 1532 4215 libris.
1549 4189 1623 4242 ἱ--
1642 4160 1759 4214 Βιι·

1861 2329 1953 2382 bio
1962 2330 2155 2402 procul
2165 2327 2491 2383 resumenda
2502 2340 2583 2380 est
2591 2326 2873 2379 lectio.En.

1937 2429 1983 2462 2.
2014 2409 2115 2463 Sed
2136 2428 2243 2482 qua
2269 2408 2447 2465 Iasides
2461 2407 2692 2480 fortium
2715 2424 2875 2457 cane—

1862 2490 2063 2540 bantur.
2107 2490 2227 2540 Jan.
2264 2486 2532 2541 Gebhard.
2566 2484 2872 2556 Ctepundq

1862 2568 2008 2632 l..11‚
2037 2588 2085 2620 c.
2115 2568 2180 2634 3,
2212 2587 2266 2639 p.
2301 2564 2389 2634 64.
2420 2567 2565 2620 MSS.
2602 2564 2764 2618 Palat.
2798 2567 2873 2618 itt

1863 2651 2187 2702 concinnant
2213 2647 2356 2698 hunc
2380 2645 2719 2718 complexum
2748 2664 2874 2697 ora·

1863 2730 2022 2790 tionis
2044 2727 2303 2798 genuine:
2328 2726 2414 2779 sed
2435 2745 2542 2799 qua
2566 2725 2744 2782 lauda
2756 2725 2876 2797 forv-

1862 2808 1993 2870 tium
2040 2807 2374 2871 canebantur,
2412 2824 2642 2879 quasque
2682 2815 2734 2856 et
2773 2804 2875 2876 ipsi

1850 2886 2019 2957 fortes
2048 2886 2303 2938 canebant
2320 2906 2339 2934 .-
2367 2903 2461 2936 uec
2483 2883 2737 2956 psalteria
2762 2884 2873 2954 ipsa

1860 2965 2001 3017 dicas
2025 2966 2183 3017 etiam
2213 2964 2493 3037 virginibus
2518 2963 2693 3035 probis
2718 2981 2871 3014 mcu-

1856 3043 2038 3096 sanda.
2069 3045 2152 3097 Sic
2180 3042 2411 3096 Achilles
2440 3041 2587 3113 apud
2612 3044 2872 3107 Statium,

1858 3124 1894 3175 1.
1920 3125 1943 3175 1
1958 3162 1976 3190 ‚
1999 3143 2133 3175 vers».
2167 3124 2265 3190 184
2289 3136 2341 3174 et
2364 3140 2512 3193 seqq.
2542 3123 2635 3173 En.
2666 3123 2829 3176 utcu.

1928 3205 1981 3255 3.
2020 3203 2330 3255 psalteria...
2363 3201 2613 3273 spadica&
2646 3201 2871 3252 Effemi-

1857 3283 2063 3334 uaniora
2092 3282 2291 3332 emeris
2319 3281 2666 3334 instrumenta
2694 3279 2868 3349 desig-

1856 3373 1981 3425 nat,
2023 3359 2197 3430 qualia
2239 3371 2389 3410 erant
2430 3358 2502 3409 ob
2544 3356 2866 3411 chordarum

1856 3438 2275 3504 multitudinem,
2294 3437 2349 3490 ni
2374 3436 2547 3506 l‘allor.
2576 3439 2745 3489 Etiam
2774 3439 2867 3490 Ci-

1855 3538 1980 3572 cero
2009 3518 2076 3570 de
2105 3520 2229 3570 Har.
2259 3531 2432 3588 resp.‚
2460 3537 2507 3568 c.
2543 3533 2602 3570 21
2623 3555 2640 3582 ‚
2670 3516 2871 3590 psalte-

1854 3599 1987 3650 rium
2016 3609 2253 3650 recenset
2266 3598 2327 3658 in
2346 3598 2666 3665 argumentis
2686 3596 2865 3652 moui-

1852 3680 1942 3729 tiei
1977 3676 2281 3729 Clodianae:
2324 3673 2509 3740 oniae
2538 3675 2741 3728 Polluci
2775 3677 2862 3742 lv,

1855 3756 1942 3825 59,
1978 3769 2302 3808 memoratur
2339 3758 2475 3807 inter
2513 3758 2862 3809 instrumenta

1850 3840 2052 3892 musica
2085 3856 2190 3891 una
2223 3855 2344 3889 cum
2378 3836 2580 3901 φοίνικι,
2604 3851 2663 3889 ut
2694 3855 2861 3909 appa·

1847 3931 1959 3969 reat
1998 3930 2282 3989 utrumque
2323 3916 2391 3968 ab
2434 3916 2624 3978 arbore
2659 3935 2861 3972 nomen

1846 3999 2137 4070 accepisse.

1917 4079 1969 4145 4.
2019 4078 2349 4151 Virginibus,
2389 4077 2593 4136 nedum
2635 4090 2697 4134 ut
2736 4079 2861 4136 viris

1844 4162 2235 4236 permittantur.
