3200 5150
836 478 962 556 224

1396 475 1490 538 M.
1531 474 1758 539 FABII
1795 472 2348 557 Qnm'rtLIAm

831 616 1111 684 verunt3
1153 615 1255 683 et,
1308 595 1590 667 eosdem
1635 596 1995 695 utriusque
2044 597 2140 669 rei
2180 617 2632 696 praeceptores
2672 598 2918 689 fuisse,

828 738 1054 810 quum
1070 710 1390 809 Sophron
1409 710 1739 799 ostendit,
1762 712 2146 783 mimorum
2167 712 2456 811 quidem
2476 713 2785 811 scriptor,
2804 716 2921 787 sed

828 853 1048 925 quem·
1072 825 1264 897 Plato
1291 838 1307 867 ¹
1348 825 1521 897 adeo
1556 825 1907 923 probavit,
1943 847 2022 897 ut
2050 826 2441 925 suppositos
2474 827 2679 925 capiti
2714 827 2918 900 libros

730 957 791 1010 ιε
826 939 1269 1041 ejusrquum
1301 960 1707 1027 moreretur,
1739 939 2066 1012 habuisse
2092 941 2477 1028 tradatur-²3
2509 963 2663 1013 tum
2690 944 2922 1042 Eupo-

825 1053 908 1126 lis
927 1111 946 1144 ,
982 1055 1173 1153 apud
1204 1081 1419 1153 quem
1450 1053 1838 1125 Prodamus
1871 1076 1939 1126 et
1967 1056 2283 1127 musicen
2314 1077 2382 1128 et
2408 1055 2662 1127 litteras
2692 1055 2919 1146 docet;

825 1191 893 1241 et
937 1168 1231 1240 Maricas
1249 1167 1302 1259 3,
1350 1169 1471 1268 qui
1521 1190 1621 1241 est
1665 1169 2148 1268 Hyperbolus,
2194 1169 2371 1242 nihil
2412 1198 2480 1243 se
2524 1197 2610 1242 ex
2658 1178 2922 1245 musicis

825 1341 932 1391 rius
971 1343 1148 1392 omnia
1183 1338 1558 1390 interciderunt
1596 1339 1792 1409 scripta
1812 1376 1829 1404 ‚

823 1417 1040 1471 alterius
1053 1419 1265 1470 nonnisi
1279 1430 1383 1469 tres
1398 1415 1829 1467 harmonicorum

824 1497 1203 1551 elementorum
1222 1496 1342 1548 libri
1360 1508 1483 1547 sunt
1501 1497 1826 1566 superstites.

823 1576 1095 1650 Archytae,
1119 1579 1214 1629 viri
1245 1573 1545 1647 reipublicae
1578 1573 1830 1626 adminis-

823 1656 1019 1707 trandae
1046 1659 1236 1727 pariter
1256 1674 1320 1707 ac.
1342 1652 1692 1727 philosophiae
1717 1653 1827 1705 lau-

822 1735 890 1787 de
932 1734 1088 1802 clari,
1133 1747 1453 1787 memoratur
1491 1750 1522 1784 a
1562 1732 1827 1784 veteribus

818 1813 972 1880 liber,
995 1816 1275 1885 inscriptus
1299 1807 1563 1879 ἑρμονυιόν,
1594 1810 1685 1862 ubi
1713 1811 1826 1861 for-

820 1906 958 1945 tasse
978 1892 1081 1944 hoc
1102 1892 1389 1961 legebatur.
1408 1891 1751 1941 Aristoxenus
1771 1892 1826 1940 in

819 1974 938 2043 ipso
971 1973 1145 2042 operis
1179 1972 1367 2022 servati
1398 1971 1582 2020 initio:
1619 1967 1699 2023 οἷς
1722 1968 1825 2035 περὶ

809 2048 981 2115 μέλους
996 2088 1012 2111 ,
1038 2053 1112 2102 ait
1126 2047 1419 2116 ,hs'mwipaenc
1437 2047 1726 2115 πολυμεροῦς
1750 2048 1823 2098 οὔ·

818 2150 897 2185 ους
926 2150 970 2180 ιι.
998 2151 1045 2180 τ.
1076 2144 1121 2180 λ.
1155 2147 1268 2200 quae
1297 2140 1473 2179 narrat
1505 2126 1822 2178 Meibomius

817 2212 872 2262 in
894 2208 1209 2279 quibusdam
1234 2209 1491 2278 excerptis
1510 2208 1724 2258 musicis
1749 2209 1822 2257 sic

805 2291 1090 2353 ,immutata
1119 2288 1250 2358 legi:
1276 2287 1356 2341 eti-'c
1378 2286 1599 2350 μουσικαῖς
1629 2283 1825 2337 ἐπισιτί-

811 2389 904 2433 punc
928 2390 971 2420 ιι.
993 2391 1041 2420 ιτ.
1071 2384 1117 2419 λ.
1149 2382 1208 2419 ut
1235 2369 1402 2438 possit
1426 2365 1590 2417 videri
1614 2364 1694 2417 vel
1719 2365 1823 2418 hoc

814 2450 934 2519 ipso
957 2447 1123 2499 latum
1146 2449 1371 2499 musices
1397 2446 1685 2512 ambitum,
1714 2464 1821 2516 quo

816 2539 872 2578 et
914 2528 1253 2597 grammatica
1299 2527 1684 2591 contineretur,
1731 2523 1825 2575 de·

813 2620 1150 2658 monstrasse.
1177 2606 1340 2658 Paulo
1364 2606 1527 2670 infra,
1548 2624 1600 2675 p.
1630 2622 1657 2656 2
1671 2643 1688 2670 ,
1708 2607 1822 2675 ipse

814 2700 1192 2739 commemorat
1214 2682 1283 2738 ταὶ
1298 2686 1565 2754 tamnen,
1589 2684 1735 2756 quod
1754 2685 1821 2736 de

812 2764 990 2831 libris,
1016 2763 1129 2834 cepi
1150 2765 1381 2821 Μουσικῖς
1397 2803 1412 2825 ,
1446 2768 1821 2836 interpretatur

811 2844 1158 2909 Meibomius‚
1177 2847 1232 2896 in
1253 2844 1444 2915 quibus
1465 2862 1675 2896 omnem
1699 2862 1818 2894 mu-

811 2925 944 2975 sices
960 2926 1230 2975 maten'am
1244 2925 1548 2994 exposuisse
1560 2924 1820 2974 Aristoxe-

811 3020 911 3053 nus
931 3016 1011 3053 est
1030 3002 1325 3074 putandus,
1341 3015 1393 3054 et
1410 3020 1470 3053 ea
1491 3019 1706 3071 quoque
1725 3000 1818 3053 do·

809 3083 1009 3149 unisse,
1036 3099 1149 3152 quae
1172 3079 1259 3132 hic
1285 3094 1544 3132 memorat
1567 3081 1671 3149 Qu.
1698 3081 1817 3132 Sus-

807 3164 1015 3233 picatur
1048 3174 1221 3212 tamen
1248 3158 1481 3211 Jacobus
1507 3158 1814 3225 Morellius‚

811 3242 900 3310 qui
925 3258 1096 3309 nuper
1116 3237 1301 3310 (1785)
1321 3258 1384 3291 ex
1400 3238 1727 3291 bibliotheca
1747 3240 1810 3291 D.

809 3319 974 3368 Marci
1001 3322 1202 3369 Veneta
1233 3321 1434 3388 primus
1472 3316 1636 3369 edidit
1666 3317 1813 3370 An's-

809 3395 984 3446 toxem'
995 3395 1422 3466 Rhythmicorum
1438 3395 1809 3448 elementorum

796 3473 1042 3546 fraqmen
1051 3486 1128 3538 ta,
1151 3473 1240 3544 huj
1249 3493 1308 3525 us
1328 3476 1663 3545 potissimum
1682 3493 1813 3546 ope·

807 3554 878 3604 ris
902 3572 1015 3605 esse
1039 3554 1244 3618 locum,
1270 3572 1377 3624 quo
1401 3555 1645 3624 respiciat
1669 3555 1771 3621 Qu.

807 3681 813 3686 .
885 3649 928 3683 1.
950 3631 1163 3683 Plato'...
1187 3631 1414 3684 habuisse
1434 3632 1681 3683 tradatur.
1697 3634 1810 3684 Me-

804 3713 989 3779 nagius
1013 3710 1081 3761 ad
1103 3713 1393 3781 Diogenem
1417 3711 1585 3760 Laert.
1606 3747 1623 3774 ‚
1646 3709 1679 3760 l.
1708 3713 1777 3761 m
1789 3749 1806 3777 ‚

803 3806 911 3858 seg.
946 3790 1007 3841 18
1023 3828 1040 3855 ,
1062 3788 1318 3861 plurimos
1343 3789 1498 3839 affert
1523 3791 1805 3858 scriptores

802 3866 943 3929 idem
969 3883 1252 3921 narrantes.
1280 3871 1360 3919 De
1383 3865 1689 3937 Sophrone,
1715 3871 1806 3937 qui

801 3951 1034 4016 egerint,
1049 3947 1241 3998 multos
1261 3958 1498 3997 recenset
1517 3944 1804 4011 Fabricius,

801 4025 869 4077 ab
899 4026 1108 4078 Hei-lete
1135 4038 1349 4090 auctus,
1371 4024 1475 4076 vol.
1507 4025 1668 4097 11‚-p.
1699 4026 1803 4094 493

801 4122 911 4174 seq.
945 4107 1167 4169 Mirum,
1201 4106 1255 4155 ni
1287 4103 1644 4172 Quintilianus
1677 4103 1729 4155 h.
1764 4103 1800 4154 l.

793 4184 1024 4256 probarit
1054 4186 1258 4257 scripsit
1281 4185 1461 4255 potius
1492 4202 1651 4255 quam
1677 4202 1802 4254 pro-

1920 1339 2073 1391 bavit.
2092 1338 2192 1392 Sed
2205 1339 2311 1392 hoc
2326 1341 2473 1392 estin
2493 1340 2738 1393 omnibus
2758 1341 2919 1394 libris.

1969 1470 1975 1475 ,
1994 1435 2041 1470 2.
2064 1418 2337 1470 Tradatur.
2359 1421 2436 1470 Ita
2455 1417 2617 1471 Goth.
2634 1438 2757 1471 cum
2775 1424 2920 1474 socio

1918 1498 2028 1550 fere
2059 1496 2320 1549 indivulso
2344 1502 2497 1550 Voss.
2528 1515 2555 1548 2
2584 1511 2636 1550 et
2657 1498 2921 1571 plerisque

1918 1590 2043 1628 vett.
2071 1575 2191 1629 edd.
2217 1578 2399 1628 Coeteri
2420 1576 2634 1647 quidem
2657 1576 2826 1631 codd.
2846 1581 2924 1630 vi·-

1918 1655 2111 1708 dentur
2123 1656 2249 1709 dere
2262 1657 2516 1720 credatur,
2530 1657 2674 1728 quod
2686 1671 2736 1710 et
2745 1658 2919 1710 Guelf.

1915 1736 2142 1806 praesert.
2172 1736 2255 1789 Sic
2282 1736 2392 1787 fere
2422 1733 2543 1787 edd.
2570 1738 2887 1789 recentiores
2903 1775 2921 1803 ‚

1915 1826 1975 1865 ut
1997 1815 2158 1866 Gesn.
2185 1812 2480 1865 Facillimus
2510 1832 2654 1865 error
2681 1813 2922 1868 librario-

1915 1910 2048 1943 rum.
2068 1891 2202 1944 Vide
2231 1892 2366 1944 Duk.
2398 1891 2467 1943 ad
2493 1893 2602 1944 Liv.
2627 1893 2707 1959 X,
2737 1893 2802 1959 5,
2836 1894 2916 1960 14.

1913 1971 2047 2023 Mihi
2068 1971 2279 2041 quidem
2299 1971 2538 2023 credatur
2555 1974 2767 2025 nonnisi
2791 1991 2918 2026 con-

1912 2063 2105 2101 tortam
2119 2051 2604 2121 interpretationem
2616 2049 2820 2103 videtur
2833 2051 2921 2104 ad-

1912 2129 2133 2180 mittere.
2146 2128 2261 2181 Val.
2284 2129 2421 2183 Max.
2437 2130 2580 2193 VIII,
2598 2146 2648 2198 7,
2664 2131 2717 2180 in
2733 2129 2918 2183 eadem

1913 2205 2130 2259 historia
2164 2207 2366 2278 fertur,
2412 2227 2521 2260 non
2568 2208 2804 2261 creditur.
2846 2241 2918 2250 —

1917 2286 2190 2337 Tradetur.
2217 2289 2294 2338 lta
2316 2286 2499 2356 legunt
2521 2288 2582 2338 R.
2617 2304 2662 2352 1,
2689 2304 2748 2353 2,
2772 2287 2821 2340 5.
2848 2292 2916 2341 At

1912 2364 1973 2416 R.
2000 2364 2061 2429 3,
2086 2365 2153 2431 4,
2175 2366 2366 2431 Cin,
2389 2367 2506 2417 Car.
2533 2379 2587 2417 et
2610 2365 2694 2417 ed.
2720 2367 2914 2433 flacit„

1912 2442 2164 2494 credatur.
2190 2447 2281 2496 En.

1983 2523 2034 2574 3.
2066 2522 2409 2575 Prodamus...
2439 2524 2682 2578 Maricas.
2712 2525 2913 2578 Proda-

1911 2620 2027 2654 mus
2045 2620 2113 2653 an
2134 2601 2401 2673 appellata
2417 2604 2575 2655 fuerit
2592 2606 2707 2675 ipsa
2725 2623 2917 2657 comoe-

1911 2679 2025 2747 dia,
2053 2700 2166 2752 quae
2191 2694 2269 2733 est
2292 2682 2507 2733 Meursii
2531 2685 2741 2753 opinio,
2765 2684 2915 2735 dubi-

1911 2762 2009 2813 tari
2044 2773 2253 2832 potest3
2290 2778 2518 2831 persona
2553 2761 2775 2814 fortasse
2812 2764 2913 2815 fuit

1909 2838 2041 2892 alins
2064 2839 2330 2891 dramatis.
2355 2840 2612 2891 Maricam
2634 2855 2811 2894 autem
2832 2844 2911 2914 ip·

1908 2936 2026 2970 sum
2074 2917 2345 2970 comoedia
2392 2919 2665 2990 Eupolidis
2716 2940 2912 2973 nomen

1905 2998 2067 3049 fuisse
2088 3011 2298 3050 constat
2320 3000 2453 3051 inter
2473 3001 2772 3070 scriptores.
2794 3003 2913 3053 Me-

1906 3078 2056 3128 minit
2081 3080 2194 3148 ejus
2217 3077 2594 3149 Aristophanes
2613 3078 2755 3131 Nub.
2773 3098 2907 3133 vers.

1907 3153 2037 3220 553,
2064 3159 2154 3226 qui
2183 3168 2235 3206 et
2262 3157 2375 3226 ipse
2404 3156 2693 3225 significat,
2720 3160 2777 3209 in
2802 3160 2914 3231 Hy-

1903 3232 2212 3303 perbolum,
2231 3235 2518 3303 pessimum
2537 3233 2911 3307 demagngmn,

1905 3314 2151 3383 scriptam
2177 3330 2290 3364 esse
2316 3312 2563 3365 fabulam.
2590 3314 2913 3388 Hyper-boli,

1903 3396 2055 3462 cujus
2078 3393 2133 3442 in
2156 3393 2390 3462 nequitia
2410 3395 2483 3444 rei
2502 3393 2726 3465 publieae
2744 3394 2915 3446 admi·

1902 3470 2181 3523 nistrandae
2219 3470 2465 3524 decessor
2496 3473 2669 3526 fuerat
2700 3473 2869 3526 Gleon
2891 3513 2909 3540 ‚

1906 3573 1931 3596 α
1948 3550 2340 3622 improbitatem
2368 3565 2570 3604 veteres
2608 3555 2909 3604 Atticorum

1904 3650 1930 3676 ι
1949 3629 2219 3682 comoediae
2245 3643 2560 3683 notaverunt
2580 3656 2602 3679 ι
2636 3646 2696 3685 ut
2718 3635 2793 3683 ait
2814 3633 2910 3684 Ci-

1898 3726 2022 3760 cero
2048 3710 2220 3774 Brut.‚
2245 3727 2291 3760 c.
2318 3707 2403 3761 62.
2428 3710 2570 3762 Loca
2590 3710 2912 3782 Aristopha-

1896 3790 2009 3852 nis,
2046 3790 2162 3857 ipsa
2198 3787 2454 3858 piurima,
2492 3788 2705 3840 exhibet
2742 3788 2910 3842 Index

1894 3865 2125 3918 Brunkii.
2150 3869 2329 3919 Etiam.
2338 3865 2674 3939 Thucydides
2693 3870 2909 3941 Hyper·

1893 3944 2081 3997 bolum
2103 3961 2283 4014 vocat,
2298 3946 2395 3998 lib.
2414 3948 2556 4010 vm,
2582 3965 2627 3997 c.
2653 3948 2751 4015 73:
2768 3963 2908 4012 μοχ-

1894 4019 2019 4091 θιρον
2058 4024 2316 4091 elvepo-mv,
2355 4020 2778 4091 οιήμιυομίιον...
2814 4023 2910 4079 J‘ut'

1889 4123 2113 4172 eovnpuu
2138 4101 2219 4154 καὶ
2248 4101 2467 4168 αἰσχύνην
2495 4104 2573 4159 τῖς
2599 4124 2673 4154 σο
2652 4121 2820 4169 nasac,
2848 4119 2905 4159 et

1891 4182 2154 4238 Lucienus
2181 4185 2357 4254 ipsum
2382 4197 2433 4235 et
2455 4182 2739 4251 Cleonem,
2762 4197 2909 4239 tam-
