3200 5150
773 500 895 583 154
1332 501 1424 563 M.
1465 499 1691 563 FABn
1728 498 2280 582 QUINTILIANI

692 648 728 702 9
762 623 899 696 Sed
924 649 1090 721 pace
1117 621 1340 694 dicere
1364 620 1673 692 hominis
1697 619 2138 693 eruditissimi
2162 620 2363 692 liceat
2378 674 2398 708 ,
2427 617 2484 691 si
2493 621 2712 720 fervit
2734 646 2865 719 pu-

713 828 722 841 ,
761 758 858 810 tat
885 737 984 809 illi
1017 736 1241 809 simile
1278 741 1494 808 currit
1530 756 1599 807 et
1635 734 1829 834 ἱερεῖ,
1855 736 2065 834 fervo
2093 735 2390 823 dicetur,
2436 756 2516 807 ut
2549 760 2759 807 curro
2797 755 2870 808 et

660 1223 727 1263 lo

763 853 913 952 [eqo
937 882 958 924 .·
988 852 1180 951 quod
1215 852 1413 924 nobis
1449 850 1845 923 inauditum
1873 865 1892 897 ¹
1924 871 2043 923 est.
2075 850 2211 923 Sed
2235 876 2378 922 non
2406 870 2506 923 est
2531 849 2677 923 haec
2704 877 2867 923 vera

764 968 1185 1067 comparatio
1204 981 1234 1012 ²
1255 999 1272 1056 ;
1298 967 1696 1065 namfervit
1716 966 1816 1038 illi
1846 988 1947 1039 est
1961 965 2187 1039 simile
2202 971 2433 1053 servit,
2459 992 2675 1064 quam
2696 992 2868 1064 pro-

763 1084 1152 1182 portionem
1175 1082 1490 1181 sequenti
1506 1081 1731 1153 dicere
1748 1108 2024 1153 necesse
2039 1103 2140 1154 est
2136 1082 2431 1180 fervire,
2455 1101 2534 1153 ut
2547 1078 2866 1153 servire-²⁵.

763 1199 999 1270 Prima
1023 1210 1306 1295 quoque
1345 1196 1722 1297 aliquando
1760 1196 2004 1296 positio
2043 1224 2124 1269 ex
2156 1196 2454 1295 obliquis
2482 1194 2869 1286 invenitur,

765 1333 844 1385 ut
880 1312 1221 1384 memoria
1262 1332 1491 1410 repeto
1534 1309 1929 1384 convictosl*
1961 1339 2002 1383 a
2037 1339 2191 1399 me,
2238 1311 2362 1410 qui
2398 1310 2869 1409 reprehende-

766 1402 955 1513 raim,
987 1427 1176 1526 quod
1208 1425 1340 1498 hoc
1365 1427 1574 1498 verbo
1601 1452 1768 1498 usus
1797 1453 2017 1498 essem
2039 1481 2058 1515 ‚
2091 1432 2326 1527 pepiqi
2341 1456 2366 1512 ;
2396 1452 2565 1496 nam
2604 1425 2673 1496 id
2704 1424 2871 1523 qui-

767 1542 930 1615 dem
967 1541 1207 1613 dixisse
1243 1569 1558 1613 summos
1592 1562 1903 1613 auctores
1934 1542 2479 1630 confitebantur,
2529 1538 2872 1611 rationem

765 1677 1003 1728 tamen
1033 1655 1382 1754 negabant
1414 1656 1808 1754 permittere
1830 1711 1850 1744 ,
1901 1656 2065 1756 quia
2103 1657 2329 1755 prima
2367 1654 2611 1755 positio
2636 1661 2874 1754 pacis-

768 1798 919 1858 cor,
964 1797 1189 1870 quum
1221 1769 1507 1842 haberet
1539 1791 1861 1843 naturam
1893 1771 2239 1871 patiendi,
2273 1773 2528 1843 faceret
2557 1789 2874 1869 tempore

769 1885 1107 1984 praeterito
1123 1902 1366 1980 pactus
1378 1912 1549 1958 sum.
1572 1888 1715 1958 Nos
1728 1941 1747 1975 ‚
1769 1908 2011 1984 praeter
2025 1885 2498 1959 auctoritatem
2518 1905 2872 1958 oratorum

770 2021 975 2100 atque
997 1999 1480 2073 historicorum
1497 2057 1515 2090 ,
1537 2001 1858 2100 analogia
1876 2030 2156 2102 quoque
2178 2002 2441 2074 dictum
2463 2000 2874 2091 tuebamur;

771 2143 938 2187 nam
1001 2142 1226 2214 quum
1287 2116 1362 2188 in
1427 2136 1530 2188 ΧΠ
1588 2115 1841 2188 tabulis
1875 2113 2375 2216 ‚legeremusQ
2431 2119 2531 2189 Ni
2592 2120 2687 2189 ita
2745 2143 2881 2216 pa-

771 2262 882 2314 lum
900 2274 1127 2313 veterem
1150 2262 1457 2334 scriptorem
1475 2262 1632 2314 video
1649 2301 1666 2329 .,
1691 2264 1781 2333 qui

770 2358 871 2412 pro
889 2339 980 2391 tali
995 2338 1249 2409 loquendi
1267 2358 1365 2390 usu
1381 2343 1527 2392 testis
1543 2353 1595 2392 et
1611 2360 1784 2392 exem-

772 2419 922 2492 plum
948 2418 1215 2469 afferatur.

852 2515 895 2549 1.
941 2497 1092 2567 Quod
1119 2497 1261 2549 nobis
1293 2496 1609 2550 inauditum.
1645 2502 1783 2550 Prae-

775 2597 895 2630 sens
938 2577 1205 2629 indicativi
1238 2580 1377 2645 sive,
1417 2577 1563 2649 quod
1598 2580 1747 2630 aiunt
1767 2616 1784 2645 ‚

776 2657 953 2710 thema
978 2657 1123 2709 verbi
1136 2657 1372 2728 fervere,
1418 2671 1687 2728 tamquam
1722 2677 1784 2710 ex

776 2740 927 2790 tertia
952 2740 1324 2808 conjugatione
1344 2740 1755 2809 pronunciatum
1769 2777 1785 2803 ‚

776 2815 878 2869 sibi
910 2815 1147 2866 auditum
1181 2829 1369 2885 negat,
1408 2835 1579 2886 neque
1612 2816 1785 2883 ullus,

775 2908 910 2967 puto
927 2933 944 2961 ‚
969 2897 1192 2967 scriptor
1216 2915 1281 2948 eo
1306 2897 1500 2960 utitur;
1527 2897 1784 2947 infinitivo

782 2973 953 3025 multi.

853 3071 901 3105 2.
928 3054 1110 3105 Non...
1143 3071 1260 3105 vera
1284 3053 1620 3125 comparatio.
1653 3053 1787 3105 Vera

776 3151 878 3204 pro
905 3143 1068 3196 recta,
1092 3134 1241 3204 justa
1260 3172 1275 3197 ,
1304 3148 1360 3184 ut
1387 3135 1709 3197 sexcenties;
1736 3147 1787 3184 et

777 3212 922 3264 bona
942 3211 1237 3265 observatio
1259 3213 1602 3281 Quintiliani;
1628 3232 1788 3284 quan-

780 3292 851 3342 do
896 3294 1033 3344 enim
1081 3312 1314 3363 unquam
1354 3295 1649 3344 terminatio
1689 3296 1788 3346 ista

779 3373 910 3422 ervit
931 3374 1184 3442 pertinuit
1209 3372 1276 3424 ad
1299 3375 1505 3424 tertiam
1529 3377 1788 3445 conjuga-

784 3452 983 3502 tionem
999 3453 1023 3501 ’.τ’

854 3529 904 3580 3.
942 3530 1155 3580 Necesse
1193 3539 1318 3580 est...
1360 3539 1421 3579 ut
1450 3528 1649 3581 servire.
1687 3532 1787 3581 Pro

780 3618 884 3673 est,
933 3608 1081 3659 malit
1113 3608 1300 3679 aliquis
1330 3629 1391 3662 ex
1425 3623 1609 3661 nostro
1639 3629 1788 3661 more

779 3699 933 3750 esset,·
966 3689 1254 3740 innumeris
1283 3691 1422 3740 enim
1446 3703 1679 3741 veterum
1704 3690 1788 3740 lo-

780 3770 856 3820 cis
900 3778 1022 3819 esset
1070 3782 1401 3821 contractum
1450 3770 1550 3821 fuit
1600 3772 1654 3821 in
1699 3781 1784 3822 est.

778 3847 1031 3920 Exempla
1066 3848 1232 3902 habes
1268 3850 1532 3903 Drakenb.
1573 3850 1640 3902 ad
1677 3852 1785 3902 Liv.

779 3929 957 3994 XXII,
983 3927 1082 3993 36,
1126 3928 1174 3993 4.
1201 3928 1303 3981 Sed
1329 3944 1507 3982 monet
1534 3930 1787 3982 Ruhnke-

780 4009 899 4058 nius
936 4006 1004 4058 ad
1034 4006 1217 4060 Vellei.
1248 4010 1322 4074 ll,
1361 4010 1461 4075 42,
1502 4024 1700 4060 veteres
1734 4012 1789 4061 in

780 4084 929 4138 hisce
962 4087 1200 4161 Lonqum
1233 4099 1333 4149 est,
1385 4085 1652 4161 infinitum
1688 4099 1788 4153 est,

783 4168 863 4218 uti
888 4167 999 4218 fere
1021 4171 1264 4238 praesenti
1286 4168 1554 4220 indicativi
1578 4182 1668 4218 aut
1692 4170 1792 4219 im-

782 4246 1006 4318 perfecti
1029 4246 1265 4316 ejusdem
1288 4246 1450 4300 modi.
1475 4246 1603 4301 Tale
1629 4261 1682 4300 et
1702 4246 1790 4300 hic

1868 2262 2075 2315 videtur
2091 2282 2282 2316 necesse
2300 2272 2395 2328 est,
2424 2260 2569 2333 quod
2580 2300 2598 2327 ‚
2611 2262 2668 2313 iu
2686 2279 2881 2332 genere

1870 2343 2098 2409 dictum,
2120 2356 2294 2394 tamen
2311 2341 2377 2393 ad
2399 2354 2594 2393 certam
2614 2339 2882 2392 conditio-

1870 2441 1991 2474 nem
2021 2420 2357 2491 intelligitur,
2393 2419 2487 2471 ubi
2518 2419 2748 2491 sequenti
2784 2438 2879 2471 ex-

1872 2500 2118 2574 plicabis:
2136 2501 2300 2573 siquis
2311 2499 2453 2572 sequi
2463 2498 2698 2550 voluerit.
2715 2497 2883 2567 Quod

1875 2597 2050 2634 autem
2070 2594 2128 2633 ut
2144 2582 2336 2651 legitur
2354 2593 2476 2632 ante
2493 2579 2700 2644 servire,
2722 2579 2778 2631 id
2796 2598 2885 2632 ve-

1873 2680 1995 2714 reor
2017 2676 2075 2713 ut
2105 2663 2167 2713 sit
2199 2679 2262 2712 ex
2293 2673 2465 2711 vetere
2497 2658 2648 2710 libro,
2684 2660 2884 2728 Regius

1874 2752 1927 2792 et
1959 2760 2056 2811 pro
2097 2758 2160 2791 eo
2198 2737 2496 2790 inveniebat
2510 2775 2525 2802 ‚
2570 2736 2715 2807 quod
2751 2737 2888 2789 dant

1877 2821 2034 2870 etiam
2052 2817 2224 2871 Guelf.
2247 2821 2400 2868 Voss.
2432 2834 2448 2867 ι
2473 2855 2489 2882 ‚
2508 2816 2557 2867 3.
2574 2817 2717 2867 Jens.
2739 2814 2883 2886 (tac.

1876 2896 2075 2968 Gesn.).
2099 2898 2149 2949 Si
2171 2896 2325 2948 fidem
2345 2907 2630 2960 mererent,
2647 2896 2737 2964 qui
2758 2912 2887 2946 con-

1876 2976 2109 3029 tulerunt
2127 2975 2293 3028 codd.
2309 3013 2324 3040 ‚
2344 2974 2540 3025 multos
2561 2971 2774 3044 quidem
2793 2972 2889 3025 ha-

1876 3056 2117 3109 beremus
2147 3068 2304 3106 testes
2328 3066 2547 3124 receptae
2581 3054 2885 3123 scripturae3

1877 3136 2027 3188 multi
2047 3138 2186 3187 enim
2199 3133 2363 3186 codd.
2389 3132 2623 3185 silentur.
2646 3134 2704 3182 ln
2718 3130 2885 3186 Goth.

1877 3217 2003 3268 olim
2028 3229 2137 3268 erat
2160 3226 2238 3278 et,
2275 3214 2367 3266 sed
2393 3213 2832 3285 subterpunctum
2857 3231 2887 3263 e

1876 3300 2028 3367 eique
2044 3297 2350 3367 impositum
2365 3313 2416 3344 u.
2435 3295 2566 3344 Puto
2584 3306 2758 3343 tamen
2776 3309 2888 3343 reo·

1877 3378 2073 3428 tissime
2124 3372 2430 3425 emendasse
2481 3370 2729 3421 voculam
2782 3372 2890 3422 Re-

1878 3457 2050 3525 gium,
2077 3471 2240 3523 quum
2258 3451 2399 3502 nulla
2417 3489 2433 3514 ‚
2455 3452 2509 3501 in
2524 3448 2692 3500 Codd.
2716 3451 2888 3520 scrip·

1880 3547 1994 3584 tura
2016 3571 2032 3599 ,
2083 3542 2331 3602 appareat
2373 3527 2563 3580 idonea
2607 3530 2885 3580 sententia.

1879 3612 1996 3665 Vid.
2025 3611 2091 3664 ad
2121 3613 2175 3677 1,
2201 3610 2264 3675 4.,
2290 3626 2341 3677 9.

1963 3691 2014 3757 4.
2047 3690 2326 3743 Convictus.
2352 3686 2525 3739 Gueif.
2553 3688 2884 3759 conjunctos,

1878 3771 2129 3824 facillimo
2151 3783 2202 3821 et
2217 3789 2364 3841 paene
2378 3770 2671 3842 necessario
2689 3784 2886 3818 errore.

1876 3851 2036 3902 Goth.
2061 3862 2354 3900 correctum
2374 3847 2534 3898 habet
2549 3846 2808 3897 confictos
2822 3863 2887 3896 ex

1878 3933 2174 4003 conjunctos
2192 3968 2207 3993 ‚
2272 3926 2416 3999 quod
2468 3945 2578 3977 non
2625 3936 2886 3976 memorat

1878 4010 2037 4062 Gesn.
2052 4006 2170 4059 vid.
2186 4005 2449 4060 Drakenb.
2476 4004 2542 4056 ad
2563 4006 2668 4055 Liv.
2692 4006 2763 4068 11,
2786 4002 2890 4068 4ο,

1887 4091 1975 4154 13,
1999 4102 2048 4140 et
2075 4091 2313 4161 Epitome
2337 4089 2444 4139 Liv.
2465 4087 2699 4149 vanl,
2721 4104 2771 4156 p.
2796 4080 2888 4151 95.

1969 4168 2017 4221 5.
2059 4171 2371 4242 Leqeremus.
2413 4171 2553 4218 Vett.
2597 4163 2715 4217 edd.
2762 4175 2891 4214 ante

1878 4250 2171 4324 Gryphium
2194 4249 2464 4323 legerimus
2476 4286 2494 4316 ‚
2525 4267 2634 4302 non
2657 4246 2761 4299 levi
2779 4245 2891 4297 La-
