3200 5150
701 493 1359 564 INSTITUTIONIS
1394 494 1654 567 ORAT.
1693 496 1858 563 LIB.
1898 499 1963 577 1,
2006 502 2068 582 4.

2354 499 2439 590 95

328 615 523 692 unde
562 617 876 690 Duellius
911 615 1205 717 quidam
1233 631 1251 662 ¹
1294 616 1522 690 dicere
1552 617 1806 692 Bellios
1838 620 2009 692 ausi.
2052 619 2250 712 Quid
2285 622 2447 696 stlo-

328 749 534 809 eum²
562 733 949 836 stlitesque?
974 733 1174 826 Quid
1200 734 1264 805 T
1293 731 1531 809 litterae
1555 761 1723 807 cum
1754 736 1820 807 D
1849 735 2175 835 qu'aedam
2199 764 2447 838 cogna-
2488 758 2553 813 16

407 912 429 950 1
441 937 454 949 .
470 895 761 950 Duellius...
777 895 986 949 Bellios.
1004 895 1180 949 Guelf.
1198 894 1340 949 duel-

324 973 460 1030 los...
499 975 711 1030 bellosos
747 990 800 1030 et
834 976 995 1049 plane
1026 979 1102 1031 sic
1133 974 1335 1029 Bodlei.

324 1056 419 1115 alii
445 1056 623 1122 aliter,
651 1057 830 1111 nullus
858 1071 1038 1111 tamen
1065 1070 1338 1133 receptam

324 1133 420 1188 dat
434 1174 452 1202 ,
480 1135 574 1188 sed
596 1135 839 1208 plerique
860 1135 1117 1189 duellos...
1148 1135 1335 1203 bellos,

324 1215 473 1271 unde
508 1228 633 1288 post
672 1216 1035 1270 Columesium
1068 1216 1338 1269 Gesner-us

326 1295 577 1367 conjicit,
608 1313 721 1347 non
748 1294 816 1348 de
843 1297 1073 1367 propriis
1106 1297 1339 1348 nomini-

323 1370 428 1427 bus
454 1376 570 1444 agi,
601 1373 694 1429 sed
718 1373 786 1426 de
810 1374 1082 1446 adjectivis
1098 1412 1116 1440 ,
1144 1388 1196 1427 et
1223 1393 1338 1431 res-

322 1454 433 1527 pici
456 1453 635 1505 locum
661 1453 944 1529 quemdam
962 1455 1154 1522 Naevii,
1173 1472 1343 1509 serva-

325 1546 440 1586 tum
460 1534 514 1585 in
534 1531 722 1584 Glossa
744 1532 889 1605 apud
903 1535 1232 1603 Fomerium,
1246 1532 1341 1587 uhi

326 1610 550 1684 viryt'nes
571 1610 762 1669 duelloe
780 1625 905 1664 sunt
923 1612 1093 1665 dictae.
1116 1615 1229 1684 Ego
1252 1631 1342 1667 re-

325 1704 541 1769 ceptam
560 1710 739 1744 veram
756 1704 909 1764 puto.
931 1691 1051 1745 vid.
1074 1706 1212 1745 notae
1233 1711 1338 1747 sec.

325 1783 547 1847 partem.
563 1773 627 1824 Et
636 1771 792 1823 facile
808 1774 863 1823 in
876 1770 1185 1829 nominibus
1194 1771 1343 1824 hisce

325 1850 653 1929 peccabatur
666 1870 695 1903 a
712 1851 938 1907 librariis
950 1891 966 1917 ,
984 1870 1149 1923 quum
1163 1864 1343 1904 tamen

324 1948 458 1984 verae
475 1933 746 2005 scriptura:
762 1931 867 1983 sint
879 1931 1097 2000 vestigia
1112 1932 1169 1981 in
1181 1933 1338 1983 Voss.

334 2022 355 2059 1
368 2048 380 2059 .
399 2006 646 2074 Duillios,
661 2010 716 2061 in
728 2013 885 2065 Voss.
904 2009 937 2062 3
953 2020 1006 2060 et
1020 2010 1171 2060 Bern.
1188 2006 1342 2063 Duil-

328 2085 421 2139 los.
466 2089 666 2141 Pavent
703 2086 919 2158 quidem
953 2086 1034 2141 hae
1072 2088 1342 2159 scripmrae

328 2164 574 2231 Merulae,
599 2165 667 2218 ad
689 2168 946 2232 Ennium,
970 2166 1189 2238 p.1.1x‚
1213 2184 1342 2221 con·

322 2247 548 2319 jectanti
597 2264 696 2318 pro
747 2243 1062 2310 Duellium,
1112 2242 1341 2296 Bellium

329 2324 476 2401 apud
490 2325 601 2381 Cic.
619 2343 734 2376 esse
750 2322 1060 2395 legendum:
1078 2321 1339 2388 Duilium,

330 2404 546 2458 Bitiam.
579 2404 720 2460 Sed
706 2424 759 2457 m
785 2416 932 2456 tanta
955 2401 1223 2455 vocalium
1248 2400 1342 2454 ha-

330 2503 477 2552 rum,
496 2488 540 2538 E
563 2499 616 2538 et
638 2487 689 2552 1,
709 2482 853 2557 apud
873 2485 1199 2556 antiquiores
1219 2478 1346 2533 fluc-

328 2566 570 2622 tuatione
588 2565 694 2618 hoc
716 2562 964 2638 equidem
987 2564 1345 2617 necessarium

329 2662 444 2698 non
457 2644 696 2704 duxerim
708 2667 723 2710 ς
739 2658 984 2697 caeterum
999 2645 1345 2715 acquiescens

328 2725 394 2779 iis
482 2743 544 2777 ιω
577 2724 645 2786 de
678 2739 822 2782 recta
850 2724 957 2776 hoc
985 2742 1183 2776 nomen
1220 2723 1346 2775 scri-

328 2743 503 2864 hugi,
531 2805 737 2856 ratione
774 2802 1048 2874 disputant
1079 2804 1189 2854 VV.
1228 2804 1343 2856 DD.

334 2899 472 2953 quos
488 2895 761 2935 enumerat
777 2880 1044 2935 Drakenb.
1064 2880 1132 2933 ad
1146 2883 1253 2933 Liv.
1273 2883 1345 2949 11,

332 2958 437 3025 58,
478 2975 526 3011 2.
555 2988 629 2998 —-
658 2958 807 3011 Unde
836 2958 1073 3011 Duellios
1108 2958 1342 3031 quidam.

329 3038 444 3091 cic.
465 3038 612 3093 Orat.
636 3053 682 3088 c.
706 3035 856 3105 45εα
833 3034 1021 3108 «Quid
1039 3055 1162 3088 vero
1183 3036 1346 3088 licen·

337 3118 516 3183 «tius,
538 3135 698 3189 quam
719 3114 865 3188 quod
887 3115 1165 3170 hominum
1188 3115 1347 3166 etiam

337 3197 601 3252 «nomina
616 3193 1029 3259 contrahebant,
1046 3211 1154 3264 quo
1170 3205 1349 3246 essent

339 3271 790 3407 Ῐῗῖἓωῖἶᾱῗιῗεω
817 3285 899 3405 13²5.
921 3231 1348 3404 ᾰῖῗέιῖῗὲιιξιῗῇ

511 3393 529 3422 Ί
768 3392 787 3420 5
913 3391 931 3420 2

338 3454 365 3480 α
386 3452 541 3500 eum,
571 3436 662 3505 qui
693 3436 884 3487 Poenos
918 3430 1088 3488 classe
1121 3429 1349 3500 devicit,

339 3533 367 3562 e
386 3512 615 3566 Bellium
630 3517 1037 3566 nominaverunt
1047 3550 1067 3580 ,
1081 3529 1245 3584 quum
1261 3528 1348 3563 su·

341 3614 366 3639 ιι
385 3594 621 3666 periotes
646 3606 820 3645 essent
849 3610 1058 3664 semper
1078 3585 1295 3646 Duellii,
1318 3615 1342 3639 a·

336 3671 509 3743 Hujus
545 3672 877 3724 OEceroniani
911 3671 1017 3724 loci
1059 3689 1349 3730 memorem

336 3751 536 3816 fuisse,
561 3768 725 3822 quum
752 3750 863 3803 haec
892 3751 1146 3804 scriberet
1161 3789 1179 3816 ,
1207 3751 1312 3819 Qu.
1330 3788 1348 3818 ,

338 3825 507 3881 multa
535 3827 769 3894 faciunt,
796 3843 856 3882 ut
884 3830 1113 3883 credam.
1148 3828 1349 3882 Eadem

339 3921 422 3960 est
470 3910 855 3979 argumentatio
909 3928 940 3962 a
990 3907 1226 3961 duetium
1278 3906 1349 3962 ad

339 3985 604 4051 ὓιιεὶἱίοςς
625 3988 847 4041 audacia
858 3986 1132 4061 judicatur
1153 4007 1268 4041 esse
1292 3991 1349 4041 in

338 4066 443 4123 hac
480 4070 807 4134 mutatione,
837 4086 952 4140 quae
980 4082 1090 4120 tum
1124 4070 1348 4122 maxime

343 4163 591 4223 apparet,
610 4153 654 4203 si
673 4150 887 4223 propria
904 4151 1121 4201 nomina
1143 4162 1349 4202 muten-

341 4241 457 4296 tur3
473 4229 822 4300 vocabulum,
837 4231 894 4284 in
913 4246 1022 4302 quo
1041 4229 1108 4284 sit
1124 4231 1348 4283 mutatio

1429 908 1538 948 tam
1556 895 1760 965 audax,
1777 894 1835 950 h.
1853 896 1888 949 l.
1907 916 1970 949 ex
1986 900 2241 951 orationis
2257 898 2447 954 ordine

1429 991 1644 1049 oportet
1664 996 1780 1031 esse
1797 981 2093 1051 posterius,
2113 992 2172 1030 ut
2191 981 2448 1034 usitatum

1426 1057 1587 1113 fuerit
1600 1057 1804 1111 Dueltii
1812 1096 1831 1123 ,
1847 1057 2084 1113 insolens
2097 1057 2257 1111 Bellii
2265 1097 2282 1125 ,
2297 1059 2447 1131 quod

1428 1153 1581 1189 secus
1608 1148 1688 1187 est
1717 1138 1789 1202 si,
1822 1155 1944 1187 cum
1976 1137 2326 1208 quibusdam,
2359 1141 2446 1190 in-

1427 1214 1727 1285 telligamus
1751 1228 1954 1268 mutata
1978 1214 2153 1286 (velut
2177 1236 2206 1268 a
2231 1216 2445 1289 Naevio)

1428 1294 1688 1367 adjectiva
1706 1294 1868 1347 bellus
1882 1309 1935 1348 et
1949 1295 2170 1349 duellas.
2189 1300 2450 1352 Praeterea

1429 1388 1489 1429 ut
1521 1377 1578 1429 in
1612 1374 1854 1449 exemplo
1889 1376 2052 1431 modo
2087 1376 2281 1444 allato,
2309 1380 2449 1431 Bru-

1426 1473 1545 1533 ges,
1574 1455 1885 1507 Ciceronem
1917 1469 2132 1509 secutus
2161 1456 2451 1526 Quintilia-

1431 1553 1533 1587 nus
1562 1554 1592 1587 a
1622 1537 1836 1589 nemine
1861 1534 2019 1589 facile
2049 1536 2348 1605 negabitur,
2374 1540 2453 1591 ita.

1430 1632 1499 1668 ne
1519 1612 1608 1666 hic
1632 1613 1846 1685 quide‘m
1861 1618 1976 1687 ejus
1992 1618 2298 1667 memoriam
2321 1618 2451 1669 omi·

1433 1696 1562 1746 sisse
1606 1706 1686 1745 est
1727 1692 2017 1767 putandus.
2060 1693 2222 1764 Quod
2270 1708 2451 1748 autem

1431 1771 1626 1845 plurali
1644 1775 1827 1840 utitur,
1843 1772 2062 1839 mettii,
2082 1792 2248 1845 quum
2261 1775 2450 1827 Cicero

1431 1869 1647 1903 nonnisi
1672 1871 1828 1910 umus
1857 1872 2056 1905 nomen
2083 1854 2157 1905 ita
2186 1867 2451 1907 mutatum

1428 1942 1690 1981 memoret
1705 1969 1721 1995 ,
1744 1929 1801 1982 id
1827 1928 2042 2001 quidem
2057 1969 2074 1999 ,
2098 1934 2154 1984 in
2178 1934 2451 1987 mentione

1430 2009 1507 2061 rei
1529 2010 1706 2061 minus
1731 2006 2011 2081 diligente,
2030 2028 2140 2060 non
2167 2028 2361 2063 moror.
2377 2040 2453 2052 -

1431 2085 1601 2140 Codd.
1631 2086 1737 2140 RR.
1773 2103 1819 2154 1,
1845 2105 1874 2139 2
1891 2126 1909 2156 ,
1933 2088 1996 2155 3,
2020 2088 2055 2156 4
2077 2088 2284 2143 habent
2303 2089 2451 2143 duel-

1433 2167 1566 2220 los...
1594 2165 1768 2220 bellos.
1796 2170 1888 2227 En.

1506 2262 1554 2296 2.
1614 2243 1867 2301 Stlocum.
1920 2246 2097 2299 Guelf.
2151 2246 2447 2303 scloeccum.

1432 2324 1593 2378 Goth.
1613 2364 1630 2392 ,
1663 2327 1708 2377 si
1745 2339 1952 2378 rectum
1982 2327 2085 2378 fuit
2118 2339 2172 2378 et
2202 2328 2362 2381 Gesn.
2399 2341 2455 2382 et

1432 2423 1611 2462 meum
1637 2404 1932 2471 silentium,
1956 2423 2080 2457 cum
2098 2404 2219 2458 edd.
2243 2407 2453 2476 multis,

1433 2498 1495 2537 ut
1528 2498 1581 2539 et
1608 2485 1768 2537 Gesn.
1798 2484 2042 2552 stlotum,
2076 2505 2177 2563 pro
2209 2505 2315 2557 quo
2345 2483 2454 2540 R'e-

1433 2566 1552 2642 gius
1571 2563 1805 2625 malebat
1823 2563 2037 2624 silatum
2048 2605 2067 2632 ,
2092 2566 2237 2639 quod
2258 2566 2456 2621 deinde

1436 2645 1643 2716 aliquot
1676 2644 1797 2697 edd.
1839 2660 2172 2718 receperunt.
2216 2646 2455 2700 Stlocum

1436 2723 1601 2782 habet
1629 2723 1761 2777 cod.
1793 2725 1929 2780 Alm.
1962 2739 2015 2778 et
2047 2727 2194 2778 Britt.
2230 2726 2374 2794 duo,
2407 2730 2457 2780 si

1434 2817 1579 2864 recte
1598 2806 1765 2856 tacuit
1784 2803 1933 2856 Gibs.
1955 2807 2073 2857 Hoc
2086 2824 2267 2858 verum
2288 2821 2423 2878 puto
2435 2845 2457 2874 ‚

1435 2900 1560 2933 cum
1585 2879 1798 2934 stlotum
1828 2900 2054 2954 usquam
2081 2883 2228 2956 apud
2249 2898 2457 2954 veteres

1435 2958 1540 3031 legi
1575 2959 1825 3032 equidem
1856 2980 1966 3016 non
2000 2964 2330 3014 meminerim
2350 3002 2367 3029 ,
2401 2976 2457 3017 et

1434 3038 1650 3097 stlatum
1675 3041 1854 3111 ipsum
1877 3058 2094 3111 quoque
2118 3055 2337 3095 auctore
2360 3061 2457 3096 ca·-

1435 3130 1575 3180 reat3
1589 3116 1800 3169 stlatam
1822 3130 1875 3169 et
1892 3117 2184 3180 stlatariam
2205 3119 2311 3172 dici
2331 3139 2455 3174 con-

1438 3209 1557 3249 stat.
1576 3196 1805 3249 Facilior
1823 3198 1982 3250 etiam
2001 3200 2252 3256 transitus
2270 3199 2454 3254 litteroe

1437 3285 1462 3326 t
1481 3278 1536 3327 in
1560 3293 1589 3326 c
1612 3287 1665 3327 et
1684 3277 1939 3344 vicissim,
1957 3294 2118 3352 quam
2135 3295 2167 3328 α
2187 3279 2242 3330 in
2262 3296 2309 3329 ο.
2331 3278 2455 3332 Illas

1436 3357 1492 3408 in
1502 3353 1672 3408 Codd.
1687 3355 1771 3406 vix
1785 3373 1946 3427 posse
1961 3357 2269 3424 internosci,
2280 3361 2457 3414 sciunt

1439 3435 1531 3507 qui
1554 3432 1724 3486 Codd.
1751 3446 2062 3487 tractarunt.
2089 3434 2323 3489 Stlocum
2355 3457 2456 3491 au-

1436 3525 1546 3566 tem
1577 3531 1677 3585 pro
1710 3512 1906 3564 Locum
1939 3514 2105 3566 fuisse
2138 3530 2456 3590 usurpatum

1437 3591 1597 3646 tradit
1621 3594 1808 3646 Festus
1831 3612 1886 3670 p.
1913 3596 2086 3646 Dacer
2105 3593 2226 3647 528.
2253 3596 2455 3648 Diffici-

1438 3672 1501 3726 lis
1531 3686 1709 3725 tamen
1738 3686 1817 3725 est
1846 3675 1980 3724 ratio
2011 3677 2298 3727 accusativi
2326 3675 2455 3728 stlo-

1435 3771 1575 3818 cum,
1595 3770 1759 3824 quum
1779 3750 2012 3818 stlotum,
2033 3752 2266 3819 stlatum,
2282 3757 2456 3827 possit

1438 3851 1553 3885 esse
1577 3834 1933 3884 nominativus
1957 3835 2196 3884 neutrius
2223 3836 2450 3905 generis.

1436 3914 1643 3966 Durum
1673 3912 1829 3962 fuerit
1851 3909 1939 3963 hie
1963 3909 2256 3981 intelligere
2279 3912 2453 3964 dicam

1439 3988 1586 4061 quod
1603 4003 1754 4059 regat
1773 4007 1950 4041 accus.
1965 4026 1982 4053 ,
2004 4006 2170 4060 quum
2186 4008 2311 4042 mox
2329 4008 2456 4063 cog-

1437 4069 1583 4120 natio
1610 4070 1706 4135 sit,
1723 4064 2050 4120 nominativo
2074 4085 2233 4137 casu,
2257 4082 2350 4121 aut
2371 4088 2453 4121 re-

1438 4161 1620 4221 petere
1654 4164 1832 4200 accus.
1867 4164 1898 4199 a
1926 4144 2091 4212 verbo
2122 4147 2237 4201 ausi
2267 4148 2450 4201 dicere.

1437 4225 1672 4301 Simplex
1718 4228 1880 4281 fuerit
1928 4225 2134 4281 medela
2153 4267 2171 4298 ,
2222 4229 2452 4284 scribere
