3200 5150
609 487 1259 556 INSTITUTIONIS
1293 487 1549 553 ORAT.
1589 489 1751 553 LIB.
1791 489 1924 566 111,
1964 491 2025 555 8.

2232 491 2355 576 537

162 633 165 638 ·
278 610 519 684 ciendo
546 611 847 712 aliquos,
872 612 928 684 si
956 611 1219 685 diversa
1239 611 1507 700 fecerit,
1533 631 1763 684 metus
1781 624 1831 683 ¹.
1859 613 2041 682 Nam
2058 624 2087 657 ²
2113 631 2357 710 praeter
2388 626 2457 692 40

275 726 374 815 id,
401 728 588 825 quod
613 727 718 799 his
745 726 1072 800 levissimi
1101 725 1438 828 cujusque
1469 725 1747 798 animus
1780 725 2110 798 facillime
2140 746 2353 798 terre-

273 859 404 929 tur,
433 841 664 914 nescio
698 868 789 918 an
814 841 1020 915 etiam
1051 839 1452 920 naturaliter
1475 839 1664 939 apud
1689 839 2028 940 plurimos
2052 838 2209 939 plus
2241 867 2357 911 va-

273 951 448 1025 leat³
482 953 834 1027 malorum
868 955 1099 1043 timor,
1126 981 1344 1053 quam
1377 980 1530 1053 spes
1563 953 1957 1026 bonorum:
1993 954 2169 1026 sicut
2190 954 2358 1025 faci-

268 1066 445 1140 lior-4
486 1069 746 1142 eisdem
789 1068 1137 1168 turpium,
1183 1095 1395 1166 quam
1440 1069 1933 1157 honestorum,
1968 1068 2354 1140 intellectus

268 1204 384 1255 est.
412 1183 809 1283 Aliquando
841 1183 1044 1256 bonis
1077 1209 1358 1284 quoque
1384 1183 1765 1262 suadentur
1787 1209 2038 1282 parum
2064 1183 2350 1271 decora3
2386 1202 2450 1268 41

268 1296 518 1369 dantur
553 1325 805 1397 parum
844 1297 1045 1370 bonis
1079 1296 1403 1387 consilia,
1436 1297 1511 1369 in
1553 1297 1812 1395 quibus
1849 1297 2198 1395 ipsorum,
2229 1296 2349 1396 qui

267 1411 669 1501 consulunt,
695 1432 1044 1513 spectatur
1071 1411 1401 1484 utilitas5:
1424 1438 1553 1485 nec
1578 1439 1694 1483 me
1714 1410 1921 1500 fallit,
1947 1439 2101 1510 quae
2122 1411 2350 1484 statim

265 1527 581 1630 cogitatio
608 1528 840 1607 subire
870 1527 1083 1628 possit
1103 1527 1488 1626 legentem3
1521 1526 1655 1599 hoc
1681 1553 1842 1625 ergo
1863 1523 2257 1626 praecipisfi?
2285 1547 2353 1598 et

263 1641 392 1715 hoc
413 1643 515 1718 fas
532 1642 1052 1744 putasPPoterat
1075 1670 1189 1715 me
1210 1642 1500 1722 liberare
1528 1642 1771 1713 Cicero
1786 1655 1843 1730 7,
1866 1640 1987 1741 qui
2007 1640 2100 1713 ita
2118 1639 2352 1714 scribit
2385 1654 2451 1721 42

262 1757 348 1828 ad
371 1759 701 1846 Brutum,
729 1755 1134 1858 propositis8
1169 1757 1521 1857 plurimiS‚
1561 1784 1716 1856 quae
1754 1756 2041 1828 honeste
2075 1755 2347 1827 suaderi

332 1985 377 2020 ι.
407 1968 618 2021 Diversa
634 1968 848 2041 fecerit,
874 1980 1053 2026 ments.
1077 1970 1257 2041 Repo-

256 2050 336 2100 sui
358 2047 672 2118 singularem
691 2067 790 2120 pro
808 2048 1028 2101 Gesneri
1048 2059 1101 2100 et
1116 2066 1251 2107 rece.

254 2125 386 2196 (exc.
411 2126 662 2198 Capper.)
672 2126 923 2196 fecerint,
951 2126 1254 2179 auctoribus

254 2205 389 2258 Alm.
414 2203 482 2275 (T
482 2207 610 2262 uric-
634 2204 840 2275 siletur)
859 2217 911 2257 et
929 2203 1050 2256 edd.
1074 2204 1198 2256 inde
1222 2223 1253 2256 a

253 2285 408 2338 Rusc.
428 2283 543 2355 (qui
559 2283 738 2336 differt
754 2282 809 2335 h.
831 2283 866 2336 Ι.
889 2302 917 2335 a
936 2284 1117 2335 Loeat.
1132 2281 1252 2337 vide

253 2364 471 2415 Prooem.
500 2362 546 2432 ς.
574 2362 636 2429 4)
662 2379 829 2433 usque
853 2361 920 2414 ad
944 2364 1110 2414 Stoer.
1137 2381 1253 2414 om-

252 2440 406 2492 nibus
426 2443 571 2493 meis.
592 2441 835 2492 Refertur
848 2439 915 2491 ad
929 2438 1253 2500 deliberantis

245 2519 378 2590 (non
390 2518 805 2591 deliberantium)
816 2519 1072 2570 animum.
1088 2517 1252 2572 Intel-

249 2598 410 2669 ligere
438 2601 577 2651 enim
605 2610 773 2671 turpes
799 2601 958 2666 istos,
982 2601 1073 2669 qui
1101 2613 1250 2659 erant

248 2679 304 2730 in
327 2679 475 2729 initio
498 2680 686 2746 integri
708 2697 893 2731 sensus
914 2677 1102 2749 hujus,
1124 2698 1249 2730 con-

250 2769 446 2809 tortum
486 2755 725 2809 arbitror.
763 2787 835 2797 --
868 2756 1037 2815 Codd.
1080 2761 1248 2811 nostri

236 2835 476 2908 fecerint.
502 2838 593 2889 Eo.

320 2932 367 2969 2.
383 2916 525 2969 Nam
536 2926 735 2987 prater.
751 2916 928 2967 Turio.
944 2914 1086 2968 Nam
1105 2915 1246 2987 qnod

240 3012 296 3064 p.
314 3031 332 3059 ‚
377 2994 473 3047 sed
510 2996 799 3066 imponitur
837 3011 940 3066 que
977 2992 1051 3060 σξί
1085 2993 1241 3065 quod.

244 3071 379 3125 Alm.
403 3074 475 3125 N.
501 3072 644 3146 quod
660 3092 745 3145 p.‚
772 3090 893 3122 eum
912 3074 1065 3124 Voss.
1093 3071 1143 3123 3.
1169 3073 1238 3124 N.

243 3150 451 3225 quidem
470 3170 556 3223 μ,
572 3155 725 3204 Voss.
759 3169 802 3202 1.
828 3153 940 3220 Ego
959 3150 1135 3201 Turie.
1162 3169 1243 3203 se-

243 3229 472 3282 cundam
506 3230 818 3300 scripturam
854 3247 1029 3280 veram
1065 3230 1241 3280 existi-

242 3328 349 3359 mo.
366 3310 511 3361 —R.
535 3327 593 3376 2,
612 3311 754 3362 Nam
767 3319 957 3380 proeter
972 3307 1041 3358 id.
1062 3309 1168 3360 BR.
1194 3326 1240 3375 1,

243 3387 304 3453 5,
335 3390 475 3440 Nam
512 3388 654 3461 quod
679 3398 878 3458 proeter.
917 3386 1010 3440 Ed.
1046 3387 1241 3453 Cim,

241 3467 486 3539 Namque
503 3478 701 3539 proeter.
728 3469 818 3519 En.

314 3546 364 3596 3.
399 3546 528 3597 Plus
559 3546 803 3597 valeat....
840 3544 1125 3599 intellectus
1151 3556 1236 3599 est.

240 3624 593 3677 Commodum
617 3624 1126 3681 Pseudo-Turnebus
1150 3626 1240 3677 ab·

238 3703 381 3774 legat
409 3704 475 3756 ad
502 3706 609 3758 Cic.
638 3707 837 3760 Partitt.
868 3708 988 3758 Orr.
1006 3743 1023 3771 ,
1060 3724 1107 3757 e.
1141 3705 1239 3773 26,

241 3781 383 3842 unde
401 3781 512 3836 haec
530 3781 761 3835 hauserit
776 3784 957 3850 Quint.
974 3805 986 3834 :
1012 3804 1034 3828 ιι
1052 3781 1242 3838 Viden-

244 3885 270 3908 ιι
290 3861 446 3929 dum,
467 3875 663 3933 quanto
687 3863 850 3930 magis
873 3858 1112 3925 homines
1137 3882 1242 3915 ma·

244 3964 268 3995 e
288 3941 339 3993 la
358 3943 589 4012 fugiant,
602 3960 760 4012 quam
779 3943 1236 4012 sequantur-bona.

244 4045 268 4068 u
288 4021 426 4074 Nam
462 4039 634 4091 neque
673 4020 897 4079 honesta
934 4033 1041 4071 tam
1078 4041 1238 4095 expe-

247 4123 269 4155 s«
290 4113 435 4166 tunt,
452 4119 608 4172 quam
627 4098 860 4151 devitant
877 4102 1065 4170 turpia.
1089 4124 1111 4147 n
1133 4115 1233 4153 etc.

309 4179 360 4245 4.
397 4180 540 4235 Sicut
558 4177 791 4251 facilior.
817 4177 970 4231 Unde
1003 4180 1231 4233 Seneca:

1347 1969 1491 2023 Vitia
1529 1969 1641 2020 sine
1679 1968 1884 2020 doctore
1917 1966 2216 2019 discuntur.-
2255 1967 2349 2038 qui

1344 2065 1460 2102 vero
1486 2047 1694 2099 virtutes
1718 2065 1814 2116 per
1835 2065 1885 2099 se
1913 2045 2167 2112 hauserit,
2192 2065 2345 2098 nemo

1341 2126 1580 2178 inventus
1598 2136 1687 2180 est.
1707 2130 1872 2179 Tuan.

1414 2205 1463 2259 5.
1485 2208 1784 2276 Ipsorum...
1812 2204 2025 2257 utilitas.
2051 2205 2157 2272 Qui
2180 2222 2344 2275 quum

1339 2287 1443 2356 ipsi
1468 2289 1571 2344 sint
1593 2285 1744 2350 mali,
1769 2303 1838 2335 ue
1862 2281 2080 2335 consilia
2103 2282 2343 2352 quidem,

1339 2363 1533 2418 talibus
1559 2363 1704 2416 utilia
1730 2364 1936 2427 futura,
1963 2373 2215 2431 poterunt
2237 2362 2343 2413 val-

1340 2442 1407 2499 de
1446 2443 1588 2495 bona
1632 2462 1745 2495 esse
1766 2465 1781 2506 ;
1824 2441 2058 2512 alioqui,
2103 2441 2344 2513 neglecta

1339 2521 1731 2575 consulentium
1745 2520 1990 2588 utilitate,
2003 2519 2217 2593 publice
2234 2534 2345 2574 tan—

1341 2616 1453 2655 tum
1476 2602 1625 2654 utilia
1648 2600 1922 2667 suadebis,
1944 2600 2088 2671 quod
2112 2614 2189 2652 est
2214 2620 2340 2653 con-

1337 2694 1416 2734 tra
1462 2682 1691 2734 suasoris
1739 2680 1913 2733 fidem.
1959 2682 2080 2732 Haec
2129 2680 2340 2752 quidem

1337 2763 1625 2827 sententia,
1655 2778 1768 2831 quae
1796 2778 1916 2811 cum
1945 2758 2111 2829 rigida
2139 2763 2339 2813 stoico·

1335 2859 1452 2891 rum
1468 2841 1660 2890 virtute
1678 2857 1790 2890 non
1808 2856 2024 2910 prorsus
2043 2844 2339 2911 conspirat,

1335 2936 1398 2969 ex
1429 2917 1698 2969 Ciceronis
1734 2915 2007 2986 exemplo,
2037 2917 2185 2987 quod
2216 2937 2341 2972 mox

1331 2993 1555 3065 legetur,
1580 3007 1814 3067 apparet.

1404 3074 1453 3126 6.
1486 3074 1659 3125 Hoc...
1687 3072 1938 3145 praecipis.
1963 3072 2132 3129 Valde
2157 3075 2336 3128 similis

1332 3154 1500 3203 oratio
1547 3163 1626 3203 est
1672 3152 1940 3203 Ciceronis
1983 3163 2035 3203 et
2075 3154 2238 3224 ipsius
2281 3172 2336 3205 se

1333 3232 1483 3301 quasi
1507 3229 1836 3302 objurgantis
1860 3247 1957 3300 pro
1982 3227 2141 3295 Cael„
2164 3249 2210 3282 e.
2241 3248 2300 3302 17
2321 3255 2331 3282 :

1338 3331 1360 3355 ιι
1380 3311 1499 3361 Haec
1524 3310 1683 3377 igitur
1705 3319 1786 3360 est
1810 3321 1899 3358 tua
1922 3307 2234 3380 disciplina?
2250 3311 2332 3364 Sic

1337 3408 1359 3441 οι
1378 3400 1436 3438 tu
1481 3388 1710 3441 instituis
1757 3385 2139 3439 adolescentes.
2158 3412 2182 3436 ι
2231 3402 2331 3442 etc.

1326 3463 1462 3529 Vide
1484 3464 1576 3517 lib.
1603 3466 1701 3531 IX,
1726 3484 1843 3538 cap.
1873 3481 1933 3530 α,
1957 3466 2117 3533 5.15.

1400 3563 1449 3616 7.
1476 3545 1711 3597 Liberare
1733 3545 1919 3597 Cicero.
1945 3547 2112 3605 Omisi
2132 3547 2198 3597 M
2210 3561 2332 3599 ante

1332 3626 1434 3679 Cic.
1448 3665 1465 3691 ,
1487 3644 1610 3679 cum
1632 3627 1807 3678 Turie.
1828 3623 1980 3677 Guel.
2007 3623 2142 3678 Alm.
2168 3627 2328 3679 Goth.

1327 3702 1450 3775 (tac.
1476 3703 1660 3781 Gesp.)
1687 3701 1818 3757 Edd.
1851 3718 1972 3756 ante
2001 3703 2115 3757 Ald.
2147 3724 2333 3758 omnes

1333 3787 1377 3838 C
1392 3798 1599 3857 ponunt
1623 3803 1722 3857 pro
1746 3787 1814 3836 M
1831 3782 1920 3856 (de
1948 3786 2089 3838 Jens.
2122 3799 2329 3839 tacente

1329 3864 1511 3935 Gesn.)
1536 3862 1682 3935 quod
1709 3883 1854 3915 mero
1883 3866 2046 3915 errori
2072 3879 2194 3936 post
2222 3884 2251 3916 e
2276 3868 2328 3917 in

1330 3942 1540 3995 liberare
1567 3958 1688 3995 ante
1722 3945 1764 3995 C
1783 3942 2169 4014 imputandum.
2194 3944 2327 3997 Vide

1326 4035 1507 4073 notam
1528 4020 1595 4072 ad
1618 4021 1708 4073 lib.
1735 4023 1783 4087 1,
1808 4040 1924 4092 cap.
1958 4037 2048 4086 ιο,
2069 4022 2118 4089 5.
2145 4022 2195 4088 4.

1397 4099 1443 4151 8.
1486 4099 1779 4168 Propositis.
1820 4097 1947 4150 cod.
1989 4101 2049 4151 R.
2092 4118 2110 4152 1
2151 4113 2202 4152 et
2237 4101 2321 4155 ed.

1324 4181 1482 4233 Cam.
1509 4177 1709 4235 habent
1732 4180 2030 4257 pra-positis.
2060 4183 2148 4235 Eu.
