3200 5150
706 477 1358 546 INSTITUTIONIS
1393 476 1651 543 onAT.
1692 479 1853 544 un.
1893 481 1986 558 11,
2039 482 2132 545 13.
2337 480 2459 566 327

369 601 594 702 geniae
621 601 1101 680 immolatione
1130 600 1457 700 pinxisset
1487 599 1750 676 tristem
1783 600 2276 691 Calchantem,
2306 602 2464 677 tris-

366 716 618 792 tiorem
657 717 976 807 Ulixem,
1022 716 1397 790 addidisset
1434 716 1805 808 Menelao,
1839 743 2056 817 quem
2096 745 2462 794 summum

366 851 635 931 poterat
664 859 771 905 ars
805 832 1112 922 efficere,
1149 857 1516 906 moerorem
1538 886 1560 922 ,
1597 832 2031 932 consumptis
2062 832 2465 922 affectibus,

364 969 517 1022 non
550 947 931 1047 reperiens»,
966 974 1108 1046 quo
1143 946 1353 1047 digne
1383 959 1401 991 ¹
1442 946 1657 1019 modo
1691 947 1901 1046 patris
1932 946 2206 1019 vultum
2242 966 2469 1046 posset

363 1062 785 1163 exprimere,
800 1061 1049 1137 velavit
1075 1062 1224 1163 ejus
1254 1082 1493 1163 caput,
1524 1081 1591 1135 et
1614 1087 1744 1140 suo
1767 1062 2022 1161 cuique
2037 1074 2066 1106 ²
2088 1061 2328 1134 animo
2352 1060 2467 1132 de-

361 1175 468 1250 dit
498 1177 1012 1252 aestimandum.
1039 1178 1294 1251 Nonne
1322 1177 1488 1251 huic
1518 1176 1747 1250 simile
1776 1199 1879 1251 est
1903 1176 2078 1249 illud
2106 1175 2466 1249 Sallustia-

362 1317 547 1376 num
563 1290 621 1383 ³,
651 1320 816 1366 nam
842 1294 926 1366 de
954 1292 1371 1393 Cartltaqine
1398 1310 1621 1366 tacere
1647 1299 1856 1366 satius
1877 1308 2080 1394 pute,
2108 1319 2322 1392 quam
2345 1318 2472 1394 pa-

360 1435 526 1484 rum
544 1408 811 1486 dicere?
828 1411 1117 1509 Propter
1133 1435 1291 1508 quae
1309 1408 1487 1482 mihi
1505 1435 1782 1508 semper
1800 1407 2013 1481 moris
2030 1407 2164 1490 fuit
2176 1404 2234 1497 4,
2253 1435 2467 1507 quam

364 1521 666 1596 minime
690 1523 971 1625 alligare
996 1551 1113 1598 me
1136 1524 1227 1600 ad
1251 1544 1624 1623 praecepta,
1644 1549 1799 1623 quae
1828 1535 2073 1594 καθολικὰ
2094 1544 2374 1612 vocant,
2399 1523 2470 1595 id

362 1658 470 1714 est
506 1638 623 1734 (ut
664 1638 978 1716 dicamus
1019 1639 1378 1739 quomodo
1426 1638 1836 1738 possumus)
1885 1636 2331 1726 universalia,
2360 1635 2472 1709 vel

357 1752 841 1854 perpetualia.-
888 1780 1038 1826 raro
1084 1754 1278 1827 enim
1327 1752 1665 1852 reperitur
1710 1751 1844 1828 hoc
1889 1777 2149 1850 genus,
2198 1772 2278 1825 ut
2321 1777 2470 1824 non

361 1864 766 1940 labefactari
807 1888 998 1967 parte
1042 1867 1277 1968 aliqua
1318 1887 1440 1940 aut
1484 1868 1730 1946 subrui
1770 1865 2018 1966 possit3
2068 1866 2190 1940 sed
2236 1867 2323 1940 de
2362 1865 2472 1940 his

361 1980 644 2080 plenius
673 2008 800 2055 suo
833 1982 1144 2084 quidque
1178 1982 1333 2056 loco
1365 1982 1838 2057 tractabimus.
1875 1981 2165 2056 Interim
2198 1980 2364 2058 nolo
2395 2009 2468 2056 se

345 2093 651 2198 juvenes
680 2097 837 2169 satis
864 2097 1264 2188 instructos,
1292 2098 1348 2170 si
1371 2123 1586 2198 quem
1614 2124 1696 2170 ex
1724 2095 1867 2187 his,
1893 2096 2015 2198 qui
2043 2095 2283 2170 breves
2311 2096 2468 2197 ple-

356 2235 671 2310 rumque
709 2212 1321 2305 circumferuntur,
1366 2213 1528 2286 artis
1563 2207 1888 2286 libellum
1926 2209 2370 2303 edidicerint,
2404 2231 2473 2284 et

352 2323 598 2398 velut⁵
635 2326 922 2400 decretis
960 2327 1495 2402 technicorum⁶
1532 2348 1747 2417 tutos,
1786 2346 2055 2426 putent.
2091 2324 2321 2397 Multo
2360 2325 2468 2398 la·

356 2437 533 2515 bore
551 2497 573 2533 ,
603 2442 877 2516 assiduo
901 2444 1167 2535 studio,
1196 2443 1382 2515 varia
1409 2441 1891 2518 exercitatione
1904 2429 2313 2539 ,Jplurimisv
2345 2466 2466 2515 ex-

354 2555 801 2658 perimentis,
816 2556 1184 2631 altissima⁸
1206 2558 1609 2658 prudentia,
1630 2555 2162 2658 praesentissimo
2182 2553 2467 2629 consilio

362 2697 598 2756 coloten.
619 2702 726 2754 BR.
747 2703 810 2769 3,
829 2700 889 2768 4,
912 2700 1160 2756 Colotem.
1180 2702 1371 2769 Caum,
1461 2721 1572 2767 cere
1587 2737 1608 2769 ,
1653 2699 1802 2757 silere
1818 2723 1838 2764 ,-
1882 2719 1983 2774 pro
2028 2699 2222 2765 satius,
2262 2697 2463 2752 melius.

362 2776 605 2831 colocen.
638 2779 729 2831 En.
762 2807 836 2819 -——
869 2778 1098 2834 Coloten.
1129 2781 1235 2848 Qui
1266 2778 1372 2832 hoc
1530 2779 1585 2846 4.
1609 2780 1748 2833 Mor.
1763 2779 1895 2851 fuit.
1923 2776 2097 2833 Guelf.
2123 2796 2253 2831 mor.
2266 2778 2464 2850 fuer-it,

358 2853 433 2907 de
461 2853 648 2908 Colote
675 2858 806 2909 Teio
821 2895 839 2923 ,
865 2856 968 2909 hac
991 2857 1175 2910 tabula
1195 2859 1335 2911 victo
1351 2896 1369 2927 ‚

358 2947 627 2999 nan-aret,
648 2948 838 3007 praeter
858 2936 1272 3005 Quintilianum,
1296 2939 1372 2989 in·

359 3015 485 3067 veni
515 3016 806 3081 neminem,
838 3035 939 3069 nec
969 3017 1059 3087 qui
1086 3015 1153 3068 de
1180 3015 1369 3070 Colote

359 3094 570 3165 pictore
597 3093 828 3155 referret.
856 3097 1028 3149 Notus
1053 3110 1133 3147 est
1154 3095 1369 3148 Colotes

361 3173 657 3243 Epicureus
681 3210 698 3239 ,
743 3185 929 3225 contra
975 3176 1130 3244 cujus
1176 3172 1371 3225 librum

363 3252 575 3320 scripsit
603 3250 940 3317 Plutarchus,
975 3263 1029 3303 et
1059 3252 1371 3303 statuarium

365 3326 604 3399 ejusdem
642 3331 869 3383 nominis
906 3342 1163 3391 memorat
1199 3328 1330 3381 Plin.
1351 3366 1370 3393 ,

364 3407 433 3458 Η.
463 3408 530 3459 N.
562 3409 800 3473 XXXIV,
831 3426 920 3478 19,
951 3426 1049 3479 273
1078 3422 1131 3462 et
1156 3409 1372 3475 XXXV,

368 3483 466 3551 343
482 3486 575 3537 sed
590 3486 732 3539 hunc
747 3491 971 3541 Pansan.
987 3487 1021 3540 l.
1040 3491 1105 3553 V,
1120 3507 1173 3560 p.
1187 3486 1368 3541 Kuhn.

367 3561 493 3633 ⁴²7²
519 3566 723 3617 Parium
748 3565 902 3633 dicit,
927 3586 1039 3625 non
1060 3561 1266 3620 Teium.

446 3657 491 3692 1.
524 3642 709 3715 Dique.
744 3645 918 3699 Guelf.
949 3645 1125 3719 digno.
1160 3647 1373 3698 Praestat

368 3733 610 3791 recepta,
633 3740 747 3793 quae
772 3736 850 3776 est
873 3726 927 3776 in
944 3726 1119 3777 Turic,

445 3814 493 3850 2.
513 3799 620 3851 Suo
639 3800 839 3872 cuique.
861 3802 1022 3855 Goth.
1043 3803 1165 3874 (tac.
1187 3801 1372 3875 Gesn.)

365 3894 460 3930 suo
478 3879 748 3950 cujusque,
770 3897 880 3933 non
898 3900 1112 3951 prorsus
1130 3881 1284 3935 male.
1302 3909 1373 3920 -·

368 3957 449 4010 lta
473 3974 688 4028 quoque
711 3955 842 4009 cod.
868 3960 928 4011 R.
958 3977 1005 4011 2.
1031 3961 1122 4011 En.

443 4035 494 4091 3.
514 4034 912 4090 Sallustianum.
931 4038 961 4089 J
968 4036 1173 4107 ugurth.
1186 4075 1205 4103 ,
1220 4056 1267 4090 c.
1294 4036 1374 4101 153

362 4115 469 4171 ssed
484 4116 785 4168 memoriter
797 4117 925 4166 citat
937 4117 1117 4187 Quint.
1131 4153 1148 4182 ,
1165 4131 1224 4168 ut
1237 4135 1375 4189 saepe

371 4207 610 4263 veteres,
639 4209 692 4249 et
720 4197 848 4269 ipse.
880 4198 969 4250 Est
999 4196 1139 4248 euim
1164 4213 1263 4266 pro
1294 4206 1375 4247 ta·-

1460 2877 1583 2911 cum
1600 2856 1762 2912 Goth.
1788 2855 1920 2931 (tac.
1942 2856 2136 2927 Gesn.)
2153 2856 2289 2908 Alm.
2310 2861 2463 2909 Voss.

1465 2957 1485 2991 1
1503 2976 1523 3006 ,
1553 2954 1601 2991 α.
1627 2966 1700 2978 ·-
1719 2937 1921 3001 Fuerit,
1950 2938 2058 2990 BR.
2088 2952 2148 3003 2,
2172 2934 2204 2988 5
2230 2949 2282 2988 et
2304 2937 2464 2988 Cam.

1456 3020 1704 3073 Praestare
1729 3029 1904 3071 tamen
1924 3014 2132 3069 videtur
2142 3013 2276 3085 fuit.
2302 3016 2410 3075 En„

1528 3095 1580 3149 5.
1623 3093 1798 3149 Velut.
1833 3092 1924 3147 Ad
1956 3092 2155 3147 ἀσωτία
2193 3091 2366 3145 solum
2404 3112 2466 3147 ea

1455 3190 1561 3224 vox
1581 3173 1828 3243 pertinet.

1530 3249 1581 3302 6.
1616 3248 2011 3311 reclinium-um.
2031 3245 2333 3303 Technicos
2365 3258 2464 3321 apss

1459 3329 1624 3402 pellat
1663 3326 1784 3380 illos
1823 3328 1914 3399 qui
1953 3340 2218 3401 praecepta
2251 3329 2378 3381 artis
2416 3342 2469 3381 et

1461 3406 1782 3465 universales
1842 3407 2225 3481 praeceptiones
2291 3402 2468 3459 trade-

1458 3487 1621 3554 bant,
1663 3489 1833 3559 iisque
1873 3486 2236 3559 superstitiose
2271 3483 2470 3539 addicti

1461 3578 1626 3621 erant.
1653 3567 1810 3621 Rou..
1846 3554 1857 3568 ⁸

1533 3663 1584 3716 7.
1616 3642 1882 3699 Plus-imis.
1908 3645 1985 3695 Ita
2009 3641 2183 3701 Guelf.
2215 3656 2269 3695 et
2289 3642 2464 3695 Turio.

1460 3743 1585 3783 cum
1629 3721 1779 3781 Bodl.
1816 3724 2010 3779 Joaun.
2047 3720 2185 3773 Alm.
2218 3724 2373 3775 Voss.
2413 3718 2465 3774 3.

1460 3802 1668 3859 Praetuli
1691 3814 1949 3875 receptae,
1975 3819 2006 3853 a
2028 3798 2187 3853 Gesn.
2220 3816 2465 3870 quoque,

1456 3881 1694 3957 pluribus
1709 3903 1727 3942 ,-
1774 3897 1949 3951 neque
1996 3879 2136 3930 enim
2185 3879 2469 3949 separatim

1461 3973 1733 4034 spectata,
1758 3976 1930 4028 neque
1954 3954 2118 4011 relata
2141 3954 2210 4008 ad
2232 3956 2471 4008 exercita·

1462 4038 1629 4105 tione,
1649 4036 1914 4110 placebat.
1935 4037 2186 4089 Nostram
2199 4033 2401 4091 habent
2416 4046 2468 4089 et

1462 4115 1661 4191 Gryph.
1688 4128 1742 4168 et
1768 4115 1898 4170 Obr.

1536 4196 1585 4249 8.
1626 4192 1860 4251 Αἰτίαι...
1899 4209 2037 4247 cons.
2075 4190 2233 4253 Geso.
2275 4194 2468 4249 omittit

2510 1188 2572 1256 ¹4

2511 1996 2574 2049 15
