3200 5150
819 432 946 517 366

1383 448 1476 513 M.
1515 446 1742 513 mnu
1778 445 2335 531 QUINTlLlAm

815 570 1205 661 intellectu,
1238 570 1602 671 verbisque
1626 628 1645 659 ,
1681 570 1936 671 quibus
1974 590 2269 657 utuntur
2304 595 2550 644 omnes
2572 627 2592 661 ,
2634 594 2878 648 tantum

817 685 1088 785 assequi
1111 685 1336 758 laudis
1362 705 1429 757 et
1447 685 1680 784 gloriae
1695 742 1714 773 ,
1738 706 1817 757 ut
1834 712 1977 757 non
1997 684 2189 785 loqui
2211 708 2279 758 et
2296 713 2487 759 orare
2502 742 2523 776 ,
2543 687 2696 779 sed,
2715 689 2880 788 quod

814 799 1060 873 Pericli
1084 801 1400 900 contigit,
1425 799 1777 900 fulgurare
1797 815 1817 846 ¹
1850 827 1928 873 ac
1951 820 2189 874 tonare
2213 801 2544 874 videaris?

753 943 774 979 ι
915 916 1084 986 CAP.
1109 916 1333 987 XVII.
1359 915 1546 986 Finis
1562 942 1706 987 non
1727 915 1885 1006 erit,
1905 915 1960 987 si
1979 915 2335 1016 exspatiari
2351 935 2543 1015 parte
2567 915 2640 988 in
2661 916 2814 1005 hac,
2831 939 2887 990 et

816 1032 1179 1131 indulgere
1224 1032 1555 1132 voluptati
1597 1033 1854 1124 velim;
1889 1055 2320 1107 transeamus
2366 1033 2576 1133 igitur
2620 1032 2709 1106 ad
2750 1061 2885 1106 eam

747 1188 777 1223 2
818 1151 1272 1249 quaestionem
1296 1203 1315 1237 ,
1348 1175 1503 1247 quae
1540 1149 1873 1248 sequitur,
1909 1177 1999 1221 an
2038 1148 2376 1222 rhetorice
2410 1177 2526 1222 ars
2561 1156 2664 1221 sit.
2697 1148 2889 1239 Quod

816 1263 1104 1365 quidem
1140 1263 1312 1335 adeo
1345 1291 1425 1336 ex
1458 1264 1576 1352 iis,
1609 1265 1730 1364 qui
1760 1284 2098 1366 praecepta
2136 1263 2413 1337 dicendi
2445 1262 2889 1353 tradiderunt,

816 1405 1032 1452 nemo
1059 1378 1427 1468 dubitavit,
1453 1400 1531 1451 ut
1557 1379 1767 1452 etiam
1798 1380 1961 1481 ipsis
1986 1380 2326 1453 librorum
2351 1378 2567 1452 titulis
2591 1399 2894 1453 testatum

817 1493 904 1566 sit
924 1549 944 1582 ,
978 1493 1263 1594 scriptos
1294 1520 1412 1567 eos
1442 1495 1525 1567 de
1556 1512 1707 1568 arte
1739 1493 2103 1569 rhetorica.
2149 1495 2437 1568 Cicero²
2474 1520 2634 1567 vero
2670 1494 2895 1584 etiam,

821 1634 977 1708 quae
1006 1607 1338 1682 rhetorice
1361 1630 1665 1700 vocetur,
1691 1636 1835 1683 esse
1861 1612 2305 1712 artificiosam
2329 1609 2793 1710 eloquentiam
2815 1608 2896 1679 di-

820 1746 969 1811 cat3
1006 1725 1197 1827 quod
1225 1753 1371 1799 non
1404 1746 1702 1800 oratores
1731 1747 2004 1800 tantum
2032 1725 2473 1798 vindicarunt
2485 1722 2542 1815 3,
2574 1746 2655 1798 ut
2681 1723 2898 1796 studiis

899 1883 944 1919 ι.
990 1865 1289 1940 Fulqumoe.
1336 1866 1509 1922 Guelf.
1554 1882 1608 1921 et
1646 1870 1824 1921 Turic.

811 1944 1026 2019 fulqere
1070 1965 1193 1998 cum
1237 1946 1503 2019 plerisque
1553 1945 1723 2001 Codd.
1776 1960 1829 2000 et

821 2026 986 2079 Andr.
1016 2044 1148 2098 quos
1172 2026 1401 2079 voluisse
1413 2026 1685 2101 fulqeraoe
1707 2046 1831 2079 con-

817 2106 932 2177 jicit
969 2106 1141 2157 Burni.
1172 2104 1273 2158 Sed
1300 2120 1567 2177 receptam
1597 2120 1677 2158 tot
1702 2104 1831 2158 dant

825 2183 947 2236 edd.
990 2187 1149 2237 etiam
1187 2199 1311 2237 vett.
1350 2199 1402 2238 et
1438 2185 1672 2238 vindices
1708 2198 1832 2237 sunt

824 2264 993 2318 Codd.
1006 2264 1166 2317 Goth.
1181 2264 1406 2335 et(haud
1421 2263 1764 2336 dubie)v0ss.
1781 2283 1832 2331 2,

826 2358 1014 2418 praeter
1033 2344 1163 2399 alios
1186 2349 1277 2417 qui
1292 2346 1512 2398 silentur
1529 2360 1588 2398 ut
1601 2350 1754 2399 Voss
1779 2344 1831 2411 3,

823 2426 978 2477 Bern-
1005 2427 1367 2497 Quamquam,
1388 2440 1446 2478 ut
1470 2416 1834 2478 animadvertit

826 2505 1039 2569 Burm„
1071 2506 1229 2555 etiam
1259 2505 1367 2556 Cic.
1400 2506 1547 2557 Orat.
1583 2521 1631 2555 c.
1666 2521 1733 2573 9,
1764 2502 1833 2557 de

830 2582 1016 2636 eadem
1053 2603 1108 2634 re
1133 2582 1346 2657 fulgere
1376 2581 1630 2636 dixit.—
1658 2582 1832 2644 Editio

831 2680 1044 2733 quoque
1058 2662 1217 2714 Cm.
1240 2661 1637 2736 habetfulqere.
1660 2655 1750 2716 En.
1762 2691 1836 2704 -

827 2740 1076 2794 Pericli...
1105 2751 1343 2793 tonare.
1352 2739 1652 2810 ...nopminc
1674 2763 1693 2792 ο
1699 2738 1836 2807 ὀλύμ-

831 2843 861 2867 σ
878 2840 981 2877 mec
1003 2820 1325 2886 Ἧατριπτιι,
1359 2821 1551 2890 icpo'rm
1567 2861 1585 2888 ,
1611 2822 1670 2888 ξυ
1643 2817 1839 2875 vomuit«.

834 2921 861 2948 ιι
878 2897 959 2953 miv
975 2899 1202 2952 'mita
1225 2925 1248 2948 ι·
1277 2902 1546 2975 Aristoph.
1572 2899 1800 2953 Acharn.
1819 2939 1837 2967 ,

832 3001 881 3033 v.
903 2978 1174 3050 (Bi-unck.)
1189 2979 1320 3046 530,
1337 2982 1369 3033 3
1380 2999 1396 3032 ι
1411 3021 1421 3031 .
1437 2983 1612 3033 Locus
1628 2998 1659 3032 a
1672 2982 1839 3051 scrip-

836 3057 1039 3111 toribus
1077 3060 1350 3130 utriusque
1386 3058 1574 3130 linguae
1614 3078 1749 3131 saepe
1787 3071 1840 3110 et

834 3141 1027 3192 citatus
1055 3151 1108 3190 et
1133 3138 1473 3209 significatus.
1494 3135 1630 3190 Vide
1657 3140 1837 3190 Nostr.

833 3220 965 3284 XII,
1011 3236 1108 3284 ιο,
1149 3217 1251 3284 24,
1287 3215 1373 3269 65.
1416 3220 1603 3288 Neque
1638 3219 1840 3290 primus

835 3297 1068 3370 Olympii
1119 3314 1416 3365 cognomen
1461 3293 1610 3348 dedit
1657 3295 1842 3347 Pericli

835 3373 1304 3446 Aristophanesqs
1280 3372 1354 3428 sel
1376 3373 1534 3444 vulgo
1552 3377 1666 3446 jam
1688 3393 1843 3425 usur-

836 3467 1021 3529 patum
1057 3453 1124 3506 ad
1155 3452 1403 3506 invidiam
1438 3452 1683 3506 traduxit.
1706 3453 1842 3508 Vide

837 3535 976 3589 Plut.
1012 3535 1193 3588 Pericl.
1226 3555 1280 3607 p.
1324 3534 1420 3587 156
1444 3537 1519 3601 Δ,
1550 3536 1622 3601 Β,
1657 3537 1746 3607 qui
1774 3535 1842 3588 de

837 3615 1173 3688 cognominis
1205 3615 1404 3685 origine
1433 3611 1685 3687 disputat.
1708 3611 1843 3665 Vide

837 3696 1055 3749 Lucian.
1083 3695 1275 3764 lmagg.
1301 3713 1354 3766 p.
1385 3711 1478 3758 21,
1500 3691 1605 3744 vol.
1631 3695 1699 3743 Vl
1729 3693 1839 3764 Rip.

837 3773 1022 3844 ibique
1062 3773 1351 3825 Graevium:
1396 3769 1532 3824 adde
1567 3769 1843 3824 Theonem

837 3855 990 3923 Prog.
1017 3872 1071 3924 p.
1096 3870 1182 3923 77,
1206 3849 1290 3903 ed.
1315 3851 1458 3901 Cam.
1483 3851 1655 3901 Etiam
1677 3852 1844 3923 Aspa-

842 3933 974 3984 siam
991 3933 1257 3984 Junonem
1277 3929 1611 4002 appellarunt
1624 3931 1843 3997 comici,

843 4010 975 4062 plut.
1004 4008 1186 4062 Pericl.
1211 4029 1265 4081 p.
1301 4008 1396 4062 165
1420 4012 1484 4062 D.

916 4106 963 4142 2.
991 4088 1177 4141 Cicero.
1207 4110 1228 4133 a
1248 4085 1443 4159 (Civilis
1466 4087 1706 4161 rationis)
1722 4107 1844 4162 pars

850 4190 874 4212 α
895 4180 974 4218 est
1008 4163 1282 4238 artificiosa
1319 4165 1646 4238 eloqnente'a,
1688 4187 1844 4242 quam

1922 1889 1945 1913 ιι
1963 1866 2279 1920 rhetoricam
2296 1878 2506 1921 vocant.
2529 1889 2552 1913 n
2572 1867 2652 1919 De
2673 1867 2779 1916 Inv.
2799 1866 2841 1928 1,
2858 1862 2898 1915 5.

1987 1948 2038 2000 3.
2086 1947 2141 2000 V
2137 1940 2450 1998 indicarunt.
2495 1943 2675 1998 Guelf.
2707 1941 2902 2016 judiea-

1918 2036 2056 2078 runt.
2094 2025 2256 2078 Goth.
2296 2038 2349 2078 et
2383 2026 2527 2077 Jens.
2562 2022 2699 2094 (tac.
2732 2019 2904 2091 Gesn.)

1903 2105 2300 2180 judicaverunt,
2322 2122 2446 2156 eum
2464 2116 2543 2154 tot
2561 2101 2685 2154 edd.
2705 2118 2906 2173 quarum

1920 2185 2123 2257 aliquot
2138 2199 2189 2238 et
2205 2184 2577 2236 indicaverunt.
2594 2184 2824 2254 Recepta
2835 2199 2907 2232 so·

1920 2262 1970 2317 la
1989 2283 2139 2331 vera,
2164 2266 2207 2316 si
2230 2283 2298 2317 ne
2322 2263 2461 2315 ullus
2483 2261 2699 2334 quidem
2719 2259 2908 2313 addicat

1920 2342 2053 2396 Cod.
2078 2345 2252 2415 Quam
2274 2344 2523 2414 frequens
2542 2342 2634 2394 «ὃν
2663 2340 2844 2393 vindic.
2867 2351 2911 2389 et

1905 2422 2076 2497 judic.
2100 2423 2372 2487 confusio,
2392 2436 2446 2473 et
2464 2439 2545 2474 res
2564 2424 2680 2492 ipsa
2702 2420 2851 2471 docet
2867 2428 2911 2468 et

1921 2501 2161 2573 exempla
2184 2502 2471 2554 ostendunt
2493 2499 2639 2573 apud
2661 2496 2910 2553 Drakenb.

1919 2579 2430 2652 nv.xxx11,47‚
2462 2582 2780 2633 2.Tuentur
2809 2578 2912 2629 vin-

1922 2662 2133 2714 dicandi
2149 2659 2471 2713 vocabulum
2487 2663 2641 2712 Voss.
2665 2675 2716 2725 1,
2734 2659 2765 2711 3
2778 2655 2914 2725 (dan-

1923 2754 2030 2792 tes:
2056 2739 2362 2812 vindicant),
2375 2758 2498 2791 cum
2511 2738 2653 2804 aliis,
2670 2739 2762 2810 qui
2782 2736 2918 2788 silen-

1925 2835 2026 2873 tur.
2058 2825 2211 2873 Voss.
2252 2837 2279 2872 2
2317 2821 2447 2872 facit
2481 2838 2603 2871 cum
2635 2837 2738 2871 suo
2770 2815 2915 2869 Goth.

1925 2902 2095 2952 Possit
2127 2900 2314 2972 aliquis
2346 2913 2641 2973 praeoptare
2670 2900 2919 2950 rationem

1924 2983 2077 3031 Voss.
2107 2997 2153 3046 1,
2174 2979 2234 3046 3,
2257 2997 2484 3051 praesens
2510 2976 2918 3039 ostendentium,

1910 3057 2001 3126 ¹ob
2025 3057 2081 3110 id
2106 3057 2253 3129 quod
2277 3061 2513 3129 sequitur
2535 3080 2547 3108 τ
2580 3057 2856 3111 videantur
2876 3068 2922 3106 et

1927 3137 2269 3190 consentiunt.
2292 3137 2394 3190 Sed
2416 3156 2526 3189 non
2551 3149 2633 3188 est
2653 3134 2922 3188 consilium

1928 3236 2104 3288 neque
2140 3218 2362 3269 effectus
2396 3215 2730 3281 vindicandi,
2756 3232 2922 3267 verum

1910 3297 1990 3348 'tu
2021 3300 2095 3349 ita
2125 3289 2392 3368 intellige:
2434 3319 2457 3343 ι
2476 3298 2529 3350 si
2561 3296 2663 3348 soli
2699 3309 2924 3347 oratores

1938 3374 2085 3429 «hoc
2116 3376 2502 3443 vindicassent,
2529 3388 2750 3449 possent
2775 3373 2925 3426 videri

1938 3459 2090 3508 «suis
2119 3456 2303 3509 studiis
2331 3456 2612 3508 indulsisse
2640 3456 2811 3525 iisque
2834 3453 2926 3503 ho-

1939 3553 2165 3588 ·norem
2195 3538 2453 3607 quaesisse.
2478 3558 2499 3581 n
2529 3535 2668 3586 Cave
2700 3533 2804 3585 suis
2831 3541 2929 3582 stu·

1931 3613 2030 3666 diis
2068 3613 2352 3666 ablativum
2394 3614 2640 3684 accipias.
2692 3613 2929 3663 Praestare

1931 3691 2094 3744 alicui
2136 3691 2341 3765 aliquid
2386 3705 2464 3745 est
2505 3686 2811 3764 qmttflcari.
2853 3688 2928 3740 Sic

1914 3765 2060 3826 'Plin.
2087 3776 2276 3844 Paneg.
2304 3772 2402 3839 48,
2431 3792 2476 3825 a.
2503 3773 2645 3842 Suet.
2666 3772 2773 3822 Tit.
2800 3788 2846 3820 c.
2873 3769 2929 3831 8,

1928 3850 2070 3902 nihil
2077 3852 2317 3926 cuiquam
2330 3851 2931 3925 proestt'tissefflerfeetum

1934 3942 2111 3983 autem
2141 3943 2399 4002 praesente
2430 3929 2616 3982 melius
2648 3927 2703 3980 h.
2740 3928 2776 3978 1.
2815 3928 2927 3997 quia

1934 4020 2154 4062 oratoves
2181 4011 2266 4060 isti
2293 4008 2653 4080 intelliguntur
2678 4006 2803 4060 talia
2828 4024 2933 4056 ser-

1933 4107 2091 4141 mone
2128 4089 2370 4141 familiari
2407 4088 2738 4153 defendisse,
2774 4102 2933 4157 quum

1937 4185 2119 4220 eorum
2140 4167 2205 4220 de
2227 4183 2333 4221 arte
2355 4187 2462 4223 non
2485 4167 2635 4220 multi
2652 4178 2857 4218 exstent
2876 4162 2930 4215 li·
