3200 5150
818 508 943 578 272

1381 481 1474 546 M.
1516 482 1744 547 FABII
1780 481 2334 567 QUINTILIANI

812 609 1077 709 optima
1103 604 1271 679 ratio
1292 604 1626 693 videatur,
1650 624 1803 676 tum
1834 602 2464 676 demonstrabimus
2488 614 2539 693 ¹,
2564 625 2792 703 quum
2818 603 2904 678 de

803 723 1119 827 judiciali
1151 741 1341 821 parte
1376 720 1765 793 dicemus².
1807 719 2095 791 Interim
2125 718 2504 792 admonere
2539 718 2717 791 illud
2749 720 2909 792 satis

814 860 950 928 est,
993 858 1072 910 ut
1110 837 1197 907 sit
1227 863 1307 907 ea
1340 860 1569 933 neque
1603 832 1794 905 arida
1826 858 2102 931 prorsus
2139 852 2345 931 atque
2369 831 2656 932 jejuna,
2695 835 2906 929 (nam
2967 929 2972 936 Δ

812 953 985 1055 quid
1018 979 1193 1051 opus
1222 971 1364 1024 erat
1395 970 1668 1021 tantum
1694 948 1933 1020 studiis
1964 947 2217 1020 laboris
2250 947 2691 1046 impendere,
2721 950 2779 1020 si
2803 976 2910 1021 res

811 1066 1039 1141 nudas
1075 1086 1283 1163 atque
1313 1065 1659 1136 inornatas
1688 1061 1993 1134 indicare
2030 1061 2187 1133 satis
2219 1061 2644 1159 videretur?)
2676 1089 2911 1161 neque

805 1205 1049 1252 —rursus
1100 1179 1415 1265 sinuosa,
1464 1169 1547 1249 et‘
1577 1175 1907 1247 arcessitis
1955 1173 2527 1274 descriptionibus
2548 1231 2567 1265 ,
2614 1176 2688 1248 in
2736 1202 2911 1277 quas

817 1292 1129 1392 plerique
1159 1289 1540 1364 imitatione
1570 1288 1852 1388 poeticae
1875 1288 2167 1362 licentiae
2191 1289 2568 1379 ducuntur,
2589 1287 2905 1362 lasciva-³.

744 1418 780 1486 4
817 1406 1089 1478 Vitium
1114 1426 1534 1504 utrumque3
1565 1401 1766 1504 pejus
1797 1423 2034 1474 tamen
2063 1401 2275 1492 illud,
2302 1402 2498 1502 quod
2527 1429 2610 1475 ex
2637 1403 2910 1503 inopia,

815 1545 1032 1620 quam
1066 1518 1259 1618 quod
1300 1545 1381 1591 ex
1415 1518 1615 1617 copia
1640 1516 1867 1590 venit:
1909 1543 2075 1588 nam
2114 1515 2188 1587 in
2230 1516 2462 1614 pueris
2503 1516 2717 1589 oratio
2756 1543 2914 1616 per-

813 1635 996 1708 fecta
1041 1662 1171 1707 nec
1214 1633 1430 1734 exigi,
1465 1660 1594 1706 nec
1636 1632 1893 1732 sperari
1936 1653 2195 1733 potest3
2243 1632 2492 1706 melior
2530 1654 2767 1706 autem
2812 1655 2915 1705 est

818 1750 1088 1823 indoles
1132 1750 1320 1842 laeta,
1356 1750 1812 1879 generosique
1853 1770 2182 1838 conatus,
2223 1770 2291 1822 et
2329 1749 2438 1821 vel
2484 1749 2688 1848 plura
2721 1750 2914 1850 justo

748 1876 783 1931 5
819 1865 1218 1965 concipiens
1273 1864 1548 1936 interim
1602 1864 1901 1962 spiritus.
1959 1866 2104 1936 Nec
2150 1890 2469 1963 unquam
2521 1890 2637 1937 me
2683 1864 2760 1937 in
2806 1864 2916 1937 his

818 1979 1139 2052 discentis
1170 1978 1373 2050 annis
1401 1978 1750 2067 offendat,
1776 1977 1830 2049 si
1860 1976 2033 2076 quid
2064 1978 2516 2076 superfuerit:
2550 1978 2724 2078 quin
2750 1978 2916 2076 ipsis

819 2092 1217 2165 doctoribus
1243 2092 1377 2165 hoc
1403 2117 1546 2164 esse
1576 2117 1757 2164 curae
1784 2090 2030 2180 velim,
2065 2112 2143 2162 ut
2168 2111 2434 2164 teneras
2460 2091 2693 2164 adhuc
2718 2119 2915 2165 men·

817 2228 919 2278 tes
953 2232 1146 2279 more
1180 2205 1535 2278 nutricum
1575 2205 1857 2277 mollius
1893 2204 2120 2295 alant,
2163 2226 2231 2278 et
2261 2207 2485 2278 satiari
2518 2207 2706 2280 velut
2741 2234 2918 2306 quo-

821 2320 987 2392 dam
1016 2320 1458 2423 jucundioris
1499 2319 1879 2419 disciplinae
1919 2319 2094 2393 lacte
2136 2320 2522 2421 patiantur:
2567 2321 2695 2394 erit
2738 2321 2918 2394 illud

822 2435 1097 2534 plenius
1130 2435 1406 2507 interim
1442 2461 1692 2536 corpus
1706 2432 1762 2524 4,
1798 2435 1988 2534 quod
2023 2462 2185 2507 mox
2213 2434 2450 2508 adulta
2477 2456 2634 2508 aetas
2662 2435 2917 2508 astrin-

748 2563 785 2619 6
823 2569 956 2650 gat.
988 2549 1175 2623 Hinc
1208 2577 1361 2649 spes
1402 2548 1705 2622 roboris:
1742 2549 2039 2623 maciem
2069 2547 2423 2651 namque⁵
2459 2570 2527 2625 et
2552 2549 2920 2623 infirmita-

818 2763 1005 2827 decen
1037 2776 1090 2817 et
1116 2775 1321 2835 spectat
1345 2762 1578 2834 elogium
1603 2762 1674 2815 ad
1706 2780 1821 2814 om-

818 2863 942 2897 nem
960 2844 1175 2895 omnino
1194 2842 1464 2895 historiam
1477 2881 1495 2910 ‚
1509 2860 1621 2894 non
1640 2842 1708 2894 ad
1725 2841 1823 2893 ali-

823 2940 979 2992 quem
1008 2924 1122 2991 ejus
1149 2919 1413 2973 delectum
1441 2938 1472 2971 a
1498 2918 1709 2984 rhetore
1740 2919 1821 2970 fa-

820 2999 1082 3053 ciendum.

897 3096 941 3130 1.
984 3078 1120 3129 Tum
1161 3076 1435 3129 demonstr.
1478 3073 1639 3128 Goth.
1681 3073 1819 3145 (tac.

808 3156 1004 3227 Gesn.)
1027 3157 1219 3207 omittit
1239 3165 1376 3220 tum,
1400 3172 1523 3206 cum
1540 3156 1694 3205 Voss.
1717 3152 1750 3205 3
1769 3162 1822 3203 et

818 3233 939 3286 edd.
967 3234 1185 3303 aliquot.

891 3330 939 3365 2.
972 3311 1202 3381 Quum...
1227 3310 1467 3363 dicemus.
1496 3312 1555 3363 L.
1581 3311 1669 3374 lv,
1692 3326 1738 3360 c.
1769 3324 1817 3360 2.

899 3392 950 3444 3.
998 3391 1225 3442 Lasciva.
1276 3389 1452 3442 Guelf.
1511 3387 1816 3452 lasciviant,

822 3470 967 3542 quod
1008 3473 1062 3521 in
1103 3471 1210 3520 suis
1249 3466 1551 3521 inveniebat
1588 3467 1783 3535 Regius
1802 3503 1821 3533 ‚

822 3550 913 3620 qui
948 3553 1254 3620 conjectura
1289 3548 1540 3618 expunxit
1571 3565 1625 3596 n.
1657 3543 1819 3597 Goth.

819 3627 952 3699 (tac.
982 3624 1174 3695 Gesn.)
1202 3624 1442 3689 lascivia,
1472 3626 1528 3675 in
1556 3641 1663 3694 quo
1692 3623 1821 3683 latet

816 3707 1107 3763 multorum
1131 3702 1299 3758 Codd.
1332 3716 1390 3755 ut
1416 3705 1590 3755 Turic.
1618 3714 1671 3753 et
1697 3699 1815 3753 edd.

820 3790 1077 3859 scriptura
1111 3783 1358 3837 lasciviat.
1392 3784 1502 3853 Ego
1532 3794 1710 3843 tamen
1736 3799 1819 3832 re·

817 3880 1025 3937 ceptam
1044 3876 1178 3936 puto
1195 3879 1371 3915 veram
1390 3859 1462 3912 ob
1481 3863 1714 3932 positum
1727 3876 1818 3908 vo-

818 3947 893 3997 cis
922 3961 1086 4017 neque
1111 3954 1235 4014 post
1260 3941 1326 3995 sit
1341 3980 1360 4007 ,
1386 3954 1439 3992 et
1461 3938 1701 3991 additum
1723 3937 1819 3990 ad-

816 4023 1053 4075 verbium
1098 4039 1294 4086 rursus,
1337 4032 1555 4092 propter
1591 4034 1818 4089 quorum

818 4115 1098 4172 utrumque
1135 4101 1450 4174 adjectivum
1487 4098 1678 4153 lasciva
1719 4096 1816 4150 ad·-

810 4182 1007 4253 jectivo
1028 4179 1174 4230 arida
1199 4180 1402 4252 opponi
1421 4178 1600 4250 potius
1625 4194 1817 4249 expec-

1912 2776 2023 2830 tes,
2063 2782 2220 2835 quam
2259 2762 2477 2816 verbum
2513 2762 2774 2828 lasciviat,
2819 2762 2916 2815 ad·

1905 2844 2101 2914 jectivo
2154 2843 2325 2894 avida.
2359 2871 2433 2882 -
2470 2845 2532 2895 R.
2579 2860 2597 2894 ι
2622 2881 2639 2909 ,
2686 2841 2913 2895 lascivat.

1911 2923 2017 2973 RR.
2051 2938 2114 2986 α,
2147 2922 2212 2988 3,
2248 2920 2496 2974 lasciviat.
2531 2921 2728 2989 Qun,
2764 2920 2920 2975 lasci-

1911 3000 2073 3052 viant.
2100 3001 2191 3051 En.

1957 3069 2032 3145 ’4.
2080 3077 2351 3133 Plenius...
2393 3097 2591 3152 corpus.
2637 3079 2814 3149 Jungo
2858 3093 2916 3133 et

1911 3155 2207 3228 subjectum
2245 3157 2400 3209 simul
2436 3159 2605 3221 faci03
2647 3176 2756 3209 non
2795 3156 2916 3228 ple·

1909 3236 2056 3300 nius,
2084 3232 2442 3306 praedicatum.
2475 3238 2569 3289 Est
2595 3249 2772 3287 autem
2795 3234 2917 3306 ple-

1909 3314 2026 3365 m'us
2051 3330 2234 3385 corpus
2269 3313 2485 3387 puerilis
2521 3312 2610 3366 illa
2647 3313 2914 3379 obesitas,

1909 3409 2072 3443 succo
2096 3391 2372 3443 abundans
2388 3410 2620 3463 mquam
2648 3392 2915 3461 stequemi

1909 3469 2053 3542 apud
2101 3469 2336 3523 rhetores
2387 3471 2758 3537 translatione,
2810 3469 2914 3522 sibi

1909 3547 2023 3599 dari
2067 3561 2254 3620 optant
2303 3552 2534 3619 magistri
2578 3548 2909 3619 eloquentiae.

1907 3625 2040 3678 Vide
2067 3629 2143 3693 11,
2179 3644 2274 3694 ιο,
2307 3628 2372 3694 5,
2407 3642 2459 3680 et
2491 3630 2687 3681 Seneca
2719 3626 2912 3694 Rhet.‚

1906 3722 1961 3775 p.
1987 3705 2098 3775 Bip.
2133 3704 2267 3756 285:
2305 3728 2327 3750 ι
2346 3708 2400 3757 in
2429 3708 2491 3758 iis
2520 3708 2708 3771 etiam,
2737 3707 2782 3757 si
2809 3707 2914 3756 mi·-

1915 3805 1938 3830 α
1956 3801 2056 3835 nus
2079 3786 2321 3851 insanias,
2346 3788 2519 3838 minus
2543 3788 2658 3857 spei
2681 3799 2777 3838 est.
2803 3784 2913 3851 Illi,

1913 3864 2048 3933 ·qui
2080 3876 2283 3915 tument
2315 3878 2369 3915 et
2401 3864 2723 3917 abundantia
2756 3863 2913 3915 labo-

1913 3955 2103 4008 ιιι-ειη,
2143 3941 2264 4012 plus
2305 3942 2502 3997 habent
2542 3946 2776 4010 furoris,
2815 3941 2915 3995 sed

1913 4019 2075 4091 uplus
2099 4023 2256 4073 etiam
2278 4024 2564 4094 corporis.»

1976 4098 2026 4151 5.
2049 4101 2274 4151 Maciem
2293 4119 2543 4174 namque,
2562 4114 2661 4154 etc.
2678 4102 2914 4153 Infantes

1905 4194 2018 4232 esse
2066 4178 2237 4234 solent
2278 4178 2439 4252 vulgo
2486 4178 2812 4234 humidiores
2860 4192 2914 4232 et
