3200 5150
858 495 984 558 326

1416 497 1507 558 M.
1549 493 1776 557 FABII
1818 492 2377 574 QUINTILIANI

851 615 925 688 in
950 616 1264 688 sensibus
1283 630 1332 707 ¹,
1359 640 1655 716 quaeque
1681 616 1757 687 in
1780 613 2004 687 verbis
2030 634 2225 706 sunt;
2251 635 2531 690 mutant
2551 616 2783 688 enim²
2808 615 2928 689 ali-

851 731 1021 830 quid
1048 759 1090 804 a
1113 754 1328 820 recto,
1354 753 1560 832 atque
1589 730 1772 804 hanc
1799 755 1937 829 prae
1962 755 2034 804 se
2055 730 2379 806 virtutem
2401 731 2668 822 ferunt,
2690 731 2874 830 quod
2893 759 2932 803 a

746 877 805 912 ιι
850 848 1353 920 consuetudine
1376 846 1644 946 vulgari
1674 866 2119 920 recesserunt.
2152 845 2386 918 Habet
2406 846 2479 918 in
2506 846 2775 945 pictura
2797 873 2932 945 spe-

845 961 1027 1034 ciem
1068 982 1210 1035 tota
1248 963 1493 1035 facies:
1533 961 1815 1061 Apelles
1853 983 2091 1036 tamen
2134 961 2518 1059 imaginem
2557 961 2883 1059 Antigoni
2904 959 2929 1006 ³

842 1076 1052 1149 latere
1076 1099 1351 1151 tantum
1382 1079 1595 1152 altero
1619 1077 1947 1168 ostendit,
1976 1098 2056 1149 ut
2076 1077 2311 1150 amissi
2334 1075 2520 1150 oculi
2546 1076 2931 1149 deformitas

841 1191 1099 1264 lateret.
1128 1192 1367 1286 Quid?
1395 1219 1538 1266 non
1565 1193 1639 1265 in
1666 1192 1971 1264 oratione
1996 1192 2374 1290 operienda
2397 1211 2562 1266 sunt
2584 1189 2931 1290 quaedam‚

840 1308 979 1378 sive
1004 1308 1271 1381 ostendi
1297 1335 1441 1381 non
1468 1308 1762 1398 debent,
1792 1307 1929 1379 sive
1959 1306 2252 1406 exprimi
2281 1331 2410 1406 pro
2437 1306 2770 1405 dignitate
2799 1331 2931 1380 non

742 1431 803 1483 ¹3
841 1424 1171 1521 possunt?
1213 1445 1291 1496 ut
1328 1424 1495 1497 fecit
1536 1423 1949 1495 Timanthes
1963 1418 2020 1512 4,
2068 1421 2389 1520 opinor⁵‚
2435 1421 2825 1519 Cythnius,
2869 1420 2932 1491 in

840 1536 1077 1610 tabula
1091 1536 1148 1628 ⁶,
1174 1565 1315 1639 qua
1339 1538 1634 1611 Coloten
1651 1553 1677 1599 ⁷
1706 1538 1963 1610 Teium
1992 1537 2182 1626 vicit3
2210 1564 2378 1609 nam
2404 1563 2631 1635 quum
2663 1535 2738 1607 in
2764 1535 2935 1634 Iphi-

950 1751 1283 1806 .Sensibus..

838 1845 887 1881 λι
878 1770 1006 1899 ’ξυιυς
1023 1827 1103 1881 nai
1128 1831 1174 1881 δι
1160 1852 1273 1884 aaron
1266 1831 1349 1888 ’.ας

914 1928 960 1962 2.
996 1912 1135 1963 Μαι.
1176 1912 1334 1963 enim.
1369 1912 1545 1963 Turic.
1582 1923 1636 1963 et
1670 1910 1845 1963 Guelf.

834 1990 978 2041 Mat.
994 1990 1168 2041 etiam.
1186 1992 1251 2042 Et
1266 1992 1340 2043 sic
1357 2009 1540 2043 omnes
1554 1990 1667 2043 fere
1677 1988 1845 2042 Codd.

840 2084 890 2121 et
915 2068 1035 2122 edd.
1061 2082 1186 2123 vett.
1212 2085 1400 2142 praeter
1422 2070 1544 2126 Ald.
1572 2072 1664 2142 qui
1687 2067 1849 2122 habet

837 2161 1107 2220 receptam
1148 2147 1317 2202 solam
1359 2149 1480 2201 loco
1524 2149 1846 2200 convenien-

835 2241 970 2290 tem;
992 2246 1117 2279 nam
1135 2228 1292 2278 etiam
1311 2229 1643 2300 interpretari
1659 2249 1673 2278 2
1694 2238 1745 2280 et
1767 2226 1849 2297 ip-

835 2323 903 2358 soe
914 2344 931 2371 ‚
957 2304 1268 2382 sieutflexus
1292 2301 1413 2371 ille,
1431 2305 1664 2360 alienum
1686 2303 1847 2364 eredo

838 2404 869 2435 a
914 2384 1171 2437 latinitate
1212 2388 1268 2436 in
1306 2384 1413 2437 hoc
1455 2387 1601 2438 vocis
1621 2387 1845 2455 ‘posita

837 2463 999 2518 Goth.
1043 2475 1216 2515 autem
1234 2502 1251 2527 ‚
1290 2463 1454 2534 paulo
1496 2462 1702 2518 melius.
1746 2461 1849 2515 Sed

839 2543 995 2597 etiam
1035 2556 1087 2596 et
1123 2542 1264 2595 enim
1296 2545 1352 2594 in
1384 2539 1552 2595 Codd.
1591 2540 1849 2599 confundi

842 2621 1040 2683 solent;
1060 2620 1180 2674 vide
1198 2619 1356 2674 Drak.
1380 2619 1447 2672 ad
1466 2621 1575 2672 Liv.
1596 2621 1848 2685 XXXVI,

842 2701 902 2767 41
922 2738 939 2767 ,
963 2701 1022 2764 33
1047 2701 1104 2751 it.
1131 2702 1284 2753 Nost.
1311 2700 1365 2765 1,
1390 2697 1453 2764 5,
1476 2699 1562 2770 37.
1584 2728 1663 2753 ,--
1678 2696 1847 2753 Codd.

841 2780 945 2832 RR.
977 2796 1022 2845 1,
1046 2796 1104 2843 2,
1130 2777 1162 2831 5
1188 2792 1241 2832 et
1263 2778 1648 2845 (numnam.
1674 2780 1767 2831 En.

914 2858 964 2909 3.
989 2857 1261 2930 Antigoni.
1282 2855 1416 2908 Vide
1439 2855 1695 2922 Plinium,
1715 2857 1847 2909 Hist.

842 2937 963 2989 Nat.
988 2935 1205 3003 XXXV,
1229 2935 1329 3001 36,
1365 2936 1460 3001 14,
1486 2954 1543 3007 p.
1576 2935 1696 3005 298.
1717 2934 1851 2986 Vide

842 3013 1012 3085 ejusd.
1031 3015 1246 3081 XXXV,
1262 3012 1359 3079 34,
1379 3031 1433 3085 p.
1458 3014 1588 3083 289,
1606 3031 1719 3084 quae
1740 3009 1849 3069 duo

842 3092 961 3145 loca
1004 3094 1143 3144 inter
1187 3111 1244 3145 se
1289 3091 1535 3145 videntur
1574 3110 1848 3166 pugnare,

844 3191 1008 3243 quum
1027 3184 1078 3223 et
1098 3170 1342 3223 Cleonaeo
1362 3170 1429 3249 (p
1435 3168 1592 3245 .289)
1611 3184 1664 3223 et
1677 3170 1852 3247 Apelli

842 3249 991 3325 (298)
1025 3247 1265 3302 videatur
1300 3250 1463 3305 tribui
1497 3249 1851 3322 catagrapho-

844 3348 961 3380 rum
1001 3331 1250 3381 inventio.
1290 3326 1350 3380 Id
1388 3328 1534 3401 quod
1568 3330 1851 3402 posteriori

844 3404 965 3458 loco
1004 3406 1195 3476 legitur
1227 3407 1425 3478 primus
1456 3407 1588 3478 (nisi
1621 3406 1851 3481 abjicere

844 3487 981 3536 forte
1004 3483 1155 3536 malis
1170 3521 1187 3549 ,
1212 3498 1273 3535 ut
1298 3498 1481 3539 natum
1505 3504 1569 3537 ex
1590 3486 1851 3556 interpre-

845 3577 1079 3615 tamento
1094 3563 1182 3614 τοῦ
1197 3564 1506 3636 excogitata)
1519 3567 1851 3639 interpreter,

845 3656 903 3694 ut
934 3645 1135 3714 primus
1162 3643 1376 3714 Apelles
1402 3645 1659 3696 invenerit
1685 3647 1850 3698 ratio-

844 3741 967 3774 nem
1010 3721 1125 3774 vitii
1164 3720 1422 3773 condendi
1439 3760 1457 3787 ‚
1499 3726 1703 3795 primus
1742 3723 1849 3777 hoc

841 3799 1071 3852 Cleonaei
1090 3802 1303 3852 invento
1324 3818 1450 3855 usus
1471 3800 1539 3853 ad
1555 3805 1740 3857 vitium
1759 3822 1851 3857 ce-

843 3878 1077 3933 landum.
1104 3878 1208 3933 Sed
1230 3877 1421 3932 durum
1442 3880 1563 3933 hoc.

915 3959 965 4025 4.
997 3957 1317 4012 Timanthes.
1338 3958 1470 4013 Vide
1495 3960 1626 4013 Plin.
1652 3960 1847 4017 Histor.

842 4041 964 4091 Nat.
1003 4039 1218 4105 XXXV,
1256 4038 1358 4106 36,
1391 4038 1456 4106 6,
1487 4058 1543 4114 p.
1581 4041 1700 4113 294.
1740 4042 1847 4093 Cie.

843 4119 1023 4183 Orat,
1044 4136 1091 4168 c.
1116 4133 1199 4169 22.
1220 4116 1336 4169 val.
1361 4119 1500 4173 Max.
1518 4120 1662 4186 vlu,
1688 4135 1706 4170 1
1724 4136 1743 4170 ι
1770 4136 1852 4173 ex-

845 4206 978 4247 tern.
993 4233 1010 4262 ,
1031 4194 1082 4248 6.
1102 4194 1206 4249 Sed
1222 4197 1399 4268 ipsum
1416 4196 1722 4268 Euripidem
1739 4198 1850 4270 pic-

1328 1789 1341 1802 .
1386 1754 1559 1806 verbis.
1602 1750 1850 1820 Σχίμιιηι
1937 1753 2040 1803 tori
2065 1741 2205 1803 Viam
2238 1764 2560 1806 monstrasse
2587 1762 2734 1802 reete
2763 1746 2936 1802 obser-

1936 1843 2062 1883 vant
2085 1829 2155 1884 ad
2177 1828 2344 1904 Iphig.
2371 1830 2426 1881 in
2449 1825 2757 1880 Aul.1550.

2009 1906 2059 1962 5.
2100 1908 2314 1979 Opinor.
2355 1897 2431 1962 lta
2468 1904 2645 1958 Guelf.
2685 1917 2740 1957 et
2771 1903 2934 1957 usic.

1937 2005 2060 2038 cum
2076 1985 2253 2038 multis
2267 1981 2437 2038 Codd.
2453 1983 2610 2050 Edd„
2624 1996 2685 2035 ut
2699 1997 2754 2036 et
2767 1984 2937 2047 Ges-12,

1935 2066 2046 2120 fere
2071 2064 2200 2116 dant
2228 2075 2288 2114 ut
2308 2082 2392 2136 op.
2420 2061 2523 2115 Sed
2547 2061 2706 2134 longe
2732 2061 2938 2131 elegan-

1938 2146 2040 2195 tius
2057 2142 2234 2208 abest,
2253 2161 2320 2193 ne
2335 2144 2619 2196 insuaviter
2632 2142 2934 2213 geminetur.

1936 2225 2158 2273 —Item
2179 2221 2286 2272 RR.
2321 2239 2366 2286 1,
2394 2239 2422 2276 2
2439 2259 2458 2286 ,
2482 2221 2515 2273 3
2539 2233 2591 2272 et
2614 2221 2773 2272 Cum
2790 2258 2810 2286 ,
2831 2218 2938 2291 opi·

1937 2317 2038 2351 nor
2060 2301 2173 2351 sine
2201 2311 2275 2352 ut.
2306 2301 2502 2352 Eu.-
2428 2298 2748 2369 -Ops'non
2771 2296 2937 2352 Dubi-

1886 2401 1895 2413 ·
1936 2378 2097 2444 tati0‚
2123 2396 2236 2449 quae
2260 2380 2397 2429 inest
2421 2375 2612 2442 verbo,
2637 2394 2747 2427 non
2769 2388 2939 2447 potest

1937 2457 2120 2508 referri
2137 2476 2233 2523 eo,
2253 2457 2405 2528 ‹piasi
2423 2456 2740 2546 ignoraverit
2760 2455 2936 2523 Quint.

1937 2534 2043 2588 hoe
2068 2535 2345 2588 artificium
2370 2535 2457 2587 eui
2478 2534 2673 2607 pictori
2697 2546 2839 2586 esset
2860 2534 2940 2584 tri-

1936 2615 2268 2684 buendum,'
2254 2636 2310 2668 tn
2328 2636 2386 2671 re
2403 2619 2558 2669 nimis
2577 2615 2873 2682 celebrata,
2887 2629 2941 2666 ut

1938 2696 2163 2763 yidimue
2176 2733 2192 2763 ,
2213 2715 2243 2751 a
2245 2695 2358 2771 pud
2375 2695 2678 2751 Romanoo’
2663 2713 2837 2767 ipsos·
2824 2735 2840 2759 ,
2859 2712 2941 2745 ne-

1942 2793 2046 2846 que
2074 2789 2185 2829 erat
2212 2773 2301 2827 hic
2330 2772 2481 2829 loeus
2510 2771 2819 2829 simulandae
2848 2772 2940 2824 ha·

1939 2872 2056 2907 rum
2079 2853 2388 2913 deliciarum
2410 2855 2709 2925 imperitiae,
2729 2872 2847 2927 qum
2869 2866 2938 2905 est

1940 2934 2208 2989 Ciceronis
2237 2931 2496 2987 calliditas
2525 2933 2581 2985 in
2608 2934 2938 2989 Veri-inarum

1939 3011 2076 3066 libro
2107 3027 2295 3084 quarto
2329 3012 2454 3084 (qui
2482 3011 2587 3064 hoc
2615 3013 2734 3082 ipso
2762 3012 2945 3083 opinor

1940 3093 2125 3160 utitur,
2156 3106 2216 3144 ut
2247 3111 2293 3144 e.
2332 3109 2360 3142 2
2380 3129 2398 3158 ,
2428 3109 2497 3144 ne
2523 3086 2766 3142 videatur
2794 3090 2941 3141 nimis

1941 3189 2165 3243 operum
2200 3168 2565 3242 intelligens);
2603 3182 2739 3241 puto
2772 3170 2940 3240 igitur,

1941 3268 2063 3301 eum
2087 3252 2417 3315 Bai-manno,
2446 3247 2514 3301 de
2535 3251 2708 3322 patria
2730 3249 2941 3301 Timan-

1941 3328 2078 3397 this,
2105 3348 2174 3383 an
2199 3347 2321 3383 vere
2348 3327 2606 3402 Cythnius
2632 3326 2842 3400 (insula
2869 3340 2939 3379 est

1941 3410 2097 3461 maris
2146 3409 2307 3478 AEgaei
2350 3426 2519 3481 prope
2565 3406 2847 3480 Seriphum
2893 3421 2938 3459 et

1938 3485 2087 3539 Ceon
2109 3486 2271 3539 hodie
2297 3486 2557 3539 Themira.
2581 3485 2717 3539 Vide
2740 3485 2938 3540 Villois.

1939 3564 2096 3619 Proll.
2126 3566 2313 3631 Hom.,
2341 3583 2462 3636 pag.
2495 3564 2601 3639 54)
2631 3579 2803 3631 esset,
2836 3583 2938 3617 non

1937 3657 2269 3716 compertum
2291 3645 2454 3698 fuisse
2477 3643 2807 3713 Quintiliano
2819 3666 2836 3709 3
2860 3662 2940 3696 ne·

1942 3742 2044 3795 que
2068 3725 2210 3777 enim
2232 3723 2426 3778 diserta
2449 3726 2504 3779 in
2525 3723 2664 3777 hane
2689 3743 2805 3779 rem
2827 3723 2936 3776 loon

1937 3817 2175 3857 veterum
2195 3804 2548 3859 inveniuntur.

2008 3881 2059 3935 6.
2080 3882 2149 3937 In
2170 3881 2361 3935 tabula.
2386 3885 2448 3936 R.
2477 3901 2496 3935 ι
2523 3896 2576 3935 et
2592 3883 2785 3950 Cium,
2811 3884 2867 3934 in
2884 3900 2936 3934 ea

1940 3959 2115 4015 tabula
2135 3959 2373 4033 (tacente
2395 3960 2695 4034 Spalding).
2720 3965 2814 4015 En.

2012 4058 2062 4111 7.
2087 4040 2314 4094 Coloten.
2335 4043 2413 4094 Ita
2431 4041 2607 4095 Guelf.
2623 4040 2795 4095 Malui
2805 4041 2939 4094 Grae-

1939 4138 2057 4171 cam
2102 4121 2327 4175 formam
2375 4139 2489 4191 quae
2536 4134 2616 4173 est
2663 4122 2721 4173 in
2766 4119 2939 4172 multis

1939 4197 2109 4252 Codd.
2133 4198 2292 4255 Gesn.
2324 4197 2570 4254 Colacem.
2590 4201 2786 4253 -Rn.
2816 4216 2863 4267 ι,
2884 4214 2940 4259 2,
