3200 5150
1111 514 1624 583 PRAEFATIO.
2328 526 2408 590 13·

327 641 454 730 ipsi
474 640 801 707 Chronico
821 638 937 725 (ad
955 662 1204 705 annum
1224 641 1580 705 Domitiani
1613 640 1681 718 8,
1704 639 1812 705 Ol.
1835 642 1992 728 216)
2015 659 2081 708 et
2102 644 2396 712 Ausonio

325 747 429 830 (in
466 747 740 834 profess.
779 745 1104 834 Burdigal.
1142 747 1204 825 1,
1248 749 1354 833 7),
1395 763 1461 809 et
1493 747 1900 836 Hieronymo
1932 749 2393 836 Vigilantiam,

321 870 523 942 quem
549 854 918 933 insectatur,
942 875 1303 939 cauponem
1321 851 1932 942 Calagum-itanum,
1951 856 2243 946 itemque
2259 878 2400 924 mu-

321 974 460 1024 tum
500 958 978 1045 Quintilianum
1013 957 1388 1046 appellanti.
1420 957 1639 1023 Nostri
1672 978 2039 1046 cognomen
2076 979 2393 1050 praeterea

320 1065 390 1129 in
417 1065 730 1154 Hispania
758 1063 1026 1130 auditur
1052 1064 1248 1128 etiam
1276 1063 1514 1129 saeculo
1540 1064 1774 1152 quinto
1803 1065 2106 1147 ineunte,
2137 1068 2203 1131 in
2232 1071 2392 1134 Pru-

317 1167 527 1235 dentii
577 1169 824 1259 hymno
878 1194 913 1257 7
967 1167 1480 1258 peristephanon
1529 1192 1592 1234 v.
1657 1172 1773 1235 152
1793 1219 1811 1250 ‚
1864 1170 1979 1235 ubi
2024 1173 2393 1240 celebratur

314 1276 758 1359 Quintilianus
779 1291 1021 1365 martyr
1037 1276 1671 1363 caesaraugustanus.
1690 1276 2266 1366 caesaraugustano
2283 1304 2392 1346 au·

313 1398 453 1448 tem
473 1382 829 1448 conventui
847 1397 1364 1447 annumerantur
1377 1381 1870 1469 Calagurritani,
1892 1400 2057 1448 teste
2073 1384 2288 1449 Plinio
2301 1387 2384 1450 H.

311 1490 395 1554 N.
425 1490 556 1568 111,
592 1487 650 1553 3.
689 1489 921 1577 Neque
948 1504 1167 1551 tamen
1194 1487 1496 1575 protinus
1528 1509 1799 1553 necesse
1827 1504 1958 1568 est,
1990 1505 2064 1552 ut
2093 1508 2285 1556 natus
2318 1493 2390 1561 in

311 1595 632 1682 Hispania
670 1594 869 1658 fuerit
906 1595 1160 1672 Noster,
1195 1594 1250 1657 si
1292 1592 1535 1656 familia
1568 1592 1710 1682 ejus
1752 1592 1907 1657 inde
1950 1612 2048 1661 est
2085 1595 2383 1663 oriunda.

310 1700 586 1788 Effigies
617 1699 1004 1783 Quintiliani
1039 1698 1108 1761 in
1139 1698 1390 1786 aliquot
1412 1695 1622 1761 Codd.
1653 1698 2152 1788 MSS.'appictas
2185 1702 2387 1768 refert

309 1805 673 1871 Bandinius
701 1806 770 1869 in
798 1802 1123 1890 catalogis
1150 1802 1565 1868 Florentinis.
1591 1802 1693 1867 Ad
1718 1805 2052 1871 Juvenalis
2077 1804 2160 1870 de
2181 1808 2388 1890 Quin·

306 1911 541 1976 tiliano
570 1911 790 1975 locum
819 1909 887 1973 in
913 1906 1203 1973 editione
1228 1908 1543 1972 Henninii
1565 1911 1587 1991 (
1612 1909 1835 1996 1695),
1858 1933 1922 1999 p.
1953 1932 2077 1976 212
2093 1912 2392 2005 ,adjecta

306 2035 414 2085 est
440 2017 659 2084 tabula
691 2015 1007 2081 exhibens
1037 2014 1249 2078 virum
1284 2029 1613 2101 togatum,
1643 2030 1957 2096 stantem,
1987 2016 2225 2084 lunatis
2254 2018 2391 2085 cal-

307 2125 447 2192 ceis
473 2123 678 2245 pedes
707 2120 1033 2188 indutum.
1063 2119 1191 2186 Sed
1229 2119 1597 2186 calceorum
1627 2120 1830 2185 modo
1862 2144 2052 2187 causa
2086 2126 2382 2213 proposi-

304 2246 447 2297 tam
478 2232 828 2319 imaginem
859 2244 1158 2318 apparet,
1187 2224 1369 2316 quod
1398 2224 1630 2290 eadem
1660 2243 1757 2293 est
1783 2226 1961 2315 apud
1989 2226 2384 2297 Balduinum

308 2336 399 2409 de
428 2336 689 2412 Calce0‚
721 2359 786 2423 p.
817 2335 930 2423 69,
967 2350 1033 2398 et
1063 2332 1172 2397 hic
1204 2353 1274 2397 se
1306 2347 1676 2395 mutuatum
1703 2331 2049 2421 profitetur
2069 2356 2107 2397 a
2129 2335 2386 2401 Casalio

309 2439 400 2506 de
431 2439 626 2506 Urbis
654 2457 720 2504 et
751 2440 1009 2529 imperii
1038 2439 1315 2530 Romani
1348 2434 1735 2525 splendore,
1774 2437 1953 2525 apud
1980 2461 2181 2528 quem
2205 2440 2384 2505 exhi·-

281 2545 508 2613 'betur
532 2569 598 2637 p.
628 2545 786 2627 258,
820 2567 1040 2636 neque
1069 2567 1107 2610 e
1132 2542 1342 2610 veteri
1371 2540 1625 2632 lapide,
1658 2539 1777 2608 sed
1805 2542 1954 2613 ficta
1985 2543 2115 2609 ab
2098 2567 2243 2636 ipso
2266 2547 2383 2612 Ca·

306 2653 494 2719 salio.

320 2793 327 2800 ·
398 2761 499 2825 De
519 2760 823 2849 Dialogo,
849 2760 966 2850 qui
989 2757 1466 2825 inscribiturde
1489 2755 2383 2838 Oratoribus,swedecaus1·s

309 2880 624 2950 eorvuptoe
648 2867 1059 2954 eloquentzoe,
1080 2865 1379 2931 confecta
1403 2886 1506 2929 res
1532 2881 1658 2942 est,
1673 2885 1904 2982 neque
1922 2867 2384 2955 argumentum

309 2969 546 3050 libelli,
574 2989 792 3059 neque
814 2972 1100 3035 auctoris
1127 2986 1387 3035 aetatem
1408 2968 1853 3046 convenirein
1875 2969 2380 3052 Quintilianum,

309 3099 511 3166 quam
536 3075 602 3139 in
623 3097 885 3140 causam
904 3074 1123 3164 aliqua
1144 3091 1449 3139 annotata
1472 3073 1682 3138 habes
1696 3071 1781 3137 ad
1809 3074 1894 3152 11,
1923 3079 1981 3153 4,
2012 3076 2116 3153 42,
2137 3075 2382 3138 etaffe·

310 3197 543 3246 rentur
558 3179 745 3269 plura
764 3177 849 3243 ad
864 3180 955 3241 vl
977 3180 1255 3244 Prooem.
1280 3179 1340 3242 3.
1362 3176 1716 3241 Difficilior
1731 3194 1830 3242 est
1850 3177 2126 3265 quaestio
2151 3176 2235 3241 de
2254 3179 2383 3242 De-

310 3284 808 3353 clamationibus
832 3334 849 3364 ,
874 3309 883 3314 ·
904 3305 1052 3374 quae
1105 3282 1305 3371 vulgo
1354 3281 1736 3348 tribuuntur
1784 3299 2011 3347 nostro
2060 3282 2383 3372 scriptori.

309 3394 472 3476 Eam
496 3391 769 3482 quidem
788 3390 1102 3462 inchoare
1125 3388 1451 3467 hocloco,
1478 3409 1650 3451 meaa.
1667 3376 2023 3475 provinciae
2042 3409 2185 3453 esse
2205 3386 2386 3455 haud

309 3498 532 3582 eredo.
544 3496 715 3562 Vide
734 3520 882 3587 quae
906 3497 974 3561 in
998 3513 1374 3561 transcursu
1397 3494 1628 3562 monui
1651 3492 1738 3559 ad
1761 3495 1854 3573 11,
1888 3517 1992 3573 10,
2015 3494 2076 3559 6.
2094 3495 2384 3562 Tantum

310 3607 533 3671 testari
552 3606 762 3686 liceat,
780 3605 1145 3671 orationem
1164 3601 1438 3692 quidem
1456 3603 1524 3667 in
1545 3603 1623 3666 iis
1642 3624 1801 3667 sane
1819 3623 1964 3667 esse
1984 3601 2380 3689 elegantem,

310 3732 530 3797 neque
554 3733 700 3774 raro
718 3732 917 3798 posse
930 3709 1217 3798 aliquam
1237 3706 1554 3798 loquendi
1577 3705 2076 3772 similitudinem
2095 3706 2386 3772 animad—

248 3849 253 3856 ·
311 3816 479 3879 verti
506 3815 1072 3882 intercedentem
1056 3816 1134 3882 iis
1165 3837 1317 3880 cum
1352 3831 1576 3880 nostro
1609 3836 1844 3903 opere,
1885 3812 1994 3878 de.
2002 3836 2132 3931 qua
2161 3835 2285 3920 ego
2317 3814 2386 3877 in

312 3922 486 3987 notis
504 3918 786 3985 subinde
805 3925 1209 3987 mentionem
1230 3921 1376 3986 feci.
1407 3921 1472 3986 Si
1492 3920 1654 4010 quid
1674 3937 1893 3986 tamen
1914 3920 1982 3983 in
2003 3918 2386 3984 universum

312 4042 431 4093 est
440 4024 894 4107 statuendum,
922 4029 1132 4093 fateor
1153 4026 1314 4092 mihi
1336 4049 1525 4116 aeqne
1548 4049 1624 4092 ac
1647 4026 1845 4092 Baelio
1867 4024 2139 4112 (Bayle,
2160 4025 2388 4092 nutele
2505 4013 2512 4030 “

320 4130 713 4223 Quantulum,
728 4148 857 4202 not.
870 4132 983 4220 E.)
996 4134 1255 4229 placere
1271 4133 1445 4200 Petri
1456 4135 1506 4200 F
1506 4131 1679 4197 abn
1654 4155 1681 4224 J
1690 4129 1980 4197 udicium
1993 4126 2101 4214 (ad
2112 4131 2385 4197 Senecae
