3200 5150
713 514 1366 583 INSTITUTIONIS
1402 515 1660 582 ORAT.
1701 516 1863 581 LIB.
1905 516 1969 594 1,
2012 518 2071 597 4.

2321 514 2438 582 105

346 635 548 728 Jam'‚
581 640 736 712 Itur
766 646 837 712 in
865 644 1228 740 antiquam
1252 652 1270 684 ¹
1310 638 1591 729 silvam,
1623 664 1860 711 nonne
1881 635 2172 737 propriae
2206 636 2445 737 cujus-

350 753 513 826 dam
540 754 816 826 rationis
839 752 987 827 est?
1020 781 1189 826 nam
1214 752 1406 852 quod
1426 753 1705 825 initium
1727 767 1755 798 ²
1776 752 1929 854 ejus
1947 751 2301 825 invenias?
2330 750 2446 824 cui

348 867 572 943 simile
603 868 881 940 Fletur:
908 867 1290 967 accipimus
1320 866 1514 939 aliter
1540 864 1569 911 3
1589 921 1611 956 ,
1641 886 1721 939 ut

594 1009 846 1063 Panditur
866 1012 1067 1062 interea
1088 1008 1282 1060 domus
1305 1009 1687 1082 omnipotentis
1710 1007 1926 1082 Olympi
1941 1029 1966 1071 ς·

352 1122 584 1214 aliter,
614 1144 693 1196 ut

1490 1226 1641 1277 Totis

599 1295 779 1367 Usque
804 1294 940 1348 adeo
960 1295 1203 1348 turbatur
1216 1297 1361 1367 >agris
1375 1300 1448 1348 1...

352 1416 475 1487 Est
504 1415 713 1488 etiam
752 1418 1039 1517 quidam
1079 1418 1317 1493 tertius
1350 1417 1602 1491 modus
1636 1415 1705 1506 4,
1740 1439 1818 1490 ut
1860 1417 2018 1491 urbs
2053 1415 2407 1492 habitatur
2423 1450 2468 1506 2--

357 1530 549 1603 unde
583 1553 651 1607 et
675 1560 955 1634 campus
979 1541 1301 1622 curritur,
1326 1562 1515 1606 mare
1540 1539 1930 1634 naviqatur.
1958 1535 2257 1607 Pramus
2279 1561 2456 1633 quo·
2487 1564 2568 1620 29

354 1671 491 1743 que
513 1667 718 1745 atque
734 1664 934 1747 potus
952 1646 1299 1720 diversum
1320 1648 1551 1720 valent
1566 1704 1586 1737 ‚
1617 1675 1831 1748 quam
1855 1646 2182 1720 indicant.
2216 1648 2454 1739 Quid?

326 1760 546 1858 ,quod
579 1761 800 1833 multa
828 1760 1036 1834 verba
1064 1789 1205 1834 non
1236 1784 1459 1834 totum
1492 1761 1972 1834 declinationis
2001 1762 2319 1834 ordinem
2351 1764 2455 1834 fe-

356 1874 560 1947 runt?
605 1875 927 1974 quaedam
967 1876 1175 1949 etiam
1217 1896 1616 1965 mutantur,
1664 1898 1742 1948 ut
1750 1878 1917 1975 fero
1956 1876 2028 1947 in
2072 1877 2449 1975 praeterito:

356 1989 679 2087 quaedam
709 1990 918 2063 tertiae
952 1990 1244 2062 demum
1276 2017 1584 2090 personae
1616 1992 1840 2090 figura
1869 1990 2232 2078 dicuntur,
2270 2011 2346 2062 ut
2374 1990 2454 2062 li-

276 2102 293 2112 *
355 2120 487 2191 cet,
512 2109 702 2203 piqet
727 2133 746 2176 .·
774 2104 1096 2204 quaedam
1118 2105 1342 2180 simile
1361 2105 1701 2204 quiddam
1727 2106 2085 2206 patiuntur
2103 2105 2456 2179 vocabulis

356 2224 429 2290 in
469 2219 867 2294 adverbium
911 2221 1448 2296 transeuntibus:
1490 2251 1658 2295 nam
1703 2244 1781 2295 ut
1821 2241 2026 2297 noctu
2063 2244 2132 2296 et
2166 2226 2317 2313 diu,
2363 2224 2488 2319 itast

357 2339 539 2411 dictu
570 2360 638 2411 et
646 2340 878 2439 factu.
915 2343 1093 2413 Sunt
1119 2341 1310 2412 enim
1338 2341 1486 2413 haec
1517 2368 1798 2440 quoque
1828 2341 2036 2413 verba
2069 2341 2456 2441 participia-

356 2451 449 2524 lia
477 2451 505 2499 ⁵
540 2454 826 2554 quidem
852 2513 870 2545 ,
904 2483 1050 2529 non
1082 2477 1317 2528 tamen
1350 2456 1583 2556 qualia
1616 2457 1830 2544 dicto,
1846 2458 2205 2557 factoque.

355 2642 595 2713 Geor-gie.
622 2646 698 2710 11,
722 2643 825 2712 425
841 2683 860 2711 ‚
884 2646 1111 2697 nutritor
1128 2643 1357 2706 olivam,-

337 2720 631 2792 fraudator
654 2723 835 2775 itidem
859 2725 1169 2797 imperativo
1194 2723 1355 2775 modo

356 2816 387 2850 a
417 2798 666 2869 virgilio,
710 2802 878 2854 aliove
921 2815 1115 2874 poeta,
1157 2801 1357 2853 dictum

355 2879 663 2948 auspiceri8‚
680 2878 826 2950 quod
841 2895 1015 2933 tamen
1031 2880 1204 2933 adhuc
1219 2882 1358 2932 frus—

355 2969 434 3007 tra
456 2954 768 3026 quoerebam.
789 2961 873 3010 An
882 2958 1174 3030 frundator
1189 2958 1257 3010 ab
1272 2977 1358 3011 an·

357 3035 506 3105 tiquo
517 3034 751 3106 frendor
772 3035 856 3087 vel
866 3035 1134 3107 fraudor?

435 3131 477 3165 ι.
510 3115 631 3166 Itur
656 3114 708 3165 in
738 3126 847 3167 aut.
878 3113 1082 3167 AEneid.
1112 3118 1210 3181 vl,
1241 3132 1354 3186 179.

356 3191 536 3244 Fletur
554 3194 764 3245 Terent.
789 3192 956 3246 Andr.
978 3195 1028 3261 1,
1058 3210 1105 3259 ι,
1136 3211 1251 3246 102.

432 3289 479 3324 2.
506 3270 657 3342 Quod
679 3272 904 3324 initium.
931 3275 970 3325 1.
997 3293 1044 3326 e.
1071 3272 1219 3344 quod
1240 3271 1360 3325 the·

359 3352 484 3407 ma?
508 3351 619 3403 Eor
636 3354 777 3403 enim
800 3371 957 3405 nemo
983 3352 1125 3404 dicit.

432 3430 482 3482 3.
509 3430 728 3484 Aliter...
758 3433 909 3506 agris.
938 3435 1086 3485 Prior
1106 3432 1258 3484 locus
1281 3443 1362 3483 est

360 3509 564 3564 AEneid.
589 3513 663 3578 X,
699 3530 744 3579 ι,
772 3514 1036 3585 posterior
1062 3510 1173 3566 Ecl.
1200 3513 1248 3579 1,
1280 3528 1297 3562 ι
1317 3527 1358 3562 ι.

369 3605 387 3640 1
401 3604 447 3642 2.
466 3589 718 3641 Caeterum
731 3590 852 3643 bina
869 3593 967 3644 ista
984 3601 1042 3642 ut
1055 3589 1255 3642 habent
1268 3589 1364 3642 ali-

366 3685 525 3737 quam
566 3666 941 3721 difficultatem.
987 3671 1041 3723 Si
1076 3669 1323 3721 abessent
1347 3689 1359 3720 ε

362 3747 690 3798 accusativus
719 3748 957 3817 pendens
990 3748 1059 3801 ab
1085 3749 1365 3820 accipimus

363 3836 506 3875 recte
526 3837 662 3874 esset
683 3825 990 3893 quaerendus
1009 3831 1063 3879 in
1083 3830 1209 3899 ipsis
1232 3827 1364 3878 locis

362 3900 692 3970 virgilianis,
728 3901 820 3953 ubi
851 3905 1034 3958 Graeco
1064 3925 1209 3957 more
1237 3907 1364 3957 arti-

365 3979 543 4033 culum
564 3978 855 4032 addideris:
880 3977 936 4034 ·ro'
959 3984 1234 4050 Panditur,
1262 3998 1361 4036 etc.

363 4063 519 4113 Nunc
544 4058 911 4131 intelligendus
935 4075 1014 4113 est
1038 4065 1364 4115 accusativus

367 4138 531 4204 aliua,
566 4158 615 4192 v,
658 4159 706 4192 c.
745 4138 1039 4213 hujusmodi
1069 4142 1363 4211 passivum,

366 4217 449 4269 vel
472 4216 574 4270 tale
599 4218 751 4290 quid;
775 4217 1079 4271 duriuscule
1103 4220 1362 4291 profecto.

1445 2647 1635 2716 Neque
1672 2659 1846 2697 tamen
1883 2646 1936 2695 in
1979 2646 2091 2698 istis
2128 2654 2188 2695 ut
2225 2648 2453 2698 variatur

1449 2722 1738 2794 quidquam
1778 2741 1809 2776 a
1851 2722 2137 2776 codicibus
2173 2742 2346 2796 neque
2384 2725 2452 2776 ab

1448 2802 1785 2854 editionibus.

1518 2879 1571 2947 4.
1590 2881 1790 2932 Tertius
1803 2879 2000 2932 modus.
2017 2881 2132 2931 Hoc
2146 2879 2316 2932 modo
2327 2900 2452 2933 neu-

1448 2973 1526 3011 tra
1566 2958 1651 3011 vel
1690 2961 2011 3011 intransitiva
2026 2996 2044 3025 ‚
2087 2977 2201 3029 quae
2241 2963 2451 3031 passivo

1446 3040 1662 3110 proprie
1704 3051 1883 3089 carent
1899 3076 1916 3103 ‚
1958 3040 2190 3110 speciem
2224 3038 2452 3090 induunt

1448 3117 1865 3182 transitivomm‚
1889 3115 2016 3167 dum
2037 3118 2093 3167 in
2116 3119 2327 3187 passivo
2351 3118 2453 3170 sibi

1441 3198 1674 3266 jungunt
1703 3212 1994 3266 personam
2014 3215 2030 3256 ;
2071 3196 2236 3264 magia
2279 3207 2452 3249 tamen

1449 3275 1692 3339 materia,
1716 3291 1876 3343 quam
1896 3274 2094 3340 forma,
2117 3287 2351 3326 remotus
2373 3287 2454 3326 est

1448 3351 1535 3404 hic
1552 3352 1742 3403 modus
1757 3350 1930 3403 abillo
1949 3373 1961 3402 z
1978 3351 2236 3423 panditur
2251 3351 2449 3406 domus.

1531 3431 1581 3483 5.
1631 3429 2006 3502 Participiulia.
2061 3453 2084 3475 α
2112 3430 2453 3504 Participialis

1458 3533 1481 3560 α
1499 3508 1691 3562 modus
1709 3508 1992 3562 verborum
2010 3522 2115 3576 est,
2134 3512 2288 3580 cujus
2309 3511 2453 3582 quod

1459 3612 1484 3635 ι
1502 3592 1606 3642 sint
1623 3587 1782 3642 verba
1801 3589 2088 3663 participiis
2109 3589 2323 3655 similia,
2341 3608 2456 3661 par·

1459 3692 1485 3716 a
1504 3668 1747 3741 ticipialis
1770 3667 1981 3735 dicitur,
2005 3686 2103 3720 uec
2128 3681 2302 3720 tamen
2330 3687 2454 3739 par—

1461 3770 1484 3795 ·
1502 3749 1681 3819 ticipia
1701 3761 1852 3814 sunt,
1872 3760 1930 3798 ut
1949 3745 2181 3817 legendi,
2201 3744 2454 3815 legendo,

1460 3825 1818 3896 degendum,
1846 3825 2073 3890 lectum,
2102 3823 2298 3876 lectu...
2333 3826 2453 3878 Haec

1459 3927 1483 3951 κ
1504 3903 1692 3958 eadem.
1717 3917 1867 3968 sunt,
1897 3921 2010 3974 quae
2037 3902 2238 3955 Probus
2267 3904 2454 3975 supina

1461 4006 1483 4030 α
1505 3982 1758 4055 appellat.
1778 4005 1801 4028 α
1834 3981 2075 4033 Diomed.
2105 4002 2159 4051 p.
2189 3982 2323 4034 333:
2349 3983 2454 4035 Ge·

1461 4084 1484 4109 ιι
1504 4061 1748 4112 rundia...
1764 4060 1846 4111 vel
1861 4060 2268 4131 participialia...
2286 4060 2458 4132 legen-

1460 4165 1485 4189 «
1504 4141 1586 4206 di,
1610 4137 1863 4209 legende,
1887 4136 2169 4207 legendum
2183 4176 2201 4204 ‚
2229 4139 2422 4193 lectum
2439 4178 2455 4204 ,

1463 4242 1487 4270 ιι
1505 4218 1661 4271 lec'tu.
1687 4242 1709 4271 ι
1739 4217 1984 4271 Priscian.
2014 4235 2069 4289 p.
2097 4217 2216 4288 809.
