3200 5150
659 490 1304 557 INSTITUTIONIS
1340 492 1595 557 ORAT.
1636 494 1796 557 LIB.
1838 493 1902 571 1,
1945 516 2004 559 2.

2293 494 2377 562 65

294 615 529 714 poscit.
579 619 758 687 Ante
799 614 1110 714 palatum
1158 642 1440 705 eorum,
1475 643 1692 715 quam
1730 632 1844 689 os¹
1869 676 1888 708 ,
1931 617 2375 691 instituimus.
2457 649 2489 702 7

296 732 377 801 ln
432 729 685 802 lecticis
726 751 1085 803 crescunt:
1138 730 1194 801 si
1246 751 1497 803 terram
1539 731 1922 830 attigerint,
1971 760 2008 805 e
2057 735 2385 806 manibus

292 844 621 942 utrinque
669 843 1160 916 sustinentium
1212 844 1542 944 pendent.
1601 845 2055 936 Gaudemus,
2109 849 2165 918 si
2215 848 2389 947 quid

297 957 614 1030 licentius
648 958 972 1047 dixerint3
1000 957 1242 1047 verba,
1278 984 1367 1030 ne
1396 957 1879 1031 Alexandrinis
1908 962 2196 1059 quidem
2234 989 2391 1062 per-

301 1072 639 1144 mittenda
674 1071 1017 1163 deliciis',
1061 1072 1203 1144 risu
1245 1094 1310 1145 et
1347 1072 1587 1146 osculo
1626 1074 2030 1175 excipimus».
2075 1079 2219 1150 Nec
2259 1077 2394 1148 mi-

303 1272 392 1340 qui
414 1271 469 1321 in
493 1266 685 1321 talibus
709 1267 843 1321 ultra
863 1269 1049 1339 vulgus
1070 1273 1299 1341 sapiunt.

301 1350 378 1400 Ita
398 1351 678 1420 saepissime
694 1347 836 1420 apud
850 1350 956 1402 Cic.
978 1352 1033 1401 in
1046 1351 1275 1401 Verrinis
1286 1386 1303 1414 ,

303 1440 380 1493 et,
402 1441 459 1477 ιιι
477 1425 583 1478 hoc
599 1436 735 1492 utar,
754 1430 994 1498 Ajacem,
1011 1426 1186 1478 rudem
1205 1427 1305 1477 mi-

305 1504 476 1570 litem,
508 1502 718 1578 Ulysses
746 1503 889 1576 apud
912 1504 1067 1559 Ovid.
1090 1507 1303 1561 Metam.

306 1584 451 1649 xm,
475 1582 595 1652 295,
609 1595 787 1655 petere
806 1585 878 1634 ait
898 1601 1012 1654 quae
1033 1600 1143 1634 non
1163 1583 1212 1633 in
1221 1581 1309 1632 tel-

308 1660 440 1734 liqat
464 1679 638 1725 arma;
661 1660 900 1715 videlicet
928 1661 1226 1713 caelaturam
1253 1662 1309 1711 in

307 1741 495 1814 clypeo
535 1740 814 1811 ignorabat
853 1740 953 1793 ille.
992 1744 1224 1804 Verum,
1266 1740 1311 1790 si

307 1822 529 1871 maxime
548 1822 645 1871 iste
665 1837 847 1871 sensus
868 1817 1194 1891 intelligendi
1205 1835 1314 1869 ver-

305 1895 379 1950 bo
392 1896 705 1963 vindicatur,
722 1916 789 1966 ne
806 1898 1081 1968 proprium
1103 1894 1315 1965 quidem

306 1975 430 2039 loco
454 1990 636 2030 nostro
661 1996 782 2029 eum
804 1993 918 2028 esse
940 1992 1193 2045 agnosco.
1219 1975 1314 2025 Ni-

308 2055 385 2110 hil
403 2059 544 2109 enim
563 2059 684 2109 artis
706 2058 760 2108 in
778 2058 948 2128 pretio
972 2054 1166 2107 coloris
1190 2071 1315 2106 coc-

311 2138 448 2189 cinei
463 2134 784 2208 intellt'qt‘tur.
806 2136 1031 2207 Pertinet
1049 2132 1316 2185 luxuriosa

309 2213 424 2269 haec
458 2216 674 2287 peritia,
704 2214 771 2267 ad
805 2216 977 2286 operis
1006 2213 1281 2266 artificium
1300 2250 1317 2279 ,

313 2296 525 2361 artificis
552 2314 778 2360 nomen,
806 2294 998 2347 fabulae
1028 2295 1319 2347 secretioris

313 2378 793 2450 interpretationem
809 2414 826 2443 ,
870 2379 923 2428 in
967 2375 1159 2448 quibus
1200 2373 1319 2445 glo-

313 2460 446 2511 riam
486 2456 772 2529 captabant
811 2455 1108 2521 delicatuli,
1154 2472 1321 2526 quum

314 2540 634 2603 Mummius,
667 2550 822 2610 capta
856 2533 1145 2601 Corinthu,
1187 2551 1320 2586 con-

316 2616 632 2669 ducentibus
673 2618 1017 2667 maximorum
1064 2612 1323 2664 artificum

317 2693 525 2747 tabulas
559 2712 620 2745 ac
652 2706 849 2745 statuas
879 2695 933 2744 in
964 2690 1166 2743 Italiam
1196 2707 1322 2761 por-

318 2774 505 2826 tandas
522 2811 539 2839 ,
568 2775 613 2825 si
639 2791 727 2825 eas
749 2769 1129 2845 perdidissent,
1159 2788 1322 2822 novas

314 2859 652 2926 imperasset;
672 2853 882 2923 (Vellei.
905 2853 954 2918 1,
982 2852 1074 2922 13)
1097 2852 1323 2903 materiae

320 2936 547 3006 pretinm
567 2948 691 2982 sane
708 2943 761 2982 et
783 2932 895 3002 ipse
918 2949 1027 2982 non
1048 2932 1323 3000 ignoratu-

319 3029 438 3076 rus,
462 3014 505 3062 si
527 3027 680 3061 aeneae
703 3026 799 3079 pro
824 3011 994 3059 aureis
1012 3019 1187 3059 essent
1206 3005 1323 3058 red-

319 3089 457 3142 ditae.
488 3081 590 3141 Sed
620 3087 748 3158 quid
773 3087 897 3137 erit:
924 3102 1145 3156 coquum
1171 3082 1325 3134 intel-

321 3166 514 3240 liqere?
536 3168 670 3217 Puto
686 3203 703 3228 ,
721 3168 831 3236 jam
856 3180 1011 3215 nosse
1041 3164 1156 3233 quis
1179 3160 1325 3212 domi

324 3248 390 3297 sit
421 3260 658 3315 coquus,
693 3242 923 3314 aliquam
950 3258 1073 3292 cum
1098 3257 1164 3291 eo
1192 3257 1325 3297 con-

323 3322 657 3378 suetudinem
683 3324 1019 3375 contraxisse.
1055 3317 1325 3392 Ejusmodi

322 3404 432 3455 fere
472 3415 583 3468 est,
623 3419 789 3472 quum
828 3402 1021 3453 Noster
1059 3400 1326 3452 Socratem

324 3495 480 3552 negat
502 3500 614 3535 esse
638 3480 955 3533 intellectum
978 3480 1050 3544 ll,
1083 3495 1101 3530 1
1119 3517 1136 3544 ‚
1161 3494 1250 3542 ιο,
1275 3488 1327 3529 et

234 3628 239 3632 ,
326 3561 505 3624 Vellei.
532 3564 604 3626 11,
636 3562 760 3627 116,
783 3560 1033 3613 silianum
1058 3555 1326 3609 intellexit.

325 3640 466 3694 Nam
486 3650 664 3710 potest
686 3652 739 3691 et
759 3637 846 3690 hic
873 3656 1005 3710 puer
1026 3649 1205 3689 noster
1222 3634 1334 3687 dici

329 3714 616 3786 intelligere
648 3733 883 3785 coquum
896 3753 913 3781 ,
950 3732 1114 3785 quum
1150 3713 1296 3766 novit
1314 3749 1332 3778 ,

334 3799 518 3869 quanti
536 3797 602 3848 sit
624 3794 711 3846 ine
734 3798 1011 3862 momenti,
1036 3810 1192 3865 quam
1214 3811 1334 3864 gra-

328 3880 410 3930 vis
426 3877 491 3928 sit
504 3878 616 3947 ejus
631 3892 872 3946 persona.
886 3876 965 3927 Ita
982 3873 1179 3926 Plinius
1198 3875 1331 3926 Hist.

329 3957 455 4010 Nat.
487 3953 700 4018 mv,
732 3968 794 4003 to
810 3989 827 4018 ‚
857 3970 921 4006 ea
946 3970 1027 4005 res
1055 3951 1338 4012 concitavit

332 4033 574 4089 Rhodios
585 4030 653 4084 ad
664 4029 1057 4103 intelliyendum
1070 4030 1334 4082 artificem.

328 4114 579 4168 Fortasse
610 4110 667 4164 id
696 4110 895 4178 voluit,
929 4112 1019 4181 qui
1053 4112 1257 4181 scripsit
1287 4111 1336 4161 in

334 4191 510 4254 Guelf.
523 4211 627 4265 pro
644 4190 914 4265 ιἠιοΗὶςίι,
936 4190 1191 4262 cognoscit
1209 4188 1341 4256 (non

560 4297 604 4333 ι.
644 4324 653 4330 .

1387 1271 1663 1323 ferendum
1688 1271 1898 1342 quidem
1921 1272 2086 1340 illud,
2108 1274 2190 1327 vel
2214 1274 2283 1325 ob
2313 1277 2395 1326 in-

1392 1369 1549 1402 suave
1578 1347 1932 1413 ἅμοιοτίλιυτον,
1962 1354 2248 1426 coquoscit,
2275 1372 2397 1425 pos-

1393 1429 1518 1501 cit),
1543 1444 1601 1481 ut
1623 1430 1727 1481 hoc
1750 1434 1921 1501 primo
1946 1445 2084 1483 esset
2105 1432 2242 1484 illius
2261 1432 2400 1503 glos-

1394 1526 1535 1560 sema
1549 1510 1636 1573 ,in
1651 1511 1881 1577 margine
1897 1510 2219 1580 ponendum.
2238 1510 2401 1579 Quod

1397 1598 1572 1637 antem
1593 1584 1922 1655 conchylium
1950 1585 2014 1637 de
2039 1587 2216 1639 colore
2247 1592 2402 1642 unice

1397 1668 1821 1736 interpretantur,
1835 1668 1889 1717 in
1910 1684 1973 1717 eo
1994 1666 2120 1718 nihil
2139 1668 2265 1719 mihi
2285 1686 2404 1739 pro-

1398 1745 1543 1796 bant.
1580 1746 1746 1813 AEque
1775 1748 1914 1797 enim
1945 1759 1999 1797 et
2030 1748 2216 1799 melius
2246 1750 2404 1798 etiam

1398 1823 1487 1875 hic
1511 1822 1576 1875 de
1600 1823 1721 1874 cibo
1747 1827 1915 1895 accipi
1939 1828 2157 1895 poterit,
2179 1840 2237 1877 ut
2261 1825 2407 1897 apud

1402 1903 1527 1952 Hor.
1550 1921 1596 1952 v.
1619 1920 1665 1952 c.
1689 1901 1856 1973 Epod.
1879 1905 1950 1969 ll,
1971 1904 2065 1971 493
2092 1905 2195 1956 Sat.
2220 1904 2307 1955 lib.
2332 1906 2406 1969 ΙΙ,

1403 1980 1466 2046 4,
1496 1979 1590 2042 3ος
1623 1980 1683 2044 8,
1714 1997 1796 2050 27.
1829 1983 2110 2052 Exspectes
2141 1984 2324 2047 etiam,
2354 1985 2408 2037 in

1402 2070 1543 2111 veste
1592 2060 1771 2128 potius
1812 2058 2202 2128 conchyliatum
2252 2079 2410 2130 quam

1404 2135 1753 2207 conchylium.
1797 2139 1860 2189 Et
1903 2152 2079 2190 utrum
2126 2142 2286 2209 magis
2330 2152 2411 2191 est

1406 2213 1655 2268 credibile
1677 2216 1791 2267 fore
1811 2229 1867 2265 ut
1888 2229 2073 2287 poscat
2092 2220 2260 2289 puer?
2279 2221 2411 2269 Ves-

1405 2310 1511 2347 tem
1533 2313 1601 2346 an
1627 2293 1839 2347 cibum?
1861 2296 1943 2348 Sic
1969 2315 2109 2348 mera
2131 2296 2264 2366 gulae
2287 2299 2414 2348 vitia

1408 2374 1754 2440 notabuntur,
1769 2389 1828 2426 ut
1844 2389 1965 2447 apte
1981 2389 2230 2446 sequatur
2243 2375 2416 2453 palati

1406 2468 1459 2508 et
1492 2455 1590 2507 oris
1621 2456 1851 2519 mentio,
1879 2471 1984 2525 quo
2018 2457 2176 2507 etiam
2209 2454 2298 2506 illa
2331 2455 2413 2506 fa-

1409 2536 1555 2589 ciunt
1576 2556 1588 2587 :
1628 2557 1649 2580 κ
1670 2534 1921 2587 Nondum
1945 2537 2114 2608 prima
2141 2533 2299 2586 verba
2323 2553 2414 2587 ex·

1414 2636 1437 2659 κ
1457 2614 1649 2685 primit.
1673 2637 1695 2661 n
1723 2611 2009 2686 Gedoynus
2034 2632 2242 2664 mecum
2269 2613 2412 2664 facit.

1408 2693 1736 2744 —coccum
1772 2689 1938 2742 codd.
1976 2692 2082 2743 RR.
2122 2690 2189 2757 4,
2227 2687 2295 2755 5,
2328 2708 2417 2741 co-

1409 2787 1556 2834 cum,
1578 2787 1677 2841 pro
1702 2787 1941 2841 coquum.
1963 2771 2040 2820 Ita
2062 2786 2274 2839 quoque
2294 2768 2417 2820 Pas-

1409 2857 1556 2901 semt.
1584 2849 1674 2900 En.

1491 2943 1533 2977 ι.
1583 2926 1751 2995 Quam
1794 2942 1863 2978 os.
1906 2927 2055 2977 Hanc
2095 2927 2418 2978 verissimam

1411 3008 1750 3078 scripturam,
1770 3024 1869 3076 pro
1888 3024 2048 3077 quam
2067 3023 2230 3056 mores
2246 3003 2418 3074 (quod

1412 3085 1631 3157 proclivi
1671 3102 1844 3136 errore
1885 3103 1946 3135 ex
1981 3084 2072 3135 illo
2112 3083 2418 3156 oriebatur)

1412 3162 1645 3215 defendit
1668 3166 1826 3215 etiam
1842 3162 2014 3214 Guelf.
2036 3192 2106 3201 —
2124 3162 2253 3215 Cod.
2281 3165 2342 3214 R.
2371 3179 2416 3228 t,

1413 3246 1467 3294 in
1487 3244 1738 3312 margine,
1759 3260 1918 3313 quam
1939 3260 2117 3294 mores.
2138 3245 2234 3294 Per
2252 3260 2307 3295 os
2325 3261 2418 3293 au-

1414 3337 1546 3388 tem,
1575 3341 1872 3375 sermonem
1895 3321 2151 3393 intelligit.
2181 3325 2274 3374 En.

1490 3419 1537 3453 2.
1571 3397 1994 3458 Alexandrinis...
2029 3399 2238 3452 deliciis.
2273 3399 2420 3451 Delt‘-

1416 3479 1509 3533 cioe
1528 3477 1617 3529 hic
1641 3475 1889 3530 dicuntur
1910 3497 2009 3551 pro
2033 3479 2209 3550 pueris
2225 3477 2422 3530 delica-

1418 3561 1515 3624 tia,
1555 3556 1735 3628 quales
1769 3556 1915 3614 domi
1949 3557 2145 3610 habere
2181 3557 2421 3610 solebant

1417 3651 1660 3715 potentes
1683 3640 1938 3704 Romani,
1961 3641 2231 3712 AEgyptios
2256 3641 2419 3689 maxi·

1420 3737 1503 3770 me
1548 3730 1602 3770 et
1649 3717 1860 3789 quidem
1905 3718 2217 3771 Alexandria
2236 3757 2252 3784 ,
2293 3717 2423 3770 urbe

1416 3793 1635 3850 luxuriae
1663 3795 1965 3867 plenissima
1981 3835 1999 3862 ,
2026 3796 2308 3862 oriundos,
2334 3800 2424 3866 qui

1414 3877 1555 3948 jocis
1575 3876 1683 3925 suis
1702 3873 1859 3926 heros
1882 3875 2134 3928 demereri
2155 3874 2423 3926 deberent.

1417 3953 1843 4020 'negarem-erma}
1878 3955 2182 4020 ἀνθρωπίσκοι
2209 3956 2422 4006 Lucian.

1426 4031 1728 4084 demet-cede
1736 4031 2014 4095 conductis,
2028 4030 2131 4083 vol.
2144 4033 2229 4097 ΙΠ,
2239 4051 2291 4103 p.
2309 4031 2424 4084 250.

1428 4111 1540 4182 Bip.
1553 4109 1737 4162 Talem
1751 4110 2025 4181 diligenter
2038 4109 2284 4162 describit
2298 4113 2432 4163 Mar-

1430 4188 1587 4256 tialis,
1605 4186 1640 4238 l.
1663 4190 1752 4256 lv,
1770 4207 1851 4264 ep.
1874 4189 1941 4256 42
1954 4227 1970 4254 ,
1988 4187 2078 4242 ubi
2097 4207 2142 4238 v.
2167 4188 2226 4255 4,
2243 4206 2434 4266 qutun²
