3200 5150
739 489 1397 557 INSTITUTIONIS
1433 489 1693 556 ORAT.
1732 491 1894 559 LIB.
1937 492 2035 574 11,
2086 512 2182 560 to.

2385 494 2518 585 309

411 612 729 688 tudinem
764 637 1023 717 posset,
1058 637 1137 688 ut
1172 615 1623 690 nominibus¹
1666 637 2046 708 uteremur,
2082 638 2149 690 et
2175 616 2514 718 perplexae

411 728 665 829 magis,
691 751 759 803 et
784 730 1116 830 longioris
1143 730 1525 831 aliquando
1550 752 1778 821 actuS,
1805 733 2275 805 controversiae
2302 733 2520 832 finge-

410 867 671 937 rentur,
698 870 765 922 et
787 850 998 921 verba
1026 849 1098 920 in
1131 876 1263 921 usu
1287 848 1697 948 quotidiano
1725 850 1945 949 posita
1969 849 2206 921 minus
2229 850 2516 923 timere·-

410 988 602 1053 mus,
628 984 697 1037 et
716 963 960 1066 jocos²
987 965 1288 1038 inserere
1322 965 1537 1037 moris
1571 987 1784 1056 esset·;
1820 993 1976 1066 quae
2009 964 2518 1065 nos,1quamli-

407 1078 526 1149 bet
552 1105 678 1179 per
707 1078 844 1152 alia
875 1079 951 1152 in
988 1079 1244 1152 scholis
1274 1080 1617 1153 exercitati
1650 1105 1929 1171 sumus,
1965 1080 2231 1152 tirones
2255 1079 2328 1151 in
2362 1081 2516 1151 foro

408 1192 793 1267 inveniunt.
831 1194 901 1267 Si
931 1222 1091 1268 vero
1125 1196 1198 1267 in
1233 1196 1767 1269 ostentationem
1802 1216 2244 1296 comparetur
2277 1193 2515 1267 decla-

407 1309 653 1398 matio,
674 1335 839 1382 sane
859 1309 1233 1409 paululum
1253 1311 1520 1413 aliquid
1540 1312 1920 1385 inclamare
1934 1309 1961 1357 3
1983 1310 2072 1382 ad
2087 1309 2514 1411 voluptatem

487 1536 532 1572 ι.
551 1521 879 1575 Nominibus.
900 1525 1031 1595 Quae
1049 1525 1195 1578 nulla
1216 1541 1339 1579 sunt
1357 1529 1413 1579 in

407 1597 908 1671 declamationibus,
923 1623 1045 1656 nam
1056 1616 1222 1677 pater,
1241 1617 1415 1677 tyran-

408 1678 579 1729 nicida
595 1716 613 1744 ,
655 1681 948 1748 abdicatus,
992 1695 1171 1756 raptor
1204 1704 1413 1757 semper

404 1761 693 1828 generatim
720 1761 987 1828 dicuntur,
1013 1783 1120 1834 quo
1149 1766 1267 1836 ipso
1298 1778 1409 1820 tota

406 1856 489 1889 res
522 1837 579 1890 fit
615 1838 854 1910 frigidior
887 1856 940 1893 et
972 1861 1002 1894 a
1031 1845 1247 1895 veritate
1281 1843 1411 1895 alie-

406 1918 539 1968 nior.
570 1920 630 1970 Ῑιι
653 1921 890 1973 suasoriis
912 1935 1087 1972 tamen
1113 1935 1266 1973 certae
1291 1935 1414 1974 sunt

401 2014 670 2065 personae,
694 1997 789 2052 sed
810 1999 879 2051 de
898 2002 961 2052 iis
980 2001 1035 2052 in
1054 1999 1154 2052 hac
1174 2000 1416 2073 disputa-

405 2077 551 2127 tione
580 2077 690 2130 fere
716 2098 825 2130 non
851 2083 1084 2151 cogitare
1107 2080 1330 2148 videtur,
1354 2095 1414 2133 ut

403 2155 541 2206 infra
566 2175 708 2224 eam,
731 2177 889 2229 quam
914 2177 1055 2210 nune
1080 2160 1330 2226 instituit,
1349 2179 1413 2212 te-

406 2247 568 2286 tatem
590 2239 794 2307 positis.
819 2268 892 2278 —
911 2239 1241 2292 Nominibus.
1262 2239 1412 2292 Valla

405 2327 624 2365 annotat
641 2315 767 2368 olim
782 2331 997 2369 cautum
1014 2319 1200 2384 fuisse,
1217 2337 1283 2371 ne
1296 2321 1411 2390 quis
1428 2343 1437 2350 ·

1371 2398 1382 2410 ⁶
1426 2395 1435 2408 ⁶
1501 2389 1610 2447 Cic.
1637 2389 1704 2445 de
1728 2396 1874 2448 Orat.
1900 2393 1956 2458 1,
1980 2391 2079 2458 53,
2115 2414 2137 2438 κ
2156 2409 2315 2442 nemo
2345 2388 2514 2441 incla-

401 2394 457 2441 in
484 2407 733 2463 poemate
763 2409 853 2446 aut
883 2395 991 2448 ullo
1017 2398 1214 2469 scripto
1239 2417 1412 2449 nomi-

403 2472 568 2522 natim
582 2473 939 2527 infamaretur.
955 2476 1221 2543 Quocirca
1235 2474 1412 2527 decla·

404 2562 632 2604 mator-es
660 2555 888 2625 propriis
918 2553 1223 2606 nominibus
1252 2553 1409 2609 desti-

403 2632 503 2681 tuti
541 2629 610 2682 ad
644 2631 907 2701 generalia
940 2632 1313 2685 recurrebant:
1353 2646 1411 2686 ut

402 2726 611 2780 maqos,
641 2710 930 2776 adulteros,
963 2710 1215 2764 medicos.
1240 2713 1407 2765 Tutus.

479 2804 526 2838 2.
551 2789 627 2837 Et
629 2790 797 2859 jocos.
818 2789 978 2841 Goth.
1001 2788 1125 2861 (tac.
1149 2789 1333 2861 Gesn.)
1352 2802 1413 2843 ut

385 2868 498 2938 joc.
537 2884 658 2916 cum
694 2866 794 2918 suo
826 2871 979 2920 Voss.
1019 2886 1081 2934 2,
1114 2869 1280 2932 male3
1314 2868 1409 2922 sed

397 2942 521 2996 vide
545 2958 758 3011 notam,
782 2965 968 3018 supra,
996 2946 1041 3017 §.
1068 2946 1120 2999 6.

472 3024 523 3075 3.
540 3023 852 3077 Inclamaoe.
869 3025 1129 3079 ltaGuelf.
1148 3040 1202 3078 et
1214 3025 1406 3094 Codd.,

397 3105 456 3155 ni
482 3101 656 3170 fallor,
681 3123 895 3171 omnes,
922 3118 1111 3178 praeter
1131 3104 1292 3159 Goth.
1316 3109 1407 3177 qui

394 3183 609 3254 praefert
637 3181 919 3248 inclinare,
951 3182 1129 3254 qnod,
1158 3201 1323 3254 quum
1350 3186 1406 3235 in

398 3258 520 3311 odd.
549 3262 706 3313 etiam
727 3274 852 3313 vett.
884 3274 965 3313 sat
992 3260 1214 3314 multis'
1199 3264 1404 3314 inveni-

395 3351 559 3406 retur,
585 3341 806 3413 arripuit
832 3342 1130 3408 Geenerus,
1159 3360 1248 3407 se,
1277 3340 1406 3413 quid

398 3431 539 3471 esset
565 3419 849 3473 inclaruere
875 3420 927 3473 h.
960 3420 1030 3485 l.‚
1060 3438 1170 3474 non
1196 3422 1406 3492 assequi

397 3499 693 3552 confessus.
710 3503 876 3553 Miror
892 3514 1096 3567 tamen,
1114 3518 1288 3571 neque
1307 3518 1407 3571 pu-

398 3588 456 3625 to
488 3577 776 3649 inspexisse
808 3599 962 3647 eum,
990 3598 1149 3651 quem
1176 3580 1402 3651 Capper.

397 3654 555 3718 citat,
582 3656 893 3721 Cresollium
919 3660 974 3710 in
996 3657 1207 3711 Theatr.
1233 3657 1367 3710 rhet.
1385 3694 1404 3726 ,

397 3750 455 3804 p.
489 3733 720 3801 353-56,
755 3739 877 3807 qui,
911 3740 1009 3789 etsi
1038 3736 1107 3790 de
1139 3756 1194 3790 re
1223 3739 1403 3790 critica

398 3829 523 3863 non.
557 3812 839 3881 laborans,
889 3814 1127 3887 plurimis
1166 3829 1403 3868 veterum

397 3889 611 3957 locis,
597 3911 653 3943 m
681 3905 903 3963 utraque
930 3893 1140 3964 lingua,
1171 3894 1403 3947 ostendit

399 3972 558 4023 unice
577 3969 699 4023 loeo
720 3986 903 4024 nostro
923 3976 1205 4027 convenire
1223 3993 1404 4045 recep-

398 4047 1060 4121 tam.1nclamare(quod
1039 4068 1151 4123 jam
1169 4051 1296 4104 vidit
1310 4054 1406 4104 Re-

395 4127 549 4200 gius)
582 4141 665 4181 est
692 4124 831 4194 μέγα.
860 4122 1177 4195 quw-oeae,
1214 4129 1408 4202 vocife-

398 4207 540 4277 rari,
573 4221 627 4263 et
658 4221 943 4283 usurpatur
972 4206 1059 4263 hic
1088 4226 1120 4263 a
1145 4208 1249 4278 Qu.
1284 4227 1407 4265 cum

1504 1526 1739 1597 quodam
1764 1538 2103 1598 contemptus
2127 1523 2308 1575 colore
2323 1561 2339 1589 ,
2365 1525 2516 1594 quasi

1502 1605 1674 1658 dicat:
1697 1604 1954 1658 debemus
1979 1621 2105 1656 sane
2127 1601 2405 1675 paululum
2428 1601 2517 1656 de-

1500 1682 1752 1736 bacchari
1767 1721 1785 1749 ,
1827 1696 1886 1734 ut
1930 1680 2261 1734 auditoribus
2302 1680 2516 1753 placea-

1502 1781 1637 1815 mus.
1655 1763 1766 1829 Sic,
1789 1765 1888 1816 etsi
1907 1765 2100 1828 rarius,
2121 1774 2173 1813 et
2193 1761 2301 1813 fere
2323 1760 2390 1813 de
2409 1780 2514 1833 ope

1502 1841 1838 1914 imploranda
1882 1854 1974 1893 aut
2014 1838 2424 1911 conquerendo,
2461 1852 2517 1892 et

1504 1919 1630 1971 alibi
1653 1919 1859 1989 legitur.
1876 1919 2007 1972 Tale
2027 1920 2164 1970 enim
2185 1919 2295 1969 fere
2316 1931 2396 1968 est
2414 1919 2513 1982 xl,

1504 2000 1570 2064 3,
1613 2016 1706 2067 ¹72
1726 2037 1744 2064 ,
1776 1996 1843 2050 de
1874 1999 2163 2064 (Beerone,
2199 2019 2221 2042 ι
2243 1997 2394 2066 quasi
2428 1995 2513 2045 in-

1509 2100 1532 2123 ·
1552 2076 1804 2129 clamaret
1826 2089 1916 2128 aut
1940 2088 2220 2127 testaretur
2240 2098 2261 2122 ι
2283 2112 2299 2140 ,
2327 2092 2514 2144 quam·

1505 2176 1666 2229 quam
1705 2155 1861 2209 video
1905 2155 1974 2208 ad
2017 2155 2246 2208 Albanos
2285 2152 2516 2208 tumulos

1502 2255 1663 2309 posse
1681 2238 1892 2302 referri,
1914 2253 2049 2306 quos
2069 2234 2368 2287 inclamarit
2375 2257 2393 2294 ,-
2419 2232 2513 2287 sed

1503 2330 1556 2366 et
1598 2314 1671 2366 ibi
1711 2313 1871 2366 Goth.
1918 2312 2221 2377 inclinaret,
2265 2313 2511 2384 pessime.

1507 2495 1530 2520 ι
1551 2461 1718 2524 mabit
1751 2485 2102 2544 patronorum
2123 2493 2146 2520 ιι
2189 2471 2513 2523 intransitive

1501 2565 1553 2605 et
1581 2549 1825 2605 absolute
1856 2552 2012 2604 etiam
2040 2548 2161 2617 ille,
2192 2567 2512 2622 quamquam

1497 2647 1679 2704 potest
1701 2633 1768 2685 de
1793 2651 1936 2685 mera
1963 2630 2176 2703 querela
2200 2632 2398 2702 accipi,
2420 2648 2510 2682 cu-

1490 2711 1729 2783 jusmodi
1765 2711 1923 2764 verba
1959 2710 2125 2762 multa
2148 2712 2506 2762 circumstant.

1496 2790 1764 2842 Bentleius
1801 2792 1984 2841 Honat.
2023 2790 2132 2841 Sat.
2165 2790 2218 2853 1,
2243 2805 2310 2858 9,
2344 2788 2445 2859 76,
2479 2809 2512 2842 e

1496 2866 1666 2920 Codd.
1706 2869 1932 2919 restituit
1965 2864 2231 2917 Inclamat
2260 2884 2370 2937 pro-
2393 2867 2508 2917 Ex-

1495 2945 1707 2999 clamat.
1733 2945 1836 3000 Sed
1854 2945 1960 2997 hoc
1980 2947 2153 3017 ipsum
2173 2944 2329 2996 simili
2341 2962 2508 2998 sensu

1495 3026 1746 3096 usurpari
1763 3036 1905 3076 recte
1929 3036 2114 3075 monet
2135 3021 2448 3088 Cresollius,
2470 3022 2503 3074 l.

1495 3120 1572 3169 c.,
1598 3115 1656 3153 ut
1682 3120 1805 3154 mox
1828 3120 1858 3153 a
1877 3104 2104 3166 Nostro,
2125 3118 2171 3151 c.
2199 3118 2219 3152 1
2238 3117 2282 3166 1,
2305 3117 2366 3153 2:
2395 3122 2418 3146 ι
2438 3103 2510 3153 Hi

1500 3204 1524 3228 ιι
1542 3180 1920 3253 (professores)
1939 3179 2104 3232 multa
2129 3181 2507 3232 etiarnmemo-

1501 3263 1620 3313 «ria
1642 3260 1802 3331 digna
1829 3258 2265 3311 exclamaverunt.
2289 3283 2312 3305 ι
2339 3258 2510 3310 Incli-

1495 3358 1649 3406 nat-e,
1677 3351 1942 3411 potestate
1967 3336 2284 3389 deflectendi
2307 3355 2338 3389 a
2361 3351 2508 3390 recta

1493 3421 1605 3485 via,
1629 3437 1789 3490 quam
1812 3430 1956 3470 recte
1981 3418 2357 3489 interpretetur
2374 3418 2510 3471 Ges-

1494 3517 1686 3567 nerus,
1723 3496 1973 3569 equidem
1993 3497 2208 3547 nescio.
2247 3497 2509 3551 Caeterum

1493 3596 1640 3630 error
1662 3591 1742 3630 est
1764 3577 2183 3649 Capperonnerii
2205 3574 2343 3629 Alm.
2370 3574 2504 3630 cod.

1494 3669 1683 3709 testem
1707 3656 1917 3708 citantis
1940 3669 2039 3727 pro
2068 3656 2326 3725 scriptura
2353 3652 2510 3705 incli-

1491 3754 1643 3800 nare,
1669 3753 1843 3807 neque
1868 3736 2007 3787 enim
2032 3736 2389 3799 Burmannus,
2412 3734 2506 3803 qui

1491 3814 1637 3868 solus
1674 3814 1931 3880 contulit,
1964 3817 2078 3885 ejus
2111 3813 2238 3864 facit
2272 3813 2506 3863 mentio-

1492 3912 1634 3946 nem.
1673 3895 1850 3946 Turic.
1867 3931 1885 3958 ,
1929 3909 2089 3962 quem
2136 3888 2506 3960 Sulzbergerus

2560 1226 2623 1265 10

1494 3991 1617 4024 cum
1650 3971 1732 4024 ed.
1768 3975 1930 4026 Gesn.
1961 3966 2268 4033 contendit,
2302 3968 2501 4021 siletur.
2581 3982 2604 4007 ⁸·

1492 4052 1565 4102 Ut
1586 4050 1674 4101 hic
1699 4052 1879 4119 Quint.
1918 4046 2228 4111 inclamare,
2255 4047 2327 4098 ita
2365 4048 2509 4100 into-

1495 4146 1622 4181 nare
1655 4129 1712 4180 L.
1752 4128 1952 4181 Seneca
1986 4126 2147 4178 Cous.
2181 4122 2250 4176 ad
2280 4124 2462 4198 Polyb.
2484 4163 2502 4192 ,

1495 4228 1557 4281 p.
1579 4204 1840 4283 162.(Bip.
1862 4224 1911 4259 v.
1936 4204 1990 4277 1)
2007 4227 2024 4257 ι
2053 4229 2075 4252 ι
2098 4216 2297 4277 quanto
2317 4206 2512 4279 spiritu
