3200 5150
748 476 869 544 188

1275 476 1396 565 χΜ.
1435 473 1663 541 FAnn
1699 428 2254 558 culminum

640 611 702 665 13
739 613 947 698 rug¹;
991 596 1181 701 quod
1224 603 1786 699 vesperuginem²
1834 596 2237 699 accipimus,
2284 595 2391 669 De
2437 595 2829 671 mutatione

735 708 944 785 etiam
967 712 1345 789 litterarum
1363 770 1382 805 ,
1415 711 1500 785 de
1531 737 1671 811 qua
1693 736 1902 813 supra
1920 711 2057 784 dixi
2075 708 2104 755 ³
2124 767 2143 802 ,
2169 708 2346 783 nihil
2374 729 2675 809 repetere
2707 710 2819 784 hic

733 854 1055 901 necesse:
1098 829 1380 901 fortasse
1414 827 1607 925 enim
1649 824 1826 901 sicut
1865 825 2293 916 scribebant,
2335 824 2541 897 etiam
2586 824 2680 897 ita
2715 824 2819 897 lo-

635 950 697 1018 14
732 940 1193 1042 quebantur4.
1232 940 1694 1015 semivocales
1712 967 1855 1014 non
1891 939 2282 1040 geminare,
2325 938 2446 1010 diu
2467 936 2495 983 ⁵
2522 939 2658 1010 fuit
2684 938 2821 1010 usi-

728 1057 1040 1130 tatissimi
1075 1057 1326 1130 moris:
1359 1078 1564 1157 atque
1603 1083 1642 1129 e
1679 1057 2022 1129 contrario
2057 1082 2276 1156 usque
2309 1054 2397 1128 ad
2428 1052 2719 1127 Accium
2755 1073 2822 1126 et

729 1171 946 1260 ultra,
996 1193 1338 1273 porrectas
1378 1171 1674 1272 syllabas
1716 1170 2050 1271 geminiS,
2096 1191 2173 1244 ut
2217 1167 2434 1258 dixiss,
2468 1167 2819 1241 vocalibus

725 1363 858 1413 μοι.
885 1346 957 1396 Ea
983 1344 1142 1413 igitur
1162 1360 1323 1395 causa
1347 1342 1448 1395 fuit
1473 1344 1732 1409 fortasse,

728 1440 890 1493 quare
912 1424 966 1473 in
991 1422 1096 1474 hoc
1118 1424 1452 1495 potissimum
1479 1421 1600 1472 loco
1625 1421 1731 1474 ho-

723 1501 988 1570 tolegium
1037 1500 1287 1553 solarium
1336 1513 1653 1555 statueretur
1698 1518 1729 1553 a

724 1581 951 1652 Papirio.
975 1577 1238 1631 pulvinar
1252 1591 1428 1631 autem
1445 1596 1552 1650 quo
1571 1596 1729 1631 sensu

723 1657 912 1710 dixerit
946 1660 1048 1726 Qu.
1068 1697 1083 1725 ,
1121 1677 1229 1709 non
1268 1659 1450 1729 utique
1487 1670 1723 1730 apparet.

720 1740 839 1790 Acu
872 1738 1116 1809 quidem,
1147 1757 1262 1810 quae
1292 1750 1370 1790 est
1397 1737 1560 1789 altera
1590 1739 1725 1789 Ges-

720 1819 835 1869 ner-i
856 1819 911 1868 in
932 1817 1206 1870 Thesauro
1237 1818 1494 1871 sententia
1509 1854 1527 1882 ,
1553 1818 1724 1890 pictas

720 1913 836 1948 esse
859 1895 955 1947 has
979 1896 1178 1948 litteras
1201 1898 1256 1947 in
1284 1898 1402 1968 ipso
1430 1895 1693 1967 pulvinari
1707 1933 1725 1963 ,

719 1974 948 2026 alienum
968 1974 1190 2041 videtur,
1214 1973 1306 2026 sed
1329 1975 1543 2026 fuerunt
1566 1977 1726 2027 etiam

717 2070 784 2104 ex
806 2052 975 2104 solida
998 2056 1215 2105 materia
1238 2054 1377 2104 facta
1402 2053 1725 2125 pulvinaria,

715 2132 773 2184 in
796 2134 1028 2203 speciem
1051 2150 1292 2183 verorum
1308 2169 1325 2197 ,
1350 2132 1542 2202 quibus
1564 2134 1725 2202 igitur

713 2224 937 2282 possent
964 2209 1192 2282 insculpi
1219 2208 1420 2262 litterae.
1448 2212 1723 2282 Optimum

717 2302 894 2342 tamen
912 2289 1135 2355 videtur,
1154 2288 1410 2362 pulvinar
1422 2288 1624 2341 dictum
1642 2308 1724 2342 ac·

717 2371 892 2442 cipere
919 2387 1017 2441 pro
1047 2368 1244 2441 templo
1261 2408 1276 2430 ,
1302 2367 1396 2420 ubi
1417 2367 1722 2441 pulvinaria

716 2460 1032 2501 sternantur.
1054 2446 1215 2520 Apud
1231 2448 1434 2499 Livium
1452 2448 1601 2513 XXI,
1623 2449 1720 2516 62,

712 2526 783 2596 4,
807 2526 1167 2600 pulvinarium
1191 2526 1391 2579 dictum
1414 2524 1597 2579 credas
1620 2544 1719 2600 pro

714 2605 838 2658 loeo
875 2606 1161 2679 pulvinaris
1194 2606 1476 2659 sternendi.
1501 2606 1635 2661 Vide
1668 2619 1720 2661 et

715 2685 843 2737 Tac.
869 2688 1005 2738 Ann.
1033 2687 1148 2752 XV,
1174 2685 1273 2756 74,
1305 2702 1347 2738 1.

629 2807 632 2812 .
794 2781 838 2818 1.
861 2764 1132 2838 Vesper-ug.
1148 2763 1321 2818 Guelf.
1345 2781 1574 2839 vesprug.
1596 2782 1720 2817 cum

717 2842 921 2915 aliquot
943 2843 1112 2897 codd.

788 2940 835 2975 2.
867 2925 922 2978 V
915 2925 1281 2998 esperuginem.
1310 2921 1485 2979 Guelf.
1520 2940 1720 2995 vespere

712 3003 966 3076 ruginem.
997 3005 1166 3057 Etiam
1188 3004 1362 3055 Tui-ic.
1391 3018 1720 3074 vesperum-

709 3081 885 3155 ginem
896 3121 912 3148 ,
940 3096 998 3135 ut
1020 3082 1260 3136 videatur
1276 3102 1399 3135 cum
1416 3081 1521 3134 hoc
1539 3083 1716 3134 facere

711 3163 925 3233 Argent.
942 3165 1095 3214 Voss.
1120 3179 1148 3216 2
1162 3201 1178 3229 ‚
1197 3163 1325 3215 mire
1347 3179 1544 3234 vespere
1561 3160 1716 3234 origi-

713 3260 831 3291 nem
847 3279 863 3306 ,
889 3261 1000 3294 non
1022 3244 1307 3294 comitante
1329 3241 1489 3296 Goth.
1516 3243 1608 3312 qui
1630 3259 1715 3292 re-

711 3332 922 3392 ceptam
943 3321 1153 3392 proefert
1174 3319 1302 3374 Obr.
1328 3320 1443 3390 (vix
1465 3319 1627 3373 credo
1652 3338 1717 3372 ex

712 3398 843 3453 cod.
874 3416 972 3450 suo
1000 3401 1122 3469 Arg.
1139 3399 1163 3472 )
1188 3399 1379 3471 vesperi
1400 3398 1714 3471 aeruginem,

711 3476 865 3530 male.
890 3481 1043 3530 -R.
1072 3479 1136 3542 3,
1162 3477 1221 3544 5,
1245 3478 1310 3544 6,
1337 3496 1546 3550 vesprug
1574 3474 1718 3549 quod

714 3558 1110 3630 vesperuginem.
1132 3560 1192 3610 R.
1221 3573 1267 3647 ι,
1287 3557 1507 3628 vespen‘,
1532 3554 1717 3628 oemgi·

712 3636 800 3688 nei
824 3636 964 3709 quod
994 3635 1391 3730 vesperuginem.
1421 3634 1518 3687 Ed.
1549 3636 1710 3688 Cur.

712 3734 951 3789 vesper-ug
974 3718 1180 3769 omittit.
1201 3718 1382 3768 En.—
1309 3714 1711 3788 —Vespemg...

711 3787 1006 3867 accipimusx
1035 3794 1292 3866 Equidem
1311 3796 1368 3847 in
1394 3812 1714 3847 monumen·

714 3876 779 3927 tis
823 3872 981 3946 hujus
1026 3873 1368 3927 additamenti
1413 3870 1711 3944 exemplum

714 3952 919 4005 nullum
949 3955 1154 4020 inveni,
1187 3966 1240 4006 et
1270 3955 1383 4027 ipse
1410 3955 1514 4021 Qu.
1544 3953 1711 4004 rarius

713 4029 847 4085 illud
872 4032 1038 4086 altero
1066 4034 1226 4086 fuisse
1242 4071 1258 4099 ,
1279 4032 1487 4085 videtur
1512 4032 1713 4101 signifi-

714 4129 849 4164 care.
875 4111 1151 4165 Probabile
1174 4124 1349 4165 autem
1376 4123 1485 4178 est,
1508 4123 1713 4165 veteres

714 4211 814 4266 pro
837 4211 1035 4265 vespere
1051 4194 1240 4250 dixisse
1259 4211 1493 4266 vespera,
1512 4205 1574 4246 ut
1595 4209 1715 4248 ποο-

1820 1351 1908 1407 ίιι,
1940 1340 2170 1395 ablativo
2198 1358 2359 1404 casu,
2388 1337 2533 1411 quod
2560 1356 2623 1390 ex
2649 1339 2820 1390 Ennio

1818 1420 1976 1473 docet
2008 1423 2161 1472 Voss.
2193 1419 2260 1472 de
2288 1417 2687 1483 Anal.l.11‚c.
2724 1433 2822 1484 12,

1817 1519 1871 1572 p.
1891 1498 2009 1569 735.
2026 1499 2134 1551 Eo‘
2118 1512 2277 1568 igitur
2286 1516 2322 1571 g
2342 1493 2823 1569 adjecemnnquod

1817 1577 1955 1629 male
1973 1576 2261 1650 (improbat
2285 1578 2424 1629 enim
2444 1572 2825 1647 Quintilianus)

1815 1657 2299 1728 interpretabantur
2319 1655 2630 1725 Quintiliani
2651 1672 2821 1725 aequa·

1813 1735 1890 1790 les
1912 1737 2321 1809 vesperuginem,
2349 1736 2499 1807 quasi
2522 1733 2818 1787 mutilatum

1812 1814 2164 1882 vocabulum,
2190 1834 2353 1887 quum
2376 1827 2513 1868 esset
2536 1827 2770 1868 auctum.

1886 1896 1937 1950 3.
1962 1896 2131 1967 Supra
2155 1895 2281 1946 dcxi
2298 1898 2353 1960 1
2377 1895 2437 1962 4,
2468 1910 2646 1964 12-17.

1885 1973 1936 2041 4.
1962 1974 2138 2025 Etiam
2165 1974 2238 2025 ita
2263 1972 2402 2046 loqu.
2422 1972 2596 2025 Guelf.
2624 1973 2818 2024 omittit

1811 2054 1917 2120 ita,
1956 2074 2081 2107 cnm
2115 2054 2445 2125 quibusdam.
2478 2051 2639 2107 Goth.
2675 2051 2814 2124 (tac.

1809 2135 1970 2188 Gesn.
1974 2133 1996 2207 )
2017 2134 2087 2187 sic
2102 2134 2259 2186 etiam
2280 2132 2422 2208 loqu.
2447 2151 2570 2185 cum
2584 2137 2741 2187 Voss.
2766 2149 2815 2186 a.

1810 2213 1938 2268 Obr.
1993 2215 2319 2267 omittentem
2373 2214 2447 2265 ita
2501 2214 2817 2285 scripturam

1810 2293 2097 2367 adoptavit.
2126 2292 2261 2347 Mihi
2285 2291 2445 2347 Goth.
2478 2294 2614 2345 ratio
2645 2292 2816 2347 maxi·-

1808 2391 1895 2425 me
1916 2372 2110 2446 placet.

1880 2449 1931 2504 5.
1964 2453 2089 2505 Non
2118 2450 2382 2525 geminare
2412 2449 2521 2503 diu.
2549 2448 2726 2503 Guelf.
2762 2461 2818 2502 et

1806 2531 1966 2585 Goth.
2011 2530 2141 2604 (tac.
2185 2531 2383 2602 Gesn.)
2419 2529 2684 2604 geminare
2720 2528 2816 2584 άίιι

1808 2630 1942 2678 non,
1970 2629 2090 2663 cum
2114 2611 2281 2664 Codd.
2308 2610 2457 2663 Bodl.
2482 2609 2589 2662 Bal.
2614 2611 2811 2661 Joann.

1805 2694 1962 2745 Voss.
1994 2708 2013 2742 ι
2032 2729 2047 2755 ,
2072 2704 2124 2742 et
2149 2690 2268 2743 edd.
2289 2702 2413 2743 vett.
2440 2687 2715 2755 omnibus,
2741 2705 2815 2741 ne

1806 2767 2041 2842 Gryphio
2068 2768 2279 2839 quidem
2302 2767 2495 2839 (1544)
2513 2766 2663 2819 aliter
2679 2764 2814 2821 dan·

1805 2860 1875 2899 te.
1902 2849 2116 2900 Stoerius
2138 2846 2188 2918 (ι
2200 2846 2325 2918 591)
2341 2850 2453 2919 jam
2475 2845 2638 2898 habet
2661 2844 2813 2898 ordi·-

1804 2944 1929 2978 nem
1950 2940 2247 2999 receptum,
2270 2946 2377 2998 quo
2396 2927 2566 2999 primo
2592 2937 2814 2978 auctore

1806 3018 1859 3058 et
1890 3023 1960 3056 an
1990 3024 2055 3058 ex
2084 3005 2251 3058 codd.
2270 3003 2558 3076 ‚equidem
2586 3006 2812 3075 ignoro,

1807 3102 1971 3154 quum
1989 3097 2069 3136 tot
2088 3082 2440 3136 editionibus
2425 3084 2633 3136 mterim
2648 3084 2812 3135 emis-

1805 3164 1874 3215 sis
1897 3179 2120 3214 caream.
2141 3161 2309 3215 Codd.
2326 3174 2513 3235 praeter
2533 3180 2653 3228 eos,
2670 3178 2810 3253 quos

1804 3243 2074 3307 recensui,
2104 3240 2336 3293 silentur.
2362 3244 2495 3292 Puto
2519 3239 2685 3292 nihilo
2710 3241 2809 3293 mi·

1804 3312 1904 3372 nus
1928 3338 2051 3372 cum
2072 3322 2270 3372 caeteris
2294 3321 2467 3372 facere
2486 3321 2643 3372 etiam
2664 3318 2806 3372 illos.

1803 3399 1997 3452 Sensus
2021 3396 2231 3468 quidem
2254 3397 2417 3470 paulo
2443 3411 2522 3450 est
2539 3398 2809 3465 diversus,

1807 3495 2124 3549 quamquam
2149 3491 2359 3549 recepta
2387 3477 2677 3530 faciliorem
2703 3477 2810 3530 ha·

1803 3557 1911 3610 bet.
1936 3586 2009 3596 —
2027 3555 2366 3610 Semivocales
2387 3574 2493 3608 non
2517 3557 2806 3630 geminare.

1800 3638 1983 3688 Festus
2023 3639 2078 3688 in
2113 3637 2351 3710 porigam
2394 3649 2447 3688 et
2489 3634 2812 3688 solitaurilia

1800 3714 1939 3768 idem
1966 3729 2173 3781 narrat,
2201 3728 2252 3767 et
2280 3715 2335 3766 in
2362 3715 2527 3768 altero
2555 3714 2677 3767 loco
2707 3713 2806 3767 ad-

1801 3794 1904 3861 dit,
1923 3791 2151 3847 Ennium
2169 3794 2407 3846 Graecum
2425 3813 2455 3846 a
2473 3793 2665 3848 Graecis
2683 3812 2805 3848 mu-

1798 3887 2007 3927 tuatum
2050 3873 2487 3928 consuetudinem
2524 3878 2807 3945 geminan-

1800 3952 1985 4006 darum
2021 3953 2428 4006 semivocalium.
2466 3953 2600 4022 Vide
2640 3957 2805 4007 etiam

1799 4033 2028 4087 Marium
2070 4033 2427 4102 Victorinum,
2476 4051 2531 4106 p.
2581 4029 2805 4088 Putsch.

1802 4112 1956 4181 2456.

1869 4191 1923 4247 6.
1956 4188 2027 4245 Ut
2044 4188 2171 4244 dixi.
2196 4189 2252 4258 1,
2274 4187 2341 4259 4,
2367 4206 2451 4249 ιο.
