3200 5150
684 530 1338 598 INSTITUTIONIS
1375 531 1632 597 ORAT.
1674 530 1843 598 LlB.
1888 534 1953 611 1,
1996 537 2057 617 4.

2347 532 2430 604 85

313 650 531 726 ctiam
583 654 998 726 contrariam
1047 653 1179 726 sibi
1229 653 1525 754 poscit),
1578 675 1662 748 ut
1703 656 1771 727 K
1802 668 1864 744 ¹,
1910 683 2066 755 quae
2117 677 2184 729 et
2212 639 2431 756 vipsa²

317 770 793 868 quorumdam
836 771 1218 846 nominum
1267 792 1434 844 nota
1476 791 1579 845 est
1602 801 1622 861 3
1674 792 1744 844 et
1782 772 1893 863 Q,
1940 770 2147 873 cujus
2187 773 2432 848 similis

310 1002 553 1075 intelligit
571 1005 674 1073 Qu,
700 1006 1027 1059 notissimam
1051 1007 1323 1100 aspiratio-

312 1082 396 1134 nis
415 1097 596 1135 notam
618 1086 692 1150 H,
715 1099 820 1137 et
838 1084 1025 1137 illam»
1057 1100 1146 1137 aut
1166 1085 1321 1153 dicit,

313 1165 465 1232 quasi
493 1182 650 1236 quam
678 1166 942 1230 novimus,
974 1165 1038 1218 de
1065 1186 1168 1239 qua
1194 1165 1325 1219 solet

308 1240 450 1293 ultro
477 1242 705 1315 citroque
730 1243 1012 1316 disputavi,
1043 1258 1135 1298 aut
1161 1247 1321 1298 refert

309 1320 378 1371 ad
406 1323 575 1393 ipsam
604 1321 830 1374 litteram
857 1324 917 1374 H
943 1325 998 1376 in
1024 1325 1194 1391 Here,
1223 1343 1321 1376 vo-

308 1398 503 1450 cabulo
541 1398 704 1451 modo
742 1412 982 1454 tractato.
1021 1402 1136 1454 v‘nd.
1181 1405 1321 1455 Pris-

304 1481 481 1543 cian.‚
518 1498 571 1550 p.
618 1478 756 1532 560:
808 1473 898 1533 «Ἠ
937 1479 1166 1533 litteram
1206 1500 1316 1534 non

312 1580 337 1604 ει
357 1576 471 1609 esse
501 1558 862 1624 ostendimus,
891 1558 984 1612 sed
1010 1572 1193 1611 notam
1229 1578 1317 1612 as-

310 1661 336 1683 ·-
355 1640 657 1710 pirationis,
678 1658 837 1711 quam
853 1641 1157 1693 Graecorum
1181 1645 1318 1695 anti-

310 1818 334 1842 «
352 1813 509 1848 versu
529 1795 860 1862 scribebant,
875 1815 1019 1849 nunc
1037 1812 1217 1849 autem
1237 1797 1317 1850 di·-

311 1896 335 1920 ιι
352 1877 612 1941 viserunt,
629 1888 682 1927 et
696 1875 962 1927 dexteram
977 1879 1091 1946 ejus
1109 1890 1317 1948 partem

308 1976 333 1999 a
352 1970 513 2024 supra
551 1953 777 2006 litteram
813 1966 1073 2023 ponentes
1090 1992 1106 2019 ‚
1144 1954 1314 2025 psilen

310 2052 332 2076 α
353 2030 542 2102 (ψιλὴν)
565 2044 744 2082 notam
775 2029 1030 2084 habent...
1057 2032 1321 2083 sinistram

306 2131 331 2154 α
353 2121 531 2160 autem
550 2110 867 2161 contrariam
885 2108 961 2161 illi
982 2112 1317 2180 aspirationis

306 2186 549 2238 «da-siam
577 2184 898 2258 (Φασιῖιιν).»
875 2187 1129 2239 »Similia
1155 2188 1318 2241 docet

300 2267 514 2335 Sergius
552 2267 609 2318 in
651 2268 848 2319 Donati
888 2265 1015 2318 edit.
1060 2270 1213 2339 prim.
1257 2289 1311 2340 p.

300 2344 831 2415 Putsch.1829.Ad
863 2360 1104 2398 nostrum
1135 2346 1314 2400 locum

218 2426 227 2435 ”
298 2424 415 2478 haec
436 2428 659 2478 maxime
683 2427 1016 2498 pertinent«
993 2428 1148 2478 «Nos
1176 2425 1259 2478 his
1280 2450 1304 2475 n

298 2503 488 2575 (videl.
513 2504 610 2559 τοῖς
631 2506 671 2554 ἰν
698 2516 751 2555 et
777 2502 855 2575 q)
885 2526 907 2549 αι
928 2506 1141 2556 sociatis
1166 2507 1309 2577 aspi-

306 2586 569 2635 -rationis
602 2583 823 2635 fecimus
856 2597 1036 2636 notam
1071 2586 1134 2635 H.
1158 2608 1180 2632 n
1220 2587 1312 2637 Est

300 2676 477 2715 autem
507 2662 572 2714 de
596 2663 643 2713 H
667 2680 856 2732 magna
885 2665 1021 2714 inter
1046 2680 1310 2732 gramma-

296 2744 435 2796 ticos
459 2741 807 2795 Putschianos
833 2743 922 2807 lis,
946 2742 1059 2794 aliis
1083 2742 1309 2795 litteram

301 2839 419 2874 eam
440 2819 753 2873 vocantibus
768 2859 785 2886 ,
810 2820 924 2872 aliis
939 2857 957 2886 ,
984 2833 1038 2872 et
1063 2819 1307 2891 pluribus

298 2899 514 2971 quidem
539 2901 634 2965 iis,
663 2898 1010 2968 negantibus,
1039 2916 1160 2950 cum
1190 2902 1309 2970 qui-

294 2981 399 3034 bus
446 2981 620 3031 facere
661 2979 1047 3047 Quintilianum
1089 2994 1308 3050 apparet

297 3080 396 3124 eo,
424 3058 572 3130 quod
596 3058 838 3130 suincit:
865 3073 983 3129 quoe
1004 3056 1101 3109 εἰ...
1124 3059 1304 3128 poscit.

294 3138 414 3190 Vid.
437 3140 612 3208 ipsum
632 3139 885 3189 Nostrum
908 3137 956 3202 1,
980 3133 1040 3199 5,
1073 3152 1150 3204 ¹9·
1173 3136 1304 3187 cod.

296 3216 470 3269 Guelf.
498 3235 621 3267 cum
640 3215 889 3267 Beruensi
909 3212 1066 3283 plane
1086 3231 1309 3266 consen·

294 3297 389 3359 tit,
421 3297 495 3347 sic
528 3291 743 3345 dando:
782 3314 803 3338 σι
823 3305 1012 3365 proeter
1041 3291 1185 3345 illam
1217 3310 1305 3344 as-

303 3395 328 3418 «
347 3374 654 3444 pit-ationis,
689 3389 879 3442 quae....
910 3374 1174 3423 contraria
1206 3371 1305 3423 sibi

303 3473 327 3496 a
347 3451 536 3522 poscit.
560 3473 582 3497 ιο
611 3452 875 3503 Omittunt
894 3452 1053 3520 igitur
1070 3451 1106 3501 ii
1128 3461 1304 3501 notam

292 3543 421 3602 post
469 3548 576 3602 asp.
624 3531 679 3581 in
727 3548 833 3600 quo
884 3532 1060 3581 socios
1105 3528 1305 3581 habent

294 3616 452 3666 Voss.
485 3629 506 3664 ι
527 3650 544 3677 ,
567 3613 616 3663 3.
650 3611 797 3663 Bodl.
828 3623 883 3663 et
909 3608 1027 3661 Ald.
1059 3628 1181 3661 cum
1205 3608 1303 3661 ali-

298 3702 431 3760 quot
459 3701 705 3759 praeterea
736 3687 855 3740 edd.
888 3691 1017 3738 hem
1044 3688 1303 3739 contraria

294 3769 429 3820 dant
441 3784 539 3836 pro
553 3767 882 3817 contrariam.
900 3766 1117 3835 Aliquot
1129 3765 1299 3817 codd.

295 3848 522 3898 retinere
540 3853 717 3894 notam
737 3842 962 3914 (Joann.
987 3845 1228 3914 profecto
1248 3858 1303 3895 et

296 3924 407 3976 Bal.
422 3922 445 3994 )
468 3922 657 3974 diserte
684 3936 859 3973 narrat
879 3921 1026 3974 Gibs.
1052 3935 1103 3974 et
1127 3940 1305 3975 neces-

294 4003 494 4056 sarium
515 4014 597 4054 est
614 3999 949 4051 vocabulum.
962 4028 1046 4039 =-—-
1068 4003 1193 4052 Post
1214 4019 1305 4052 vo-

298 4098 417 4132 cem
430 4090 627 4142 notam,
645 4080 705 4131 R.
726 4096 754 4130 2
776 4091 827 4130 et
840 4078 956 4131 cu».
973 4077 1103 4130 hoc
1089 4081 1300 4167 signum

298 4167 354 4213 ἑ·
393 4158 571 4225 addit,
610 4171 672 4210 ut
712 4171 836 4230 post
874 4157 1187 4209 contrariam
1226 4166 1297 4213 u-l.

297 4240 399 4291 Pro
418 4249 597 4293 notam
614 4239 775 4293 (ἔω.
795 4236 959 4293 habet
980 4237 1180 4290 δισυοι.
1202 4238 1295 4292 En

1386 3472 1425 3495 w·
1446 3449 1686 3501 litteram.
1709 3472 1731 3496 n

1489 1025 1535 1060 ι.
1570 1004 1644 1060 Ut
1667 1006 1734 1059 Κ.
1760 1000 1936 1059 Guelf.
1966 1020 2023 1059 et
2051 1026 2234 1060 omnes
2256 1009 2429 1063 Codd.

1410 1097 1463 1138 et
1497 1087 1564 1138 Κ.
1612 1086 1917 1140 obsecutus
1959 1104 2078 1138 sum
2119 1087 2430 1178 Capperon-

1410 1166 1557 1216 nerio
1606 1177 1659 1215 et
1698 1164 1971 1231 Gesnero,
2013 1162 2080 1216 de
2122 1165 2434 1237 conjectura

1411 1244 1740 1298 mutantibus
1777 1256 1829 1296 et
1858 1246 1914 1297 in
1952 1254 2025 1295 ut.
2061 1245 2430 1299 Necessarium

1410 1341 1629 1394 prorsus
1685 1335 1766 1377 est
1790 1362 1806 1388 ,
1863 1336 1924 1374 ut
1978 1322 2103 1375 hinc
2160 1323 2431 1377 ordiamur

1412 1401 1652 1474 exempla
1716 1418 2164 1475 supervacuarum
2223 1402 2429 1456 littera·-

1410 1499 1560 1545 rum,
1592 1499 1706 1551 quae
1746 1480 1944 1534 debent
1980 1479 2162 1535 induci
2198 1502 2295 1554 per
2332 1482 2430 1536 ad—

1406 1557 1647 1612 verbium
1680 1570 1765 1623 ut,
1805 1577 1916 1612 uon
1953 1578 2051 1631 per
2086 1564 2430 1632 conjunctio-

1407 1656 1528 1689 nem
1546 1649 1613 1690 et.
1633 1639 1690 1692 Si
1707 1640 1847 1690 enim
1866 1640 2090 1692 maxime
2109 1656 2425 1694 annumeres

1406 1714 1544 1783 hoe,
1576 1716 1724 1788 quod
1752 1716 1881 1768 dicit
1910 1717 1976 1769 de
2008 1717 2179 1770 littera
2214 1720 2293 1784 K,
2326 1739 2425 1774 ex-

1408 1798 1669 1868 ceptioni,
1700 1809 1759 1848 ut
1783 1798 1978 1849 referas
2003 1795 2073 1848 ad
2095 1808 2298 1868 proeter,
2325 1799 2425 1850 sal-

1406 1886 1513 1926 tem
1545 1886 1598 1926 et
1631 1877 1676 1945 Q
1704 1876 1908 1944 cogeris
1938 1887 2140 1926 mutare
2168 1876 2224 1927 in
2250 1885 2312 1926 ut
2341 1876 2424 1946 Q,-

1407 1971 1580 2023 neque
1616 1952 1725 2005 ullo
1761 1952 1922 2002 modo
1956 1951 2210 2024 procedet
2245 1955 2381 2006 ratio
2403 1992 2427 2019 ,

1411 2032 1454 2081 si
1483 2034 1639 2084 etiam
1669 2031 1773 2084 hoc
1803 2033 2102 2103 exceptioni
2130 2031 2422 2104 adjungas,

1410 2112 1662 2180 quoniam
1698 2120 1750 2160 et
1773 2106 1964 2161 ultima
1992 2120 2278 2161 nostrarum
2315 2127 2421 2163 no-

1406 2191 1717 2242 minativum
1770 2188 2002 2241 ostendit
2026 2227 2043 2256 ,
2096 2192 2186 2261 qui
2235 2192 2422 2244 referri

1408 2266 1473 2318 ad
1502 2279 1692 2339 proeter
1715 2268 1874 2340 plane
1903 2280 2127 2320 recusat.
2158 2269 2419 2322 Caeterum

1407 2365 1566 2417 quam
1593 2348 1844 2418 frequens
1873 2349 1928 2399 in
1956 2344 2123 2398 codd.
2159 2348 2250 2399 erar
2279 2359 2340 2399 ut
2364 2361 2421 2399 et

1404 2435 1457 2475 et
1493 2428 1561 2477 sit
1602 2427 1880 2490 confusio,
1928 2424 2242 2479 monstrabit
2281 2427 2419 2479 Dra-

1400 2502 1557 2556 kenb.
1584 2505 1652 2557 ad
1677 2508 1786 2558 Liv.
1811 2505 1966 2570 XXI,
1993 2505 2091 2571 28,
2116 2505 2165 2557 8.

1476 2604 1522 2637 2.
1553 2586 1682 2655 Quoe
1708 2595 1759 2636 et
1785 2585 1949 2656 ipsa...
1977 2591 2102 2636 no'ta
2128 2595 2215 2637 est.
2242 2587 2415 2658 Hujus

1402 2662 1745 2714 additamenti
1764 2680 1872 2713 non
1895 2680 2110 2734 prorsus
2129 2667 2417 2736 perspicua

1401 2755 1481 2792 est
1526 2742 1661 2791 ratio
1682 2779 1699 2805 ,
1745 2742 2032 2812 praesertim
2078 2741 2271 2793 horum
2297 2764 2310 2793 ε
2363 2754 2415 2795 et

1400 2819 1525 2890 ipsa.
1542 2819 1731 2870 Refero
1750 2831 1926 2869 autem
1941 2818 2009 2869 ad
2023 2819 2071 2870 H
2082 2857 2098 2884 ,
2114 2837 2229 2890 quae
2245 2838 2414 2891 quum

1398 2911 1680 2966 negaretur
1703 2915 1818 2951 esse
1841 2915 1964 2949 vera
1987 2897 2159 2950 littera
2184 2912 2236 2950 et
2261 2897 2413 2951 dice-

1396 2989 1541 3027 retur
1580 2989 1741 3041 nota,
1778 2978 1892 3048 pari
1933 2974 2095 3027 modo
2137 2977 2186 3028 K
2227 2990 2415 3030 notam

1396 3057 1561 3124 magis
1588 3056 1898 3119 nominum,
1929 3072 2086 3124 quam
2114 3073 2291 3106 veram
2322 3054 2411 3108 lit·

1395 3145 1592 3197 teram,
1631 3134 1750 3183 soni
1786 3131 2009 3203 alicujus
2044 3131 2303 3197 indicem,
2330 3133 2413 3184 vi·

1394 3211 1549 3263 detur
1566 3225 1755 3283 putare
1770 3212 1874 3278 Qu.
1895 3210 1981 3262 Sic
1996 3209 2177 3262 Velius
2192 3213 2408 3280 Longus

1395 3310 1449 3363 p.
1471 3289 1683 3342 Putsch.
1710 3291 1876 3356 2218,
1901 3312 1923 3335 α
1941 3291 2093 3360 quil(
2109 3289 2410 3362 expellunt,

1402 3391 1427 3416 a
1446 3383 1628 3422 notam
1655 3368 1842 3421 dicunt
1867 3386 1982 3420 esse
2010 3370 2208 3437 magis,
2248 3386 2408 3440 quam

1787 3450 2017 3501 Nomina
2073 3461 2250 3500 autem
2293 3448 2407 3510 ,hac

1395 3542 1523 3581 nota
1574 3528 1987 3598 designabantur
2041 3529 2175 3580 Kese
2196 3566 2212 3592 ‚
2264 3527 2405 3580 Kato

1392 3607 1527 3678 (nisi
1560 3606 1721 3678 apud.
1748 3605 1861 3659 Vel.
1892 3608 2093 3677 Long.,
2126 3606 2160 3657 l.
2192 3624 2274 3670 c.‚
2303 3624 2403 3679 pro

1392 3686 1560 3748 Kato,
1591 3684 1872 3754 legendum
1895 3698 1977 3736 est
1999 3686 2161 3747 Kese»,
2186 3702 2302 3754 quw
2324 3698 2406 3738 est

1392 3768 1695 3818 Buttmanni
1712 3769 1775 3815 V.
1796 3765 1855 3814 C.
1881 3767 2215 3836 conjectura,
2237 3783 2405 3835 quum

1390 3846 1680 3915 praesertim
1710 3844 2043 3895 notissimum
2077 3841 2180 3893 hoe
2212 3843 2268 3893 in
2301 3841 2403 3895 hac

1390 3940 1447 3973 re
1492 3939 1688 3973 nomeu
1732 3918 1809 3972 ibi
1852 3938 1962 3972 uon
2006 3918 2402 3990 memoretur),

1392 4000 1622 4064 Koelt'us,
1657 4015 1716 4052 ut
1745 4014 1797 4051 et
1833 3999 2152 4060 Kalumnia,
2181 4000 2396 4071 Kaput,

1389 4078 1660 4134 Kalendas.
1682 4077 1918 4131 Nomina
1938 4076 2026 4130 hic
2050 4076 2264 4148 quidem
2286 4096 2397 4131 non

1389 4157 1459 4210 de
1477 4155 1603 4210 solis
1617 4157 1872 4228 propriis,
1888 4172 2004 4227 quo
2015 4169 2236 4226 vocant,
2249 4173 2400 4211 usur-

1387 4254 1546 4310 passe
1569 4233 1774 4291 videtur
1794 4233 1900 4306 Ωιι.
