3200 5150
1046 938 1199 1015 DE
1258 932 2834 1016 1NST1TUT10NEORATOR1A

1330 1187 1543 1248 unm
1582 1194 1930 1247 sncunm
1968 1193 2545 1249 ARGUMENTUM.

897 1417 1041 1479 Car.
1070 1418 1117 1480 1.
1146 1418 1419 1496 Quando
1447 1418 1528 1478 sit
1554 1415 1789 1478 rhetori
1811 1417 2152 1479 tradendus
2178 1439 2358 1500 puer.
2378 1451 2456 1464 -·
2480 1418 2560 1479 11.
2587 1417 2683 1479 De
2710 1421 2954 1482 moribus

973 1531 1036 1579 et
1066 1515 1292 1578 officiis
1323 1518 1740 1598 praeceptoris.
1764 1550 1841 1562 -
1865 1516 1972 1578 111.
2005 1517 2102 1578 An
2135 1516 2422 1597 protinus
2455 1530 2956 1598 praeceptorem)-

975 1617 1131 1676 timo
1157 1617 1235 1675 sit
1256 1615 1580 1678 utendum.
1600 1616 1804 1677 —1‘v.
1828 1616 1920 1678 De
1937 1616 2159 1699 primis
2180 1616 2346 1699 apud
2367 1614 2682 1678 rhetorem
2705 1616 2957 1680 exercita-

974 1712 1275 1773 tionibus.
1300 1746 1378 1758 —
1400 1713 1474 1772 V.
1497 1712 1590 1771 De
1614 1711 1881 1772 lectione
1907 1725 2226 1773 oratorum
2257 1726 2318 1771 et
2345 1710 2788 1773 historicorum
2816 1711 2958 1793 apud

974 1810 1307 1872 rhetorem.
1343 1845 1423 1857 —
1454 1811 1560 1871 VI.
1594 1811 1689 1872 De
1728 1810 2058 1872 divisione.
2101 1844 2179 1856 --
2215 1812 2350 1872 VII.
2390 1811 2483 1873 De
2524 1811 2867 1872 ediscendo.
2896 1841 2960 1855 -·

972 1910 1139 1970 VIII.
1173 1911 1265 1968 An
1301 1909 1641 1969 secundum
1677 1910 1770 1968 sui
1798 1910 2062 1989 quisque
2092 1909 2329 1989 ingenii
2364 1908 2685 1968 docendus
2714 1908 2790 1966 sit
2811 1919 2962 1966 natu·

972 2030 1129 2069 ram.
1155 2043 1232 2054 -
1258 2006 1360 2067 IX.
1396 2006 1488 2067 De
1526 2006 1740 2067 officio
1781 2006 2252 2089 discipulorum.
2279 2041 2355 2051 ——
2384 2007 2461 2066 X.
2493 2006 2586 2065 De
2624 2005 2881 2064 utilitate
2915 2019 2962 2064 et

973 2107 1217 2166 ratione
1241 2103 1660 2165 declamandi.
1682 2138 1759 2149 —
1784 2104 1892 2165 XI.
1919 2110 2011 2164 An
2039 2105 2187 2166 artis
2209 2100 2392 2185 hujus
2419 2105 2758 2163 necessaria
2779 2102 2963 2184 cogni·

972 2204 1063 2262 tio
1102 2203 1198 2261 sit.
1224 2234 1302 2246 -
1332 2201 1464 2260 XII.
1500 2203 1709 2277 Quare
1740 2201 1968 2261 eruditi
2010 2202 2458 2282 ingeniosiores
2489 2201 2681 2281 vulgo
2715 2199 2960 2259 habean-

971 2312 1093 2358 tur.
1114 2332 1191 2343 —
1213 2296 1374 2356 XIII.
1402 2298 1556 2372 Quis
1579 2298 1804 2358 modus
1828 2300 1907 2357 sit
1931 2299 1995 2356 in
2023 2313 2171 2357 arte.
2195 2332 2272 2343 --
2289 2298 2451 2357 XIV.
2476 2294 2830 2356 Rhetorices
2855 2309 2964 2376 ety-

972 2415 1123 2456 mon
1144 2439 1162 2469 ,
1191 2408 1251 2453 et
1278 2394 1472 2453 totius
1499 2396 1703 2476 operis
1731 2396 1981 2455 divisio.
2007 2428 2083 2439 —-
2105 2396 2236 2454 XV.
2262 2395 2430 2471 Quid
2458 2395 2536 2453 sit
2560 2390 2889 2460 rhetorice,
2915 2405 2966 2450 et

941 2493 1112 2572 ‘quis
1142 2487 1271 2570 ejus
1299 2488 1461 2550 finis,
1487 2523 1565 2536 -
1591 2490 1754 2551 XVI.
1782 2494 1878 2550 An
1912 2491 1993 2550 sit
2018 2490 2186 2551 utilis
2209 2488 2531 2551 rhetorice.
2559 2524 2639 2535 --
2670 2487 2860 2549 XVII.
2886 2488 2965 2546 Au

972 2588 1278 2649 rhetorice
1302 2589 1384 2646 sit
1407 2608 1522 2648 ars.
1551 2621 1630 2632 -—
1658 2587 1879 2662 XVIII.
1905 2589 2225 2649 Generalis
2255 2590 2486 2648 artium
2517 2587 2754 2648 divisio
2773 2631 2792 2663 ,
2823 2601 2879 2645 et
2905 2604 2963 2645 ex

971 2685 1201 2765 quibus
1227 2684 1307 2743 sit
1327 2682 1653 2765 rhetorica.
1674 2720 1752 2731 —-
1773 2687 1933 2748 XIX.
1956 2687 2104 2745 Utra
2127 2687 2266 2769 plus
2285 2685 2564 2746 conferat
2580 2683 2967 2765 eloquentiae‚

972 2802 1068 2840 ars
1085 2824 1102 2856 ,
1129 2801 1208 2839 an
1234 2796 1475 2840 natura.
1501 2817 1578 2827 -—
1603 2784 1735 2843 XX.
1761 2785 1855 2842 An
1879 2782 2181 2846 rhetorice
2203 2786 2398 2844 virtus
2422 2785 2518 2843 sit.
2543 2817 2623 2829 --
2647 2782 2811 2843 XXI.
2830 2781 2965 2856 Quae

970 2880 1048 2939 sit
1071 2878 1328 2938 materia
1352 2875 1704 2938 rhetorices·
