3200 5150
796 492 917 557 160

1354 492 1447 555 Μ.
1488 490 1715 555 rien
1752 490 2305 575 QumTILIAm

785 614 872 685 sit
902 614 1090 712 apud
1114 614 1298 703 illos,
1339 641 1483 687 non
1501 617 1750 713 fru91'5
1778 641 1946 686 nam
1971 641 2113 714 quo
2141 615 2277 687 alio
2298 612 2510 687 modo
2532 612 2653 686 fiat
2673 626 2693 659 ¹
2717 615 2881 712 fm-

683 741 747 794 18
784 729 1073 826 qalitas?
1090 729 1310 801 Iidem
1332 746 1601 800 centum
1624 728 1845 800 millia
1865 755 2224 801 nummum
2238 786 2259 816 ,
2279 748 2348 800 et
2345 729 2565 830 fidem
2583 730 2810 800 Deum
2823 742 2876 815 ²,

781 842 1147 916 ostendant
1174 843 1483 942 duplices
1515 842 1929 914 soloecismos
1949 841 1978 886 3
2014 870 2157 915 esse
2178 899 2197 932 ,
2227 843 2510 942 quando
2543 862 2611 914 et
2638 868 2881 914 casum

780 978 1087 1046 mutant,
1110 980 1176 1031 et
1193 985 1609 1031 numerum:
1637 957 2167 1031 nesciebamus4
2190 960 2381 1031 enim
2399 1014 2418 1048 ,
2440 985 2519 1030 ac
2539 985 2683 1030 non
2706 985 2880 1030 con-

777 1071 1130 1143 suetudini
1158 1093 1226 1144 et
1248 1072 1476 1144 decori
1499 1071 1967 1144 serviebamus
1985 1126 2007 1161 ,
2036 1073 2211 1145 sicut
2236 1073 2308 1144 in
2336 1072 2656 1171 plurimis
2674 1127 2694 1162 ,
2725 1098 2882 1172 quoe

679 1208 742 1262 19
778 1184 1054 1257 Tullius
1073 1187 1146 1258 in
1163 1188 1453 1259 Oratore
1479 1187 1707 1259 divine
1722 1244 1741 1277 ,
1760 1208 1837 1259 ut
1855 1188 2094 1260 omnia
2111 1242 2130 1275 ,
2149 1188 2563 1287 exsequitur.
2582 1187 2719 1259 Sed
2738 1190 2879 1259 Au-

777 1321 1017 1397 gustus
1037 1327 1318 1400 quoque
1338 1302 1410 1372 in
1433 1301 1735 1400 epistolis
1752 1302 1844 1374 ad
1859 1304 1940 1374 C.
1960 1303 2303 1375 Caesarem
2319 1302 2347 1347 ⁵
2362 1302 2625 1401 scriptis
2645 1329 2880 1375 emen-

778 1412 930 1502 dat,
966 1415 1157 1513 quod
1189 1416 1245 1486 is
1269 1415 1572 1487 calidum
1599 1416 1861 1505 dicere,
1898 1442 2113 1514 quam
2146 1416 2424 1488 caldum
2459 1415 2691 1488 malit:
2729 1442 2877 1490 non

779 1529 943 1628 quia
975 1527 1150 1601 illud
1185 1556 1328 1602 non
1369 1530 1453 1601 sit
1483 1531 1850 1619 Latinum,
1895 1530 2015 1602 sed
2053 1530 2217 1629 quia
2254 1529 2338 1601 sit
2368 1530 2687 1602 odiosum
2709 1586 2728 1619 ,
2773 1550 2878 1618 et,

675 1671 740 1709 πο
779 1663 858 1715 ut
894 1644 1038 1741 ipse
1078 1645 1320 1716 Graeco
1359 1645 1568 1716 verbo
1612 1645 2060 1743 significavit,
2104 1661 2383 1736 περίεργον.
2438 1645 2650 1744 Atqui
2692 1644 2875 1718 hanc

777 1758 1067 1858 quidam
1102 1770 1393 1850 ὀρθοὲπειαν
1433 1758 1654 1831 solam
1691 1780 1973 1858 putant,
2019 1786 2233 1858 quam
2271 1786 2399 1859 ego
2426 1759 2723 1830 minime
2752 1785 2876 1830 ex-

775 1871 982 1944 cludo
1001 1871 1054 1944 6.
1094 1873 1288 1965 Quid
1312 1874 1503 1945 enim
1533 1896 1678 1947 tam
1702 1874 2166 1947 necessarium
2187 1931 2207 1964 ,
2241 1901 2457 1974 quam
2482 1894 2663 1946 recta
2686 1873 2897 1951 locur

767 2071 854 2117 μσς
874 2051 1217 2122 respondeat,
1244 2052 1337 2105 sed
1362 2050 1558 2119 σᾶορων.
1586 2056 1779 2126 Fruqa·

773 2129 1024 2183 lissimum
1043 2146 1220 2184 tamen
1239 2152 1349 2185 non
1368 2134 1530 2185 semel
1549 2133 1678 2185 dicit
1692 2135 1780 2187 Ci-

770 2230 923 2277 cero,
944 2226 1001 2264 ut
1021 2216 1168 2265 Verr.
1189 2214 1286 2280 111,
1306 2213 1358 2279 4,
1378 2227 1430 2267 et
1448 2213 1518 2266 ad
1535 2217 1696 2267 Attic.
1722 2218 1776 2281 1,

778 2291 872 2357 16,
908 2311 1066 2344 sensu
1097 2292 1309 2362 quidem
1337 2295 1612 2346 manifeste
1645 2293 1740 2347 tali
1757 2332 1775 2360 ‚

771 2372 862 2440 qui
886 2372 952 2421 sit
975 2389 1211 2423 summus
1235 2390 1265 2423 a
1289 2374 1516 2443 positivo
1540 2371 1632 2423 illo
1646 2372 1776 2443 fru-

764 2449 837 2521 9⁸⁶·
861 2448 1020 2517 Quod
1045 2463 1222 2502 autem
1238 2450 1625 2519 Quintilianus,
1651 2470 1773 2503 cum

767 2529 1007 2581 irrisione
1022 2566 1038 2593 ,
1064 2531 1229 2599 tangit
1250 2542 1463 2603 etymon
1476 2528 1773 2602 frugalita-

768 2607 855 2670 tis,
880 2609 1029 2677 quasi
1049 2607 1193 2659 aliud
1211 2608 1418 2661 nullum
1435 2627 1550 2662 esse
1573 2612 1770 2681 possit,

764 2688 868 2739 nisi
878 2685 1135 2758 fiuqalis,
1161 2690 1217 2740 in
1239 2708 1303 2741 eo
1327 2691 1489 2741 miror
1510 2689 1772 2759 graduum

761 2764 1007 2829 illorum,
1035 2764 1318 2839 frugalior,
1349 2766 1769 2840 frugalissimus,

763 2863 875 2896 non
889 2849 1183 2900 meminisse
1195 2885 1211 2912 ,
1229 2865 1363 2918 quos
1381 2865 1530 2917 aeque
1544 2849 1768 2902 usitatos

764 2922 992 2974 debebat
1038 2943 1322 2994 agnoscere
1370 2943 1431 2976 ac
1479 2924 1769 2980 substanti-

761 3021 912 3068 vum,
922 3003 1307 3076 fruqalitatem.
1323 3003 1506 3056 Irridet
1525 3005 1628 3073 Qu.
1648 3022 1768 3072 eos,

763 3084 855 3152 qui
877 3085 1059 3153 utique
1089 3086 1324 3135 omnium
1347 3082 1629 3135 verborum
1655 3097 1767 3157 ety-

759 3178 887 3212 mon
923 3163 1143 3213 inveniri
1179 3161 1371 3214 debere
1409 3162 1509 3213 sibi
1545 3181 1766 3234 persua-

758 3238 914 3305 dent,
934 3254 988 3292 et
1006 3243 1109 3312 ipsi
1132 3243 1389 3311 originem
1413 3241 1644 3311 aliquam
1666 3242 1768 3295 flu-

756 3335 881 3388 gere
917 3319 1154 3383 malunt,
1190 3338 1349 3391 quem
1381 3334 1640 3373 consueto
1674 3340 1765 3374 ac·

761 3399 1046 3467 quiescere.
1067 3397 1202 3450 Vide
1228 3417 1347 3450 mox
1373 3399 1418 3468 §-
1446 3416 1528 3468 29.

839 3494 883 3527 1.
910 3477 1040 3527 Fiat.
1068 3477 1240 3529 Guelf.
1253 3475 1372 3549 fiet.

834 3571 881 3605 2.
910 3557 1262 3615 Nummum...
1287 3557 1473 3608 Deum.
1486 3555 1606 3609 Vid.
1632 3559 1764 3609 Var-

757 3652 817 3685 ro
833 3671 851 3699 ‚
874 3653 928 3704 p.
961 3634 1060 3703 149
1075 3657 1088 3684 :
1122 3657 1144 3681 a·
1165 3637 1224 3686 In
1246 3637 1405 3706 ipseis
1428 3634 1758 3701 vocabuleiS,

765 3735 787 3759 α
808 3713 900 3765 ubi
922 3712 1134 3765 additur
1156 3729 1331 3766 certus
1360 3733 1611 3768 numerus
1625 3754 1643 3781 ‚
1666 3715 1762 3768 ali-

763 3815 786 3839 «
805 3807 886 3845 ter
926 3807 1084 3864 atque
1124 3796 1180 3845 in
1221 3793 1466 3865 reliqueis
1510 3793 1756 3848 dicitur...

763 3895 792 3936 ιι,
807 3873 948 3926 mille
966 3873 1265 3938 denarium,
1284 3888 1383 3926 ete.
1403 3877 1465 3926 11.
1482 3875 1592 3927 Cic.
1609 3876 1753 3928 Orat.

758 3971 802 4003 c.
830 3953 900 4018 46
923 3955 1198 4023 integrum.

827 4032 877 4083 3.
929 4032 1172 4104 Duplices
1223 4033 1539 4086 soloecismos.
1592 4031 1753 4086 Goth.

753 4108 889 4178 (tac.
916 4110 1106 4181 Gesn.)
1134 4115 1313 4164 inserit
1335 4115 1471 4165 iuter
1491 4111 1602 4164 11111(-
1628 4130 1757 4184 quo-

753 4205 854 4258 que
893 4205 1016 4242 cum
1059 4191 1301 4250 omnibus
1341 4191 1450 4247 fere
1491 4190 1679 4251 Codd.·
1704 4203 1756 4244 et

1868 2066 1992 2108 vett.
2035 2052 2154 2106 edd.
2193 2052 2367 2106 Guelf.
2405 2054 2505 2105 ins.
2544 2051 2772 2124 quidem.
2799 2081 2871 2097 —-

1866 2132 2330 2206 Duplicesquoque
2348 2131 2651 2185 soloecismos
2668 2130 2871 2187 habent

1865 2213 1929 2263 R.
1961 2228 2007 2277 1,
2035 2229 2092 2278 2,
2117 2214 2178 2277 3,
2207 2226 2260 2264 et
2283 2213 2444 2264 Cam.
2469 2211 2570 2263 Ed.

1937 2289 1989 2355 4.
2032 2290 2406 2342 Nesciebamus.
2456 2312 2478 2336 α
2498 2291 2721 2361 Elegens
2756 2294 2869 2344 iro·

1873 2389 1895 2413 α
1914 2368 2029 2434 nia,
2048 2387 2157 2438 qua
2176 2368 2435 2438 siguificat
2454 2387 2511 2420 se
2532 2368 2646 2421 haze
2671 2372 2870 2441 optime

1868 2467 1891 2491 ιι
1910 2465 2085 2498 nosse.
2108 2472 2131 2495 »n
2165 2448 2357 2516 Regius
2372 2484 2390 2513 ,
2416 2446 2683 2517 eleganter
2705 2461 2758 2500 et
2779 2450 2867 2520 ip-

1863 2542 1934 2578 se.
1960 2527 2291 2579 Imminuitur
2314 2538 2493 2579 autem
2514 2525 2625 2582 haec
2648 2527 2866 2598 elegan-

1862 2607 1935 2660 tia
1976 2608 2020 2659 si
2056 2626 2162 2658 non
2204 2621 2329 2677 poet
2360 2626 2423 2659 ac
2465 2607 2701 2668 tollimus
2742 2628 2867 2662 cum

1861 2686 2130 2739 Gronovio
2148 2687 2216 2739 de
2234 2690 2352 2738 Pec.
2372 2701 2471 2739 vet.
2484 2725 2502 2753 ‚
2521 2708 2574 2759 p.
2597 2688 2686 2754 41,
2707 2708 2867 2760 quem

1862 2779 1913 2817 et
1926 2765 2299 2822 Lochmanuus
2313 2767 2664 2840 reprehendit.
2680 2772 2862 2841 Progr.

1869 2845 2019 2914 1789.

1929 2921 1979 2974 5.
2004 2924 2071 2976 In
2100 2923 2325 2995 epistolis
2345 2923 2416 2976 ad
2441 2926 2493 2977 C.
2525 2928 2784 2980 caesarem.
2811 2929 2860 2980 1⁸

1858 3014 1937 3055 est
1959 3004 2114 3056 Caius
2129 3042 2147 3069 ‚
2173 3006 2417 3076 Agrippae
2446 3006 2612 3072 filius,
2631 3009 2861 3077 Augusti

1857 3101 2056 3154 nepos,
2094 3083 2162 3135 ab
2198 3086 2314 3156 ipso
2349 3103 2473 3138 eum
2502 3086 2662 3138 fratre
2693 3087 2862 3140 Lucio

1858 3159 2172 3232 adoptatus,
2210 3161 2279 3214 ad
2315 3182 2475 3235 quem
2509 3165 2714 3235 scriptae
2744 3169 2860 3218 Au·-

1854 3242 1994 3309 gusti
2032 3240 2265 3312 epistole
2300 3241 2715 3310 interciderunt,
2755 3246 2860 3296 nisi

1856 3319 2003 3389 quod
2040 3320 2249 3390 elegans
2291 3334 2345 3373 et
2379 3323 2605 3376 affectus
2640 3322 2858 3394 plenum

1853 3416 2036 3450 earum
2080 3401 2347 3472 specimen
2391 3404 2615 3453 servavit
2656 3402 2855 3455 Gellius

1852 3479 1968 3544 XV,
2002 3496 2050 3549 7.
2082 3479 2329 3534 Odiosum
2357 3479 2575 3547 eodem,
2606 3499 2713 3551 quo
2736 3481 2853 3549 hic,

1853 3559 2147 3628 significatu
2161 3558 2280 3612 vide
2294 3578 2379 3632 ap.
2394 3560 2558 3616 Cicer.
2580 3561 2646 3613 de
2660 3564 2752 3616 Or.
2768 3564 2855 3628 111,

1850 3637 1918 3688 15
1940 3651 2098 3704 extu,
2118 3651 2171 3690 et
2188 3642 2333 3694 Verr.
2354 3641 2471 3691 Act.
2493 3641 2543 3707 1,
2567 3658 2613 3691 c.
2644 3657 2737 3704 12,
2761 3640 2856 3694 uhi

1849 3716 2108 3769 assiduum
2131 3719 2357 3772 fortasse
2376 3718 2691 3785 delendum,
2716 3732 2853 3771 tam—

1850 3813 2009 3864 qnam
2041 3796 2204 3848 odiosi
2232 3797 2427 3866 glossa.
2456 3801 2627 3852 Etiam
2650 3797 2850 3851 Gellius

1846 3877 1916 3928 111
1925 3912 1944 3940 ,
1975 3892 2064 3944 19,
2091 3875 2301 3930 moleste
2320 3888 2477 3948 atque
2498 3877 2682 3930 odiose.

1905 3952 1955 4004 6.
1966 3953 2190 4022 Quam
2207 3955 2424 4007 minime
2436 3955 2848 4026 excludo.Quam

1845 4030 1982 4082 refer
2013 4030 2082 4082 ad
2114 4028 2373 4099 &pao-‘mua
2401 4036 2457 4086 in
2482 4052 2706 4104 genere,
2732 4052 2843 4086 non

1845 4108 1915 4242 aii
1933 4109 2092 4244 ginno.
2122 4114 2251 4170 Eam
2278 4115 2418 4170 enim
2445 4115 2729 4174 certissime
2754 4131 2844 4167 ex·

1845 4208 1873 4242 c
1898 4208 1931 4242 u
1989 4203 2027 4248 t.
