3200 5150
791 498 912 578 140

1346 497 1438 561 M.
1480 476 1726 561 FABn'
1745 494 2300 580 QmNTlLlANl

783 617 1005 690 Pollio
1032 617 1488 718 deprehendit
1508 619 1580 691 in
1606 619 1801 692 Livio
1825 622 2358 693 Patavinitatem
2377 631 2397 664 ¹
2415 675 2438 708 ,
2461 617 2623 692 licet
2645 619 2889 694 omnia

681 746 747 821 57
786 732 1021 805 Italica
1060 760 1186 832 pro
1226 734 1564 807 Romanis
1611 734 1937 807 habeam.
1999 735 2313 808 Plurima
2355 734 2625 808 Gallica
2665 735 2888 808 value-

788 869 987 938 runt,
1031 870 1109 921 ut
1131 848 1384 921 rheda²
1424 877 1501 922 ac
1534 848 2033 952 petorritqu
2071 878 2374 950 quorum
2406 850 2617 923 altero
2643 851 2887 924 Cicero

784 981 1022 1034 tamen
1047 1020 1067 1052 ,
1128 963 1338 1036 altero
1385 965 1713 1036 Horatius
1760 965 1994 1037 utitur.
2050 968 2138 1037 Et
2186 992 2515 1067 mappam
2565 992 2888 1065 quoque,

788 1076 1118 1149 usitatum
1157 1074 1389 1150 circo4
1418 1106 1722 1169 nomen,
1754 1079 1944 1152 Poeni
1974 1079 2105 1152 sibi
2154 1080 2549 1171 vindicant;
2592 1101 2659 1152 et
2696 1082 2887 1153 Gur-

866 1308 909 1342 1.
940 1289 1174 1343 Pollio...
1206 1293 1633 1346 Patavinitatem.
1658 1293 1792 1346 Vide

786 1370 928 1433 vm,
952 1386 995 1435 1,
1018 1369 1065 1421 3.
1089 1370 1221 1423 Satis
1240 1372 1423 1424 docuit
1441 1373 1793 1424 eruditissimo

788 1447 968 1500 libello
1014 1447 1081 1500 de
1128 1449 1228 1502 hac
1273 1446 1409 1504 Livii'
1451 1454 1794 1504 Patavinitate

787 1525 1125 1593 Morhosius,
1159 1528 1305 1581 nulla
1346 1530 1561 1601 quidem
1596 1531 1696 1582 alia
1737 1550 1793 1583 re

788 1608 1026 1677 potuisse
1049 1610 1308 1660 contineri
1329 1607 1435 1660 hoc
1457 1611 1668 1675 vitium,
1693 1611 1794 1661 nisi

790 1700 1031 1736 sermone
1069 1684 1419 1739 urbanitatem
1455 1688 1650 1753 γνησίως
1681 1690 1793 1740 Ro-

788 1780 997 1815 manam
1034 1782 1221 1836 parum
1256 1766 1560 1834 redolente,
1601 1767 1793 1819 frustra

789 1855 967 1894 autem
996 1862 1109 1895 esse
1138 1863 1321 1896 omnes
1351 1865 1475 1913 eos,
1510 1849 1599 1918 qui
1631 1845 1793 1899 hodie

787 1920 963 1975 labem
1008 1922 1146 1976 hanc
1190 1928 1246 1976 in
1292 1944 1497 1977 summo
1537 1925 1792 1977 historico

790 2000 1103 2054 subodorari
1131 2002 1231 2055 sibi
1261 2004 1553 2070 videantur,
1587 2004 1794 2071 0'42'70rou

788 2082 892 2153 ipsi
915 2094 969 2132 et
988 2080 1216 2134 barbari.
1242 2084 1411 2135 Etiam
1438 2082 1543 2134 hoc
1573 2082 1794 2154 pulchre

788 2160 1073 2234 persuadet
1101 2161 1295 2232 legenti
1322 2162 1657 2228 Morbosius,
1686 2183 1795 2214 non

791 2242 974 2311 utique
998 2243 1227 2293 caruisse
1254 2241 1447 2294 invidia
1472 2255 1523 2293 et
1550 2242 1794 2314 maligni-

789 2332 899 2371 tate
940 2323 1095 2371 istam
1131 2320 1381 2385 Pollionis
1423 2320 1795 2392 reprehensio-

789 2418 928 2452 nem.
955 2429 1027 2438 —-
1047 2401 1145 2451 Per
1167 2399 1574 2450 Patavinitatem
1599 2399 1795 2451 intelli-

788 2480 864 2548 git
892 2478 1284 2530 affectationem
1311 2477 1592 2548 qnamdam
1620 2481 1794 2529 muni-

790 2554 1013 2629 cipalem
1028 2555 1123 2626 (un
1138 2567 1315 2608 ace-ent
1324 2556 1667 2629 provincial),
1680 2575 1794 2629 quae

792 2654 1111 2727 quamquam
1138 2638 1325 2689 vitiosa
1352 2655 1461 2688 non
1491 2650 1601 2702 est,
1637 2656 1668 2688 a
1699 2655 1793 2706 ge-

789 2717 951 2766 nuina
988 2718 1243 2767 sermonis
1275 2718 1498 2768 Romani
1535 2715 1794 2786 elegantia

789 2793 1080 2846 desciscere
1101 2795 1322 2846 videtur.
1343 2797 1510 2847 Tun.

863 2890 911 2924 α.
933 2871 1166 2924 Rhoda...
1190 2874 1437 2926 Horatius
1453 2874 1634 2925 utitur.
1656 2873 1793 2925 Rhe-

790 2952 913 3003 dam
932 2970 1043 3004 non
1062 2971 1170 3004 uno
1196 2952 1316 3003 loco
1340 2953 1470 3004 dixit
1487 2954 1671 3005 Cicero
1685 2992 1701 3018 ,
1725 2953 1792 3004 de

793 3049 897 3102 qua
923 3048 979 3082 re
1008 3029 1364 3083 consulendus
1392 3031 1641 3084 Nizolius.
1674 3033 1792 3102 Ipse

790 3113 985 3163 Noster
1005 3114 1070 3176 V,
1102 3128 1191 3177 to,
1215 3110 1310 3176 50,
1335 3124 1591 3162 memorat
1614 3110 1793 3161 locum

789 3189 1116 3256 Miloniana,
1139 3209 1186 3241 c.
1220 3207 1309 3255 10,
1338 3189 1430 3240 ubi
1456 3188 1630 3241 rheda.
1656 3194 1795 3242 Vos-

792 3271 898 3320 sius
913 3272 968 3320 in
982 3269 1207 3342 Etymol.
1225 3282 1366 3321 recte
1379 3268 1587 3320 videtur
1599 3270 1794 3321 referre

789 3348 1000 3400 rhedam
1026 3347 1096 3399 ad
1118 3349 1499 3402 Germanorum
1521 3362 1572 3398 et
1591 3348 1794 3417 Anglo-

790 3445 905 3477 rum
925 3427 1079 3477 reiten
1094 3464 1112 3491 ‚
1136 3426 1258 3478 n‘de.
1284 3428 1531 3478 Horatius
1546 3427 1795 3497 petorrita

729 3511 733 3516 ’
789 3504 903 3569 bis,
940 3505 1135 3570 sat.‘1‚
1169 3505 1229 3571 6,
1271 3505 1397 3571 1043
1430 3507 1592 3577 Epist.
1633 3508 1702 3570 ΙΙ,
1748 3523 1792 3572 ι,

798 3601 912 3652 ¹92·
937 3584 1091 3634 Hanc'
1108 3601 1294 3634 vocem
1318 3586 1415 3635 etsi
1437 3584 1599 3636 Gallis
1627 3589 1793 3636 Varro

795 3680 1034 3733 quoque,
1054 3660 1274 3722 Gellius,
1294 3665 1407 3726 XV,
1430 3663 1516 3726 30,
1538 3676 1590 3714 et
1609 3665 1794 3714 Festus

790 3742 1085 3811 assignant,
1122 3755 1175 3793 et
1206 3740 1368 3794 habet
1400 3741 1581 3794 Gallus
1620 3744 1795 3792 Auso·

792 3823 938 3886 nius,
967 3822 1116 3891 Epist
1136 3821 1274 3886 xlv,
1307 3819 1364 3873 15
1382 3859 1397 3886 ,
1427 3834 1602 3873 tamen
1627 3823 1796 3872 mani-

790 3901 927 3951 festa
944 3898 1150 3950 videtur
1168 3901 1316 3970 origo
1337 3899 1404 3951 ab
1422 3899 1625 3950 AEolico
1643 3919 1682 3948 ο
1694 3896 1798 3950 ὄτο-

793 3997 861 4046 ρσς
878 3997 978 4050 pro
992 3975 1209 4046 ιτὸσσοιρσς
1222 4017 1238 4043 ,
1259 3993 1316 4030 ut
1329 3997 1427 4050 per
1444 3977 1796 4030 Massilienses

794 4059 849 4109 in
871 4056 1145 4109 Gallorum
1171 4057 1402 4127 linguam
1431 4057 1588 4108 fuerit
1617 4058 1797 4108 invec-

796 4148 925 4186 tum.
949 4135 1159 4207 Duplex
1179 4138 1224 4188 R
1246 4139 1461 4188 metrica
1485 4138 1798 4188 necessitate

1883 1308 1970 1347 tur
1992 1295 2196 1366 aliquot
2216 1294 2384 1348 Codd.
2411 1306 2594 1346 nostro
2617 1292 2740 1346 loco
2762 1292 2892 1346 dare

1880 1374 2158 1447 petoritum
2175 1393 2298 1426 cum
2311 1373 2487 1426 multis
2508 1372 2628 1424 edd.
2648 1371 2891 1444 Plerique

1884 1466 2061 1505 tamen
2084 1452 2253 1505 Codd.
2275 1455 2542 1523 geminant
2562 1453 2626 1503 R.

1947 1533 1996 1584 3.
2011 1533 2341 1584 Peter-ritum.
2355 1531 2644 1584 Admonuit
2653 1548 2737 1581 me
2750 1531 2895 1582 Butt-

1882 1629 2106 1663 mannus
2134 1614 2190 1663 in
2218 1612 2410 1663 Lenico
2440 1607 2642 1662 Celtico
2671 1609 2895 1661 inveniri

1883 1702 2194 1761 utrumque,
2219 1703 2271 1742 et
2296 1699 2498 1761 petoar,
2523 1690 2629 1739 sive
2659 1685 2892 1757 pedwar,

1885 1782 2141 1839 quatuor,
2179 1781 2231 1820 et
2269 1769 2365 1831 rit,
2404 1779 2555 1831 rota,
2597 1779 2655 1816 ut
2690 1768 2804 1836 jam
2840 1777 2897 1818 et

1885 1850 2033 1918 origo
2062 1866 2158 1900 sua
2185 1845 2386 1899 Gallica
2419 1859 2472 1898 et
2506 1846 2770 1916 geminata
2801 1843 2894 1896 lit-

1884 1939 1996 1978 tera
2014 1927 2059 1977 R
2073 1938 2318 1978 constent
2333 1923 2614 1976 vocabulo.
2638 1922 2785 1975 Idem
2797 1942 2895 1976 ve-

1883 2024 1943 2056 ro
1979 2018 2191 2078 etymon
2224 2006 2336 2076 ipse
2370 2003 2604 2056 Bulletus
2637 2015 2805 2054 tentat
2837 2004 2896 2055 in

1882 2083 2044 2136 verbo
2057 2084 2380 2156 petorritum.
2393 2084 2471 2137 Sr-
2487 2082 2703 2137 inPraef.
2709 2101 2790 2153 ,p.
2806 2081 2892 2152 76.

1955 2164 2005 2230 4.
2034 2164 2268 2235 Quoque,
2288 2163 2534 2215 usitatum
2551 2162 2701 2213 circe.
2714 2160 2892 2214 Guelf.

1884 2261 2090 2315 quoque
2106 2256 2233 2314 post
2249 2242 2381 2294 circo
2401 2243 2659 2332 ponit-,in
2678 2258 2785 2311 quo
2805 2238 2899 2292 ha·

1885 2321 1974 2372 bet
1996 2323 2200 2372 socium
2217 2325 2372 2373 Voss.
2402 2339 2447 2387 ι,
2472 2322 2568 2372 etsi
2590 2333 2897 2392 corruptam

1886 2399 2084 2470 alioqui
2104 2401 2416 2470 scripturam
2432 2396 2782 2450 exhibentem.
2799 2400 2898 2450 Mi-

1883 2478 1940 2531 hi
1987 2477 2199 2549 quidem
2244 2480 2343 2530 ista
2389 2476 2673 2530 collocatio
2715 2477 2897 2550 placet

1883 2578 1989 2632 prae
2013 2570 2243 2630 recepta.
2271 2557 2399 2610 Aliis
2423 2556 2582 2609 rebus
2607 2568 2795 2628 praeter
2819 2556 2897 2608 lu-

1884 2638 1982 2689 dos
2001 2640 2300 2702 Circenses,
2324 2651 2384 2688 ut
2408 2639 2630 2702 mensis,
2651 2638 2898 2689 inservie-

1884 2717 1974 2769 bat
1991 2736 2200 2789 mappa,
2219 2717 2311 2767 ubi
2326 2735 2531 2789 quoque
2544 2715 2723 2767 locum
2738 2733 2897 2768 suum

1882 2796 2019 2849 bene
2043 2810 2235 2848 tuetur.
2267 2800 2325 2848 In
2350 2810 2561 2868 recepta
2587 2794 2731 2846 dicas
2757 2811 2895 2866 prae·

1884 2878 2102 2928 cessis'se
2126 2879 2238 2946 jam
2264 2889 2422 2927 voces
2451 2873 2686 2946 aliquas,
2720 2876 2894 2927 Ptenis

1883 2954 2240 3007 vindicandas.
2283 2985 2358 2994 -
2392 2955 2648 3026 Μαρραηι
2686 2971 2897 3026 quoque

1882 3034 2127 3086 usitatum
2148 3033 2297 3085 circo.
2319 3035 2379 3085 R.
2405 3032 2455 3098 5,
2476 3035 2731 3104 Mappam
2756 3031 2894 3083 circo

1882 3115 2384 3186 quoque-R.1,et
2412 3113 2604 3176 Canu,
2632 3111 2896 3181 Mappnm
3005 3125 3018 3135 ·

1888 3193 2058 3243 Cicero
2080 3205 2301 3263 quoque.
2327 3188 2567 3242 Tandem
2589 3191 2650 3241 R.
2683 3207 2740 3255 2,
2764 3190 2894 3239 Μα-

1879 3269 2026 3342 ραὶἱα
2045 3288 2265 3342 quoque.
2287 3270 2352 3319 Et
2372 3267 2470 3319 has
2483 3269 2760 3319 varietates
2779 3285 2896 3320 non

1882 3351 2086 3401 notavit
2110 3335 2446 3419 SpaldingAE
2451 3364 2497 3398 n.
2531 3347 2889 3418 -Illappanm

1883 3432 2050 3482 Usum
2090 3430 2144 3480 in
2188 3431 2348 3479 circo.
2383 3425 2517 3479 Vide
2547 3424 2697 3495 apud
2743 3426 2889 3479 Suet.

1884 3511 2006 3560 Ner.
2021 3546 2037 3573 ,
2053 3527 2099 3558 c.
2121 3524 2201 3558 22.
2220 3508 2427 3574 Quum
2411 3523 2469 3557 m
2483 3505 2893 3575 Megalesiorum

1884 3585 2021 3638 ludis
2045 3597 2295 3656 usurpata
2321 3601 2535 3655 quoque
2557 3584 2716 3635 fuerit
2738 3600 2891 3653 map-

1880 3684 1971 3737 pa,
1987 3664 2106 3716 vide
2127 3662 2367 3715 Juvenal.
2389 3664 2478 3726 XI,
2506 3678 2623 3731 191,
2643 3678 2748 3713 una
2766 3679 2893 3712 cum

1886 3746 2046 3796 sacris
2083 3743 2369 3814 peregrinis
2401 3740 2609 3793 videtur
2638 3739 2891 3804 advecta,

1889 3841 1994 3893 quo
2028 3823 2198 3872 minus
2231 3820 2389 3872 fidem
2421 3821 2650 3870 inveniat
2677 3819 2892 3870 Cassio-

1887 3899 2049 3951 dorus
2074 3899 2238 3950 seculi
2261 3900 2392 3951 sexti
2411 3901 2654 3970 scriptor,
2672 3913 2890 3949 narrans

1887 3979 2040 4032 avido
2070 3978 2317 4030 ludorum
2345 3977 2754 4049 spectandorum
2787 3993 2890 4047 po-

1887 4058 2016 4130 pulo
2027 4096 2045 4124 ,
2062 4077 2225 4129 quum
2238 4057 2445 4128 long-ius
2459 4058 2740 4129 protractis
2755 4073 2890 4126 epu-

1887 4137 1950 4190 lis
1981 4150 2216 4188 moratus
2248 4154 2341 4188 eos
2368 4150 2503 4190 esset
2532 4138 2708 4202 Nero,
2737 4151 2892 4204 map-

794 4216 975 4286 posuit
994 4214 1219 4267 fortasse
1248 4216 1510 4267 Horatius.
1539 4216 1605 4269 Et
1624 4213 1802 4269 viden·
1883 4233 2010 4289 pam
2055 4219 2169 4288 ejus
2201 4216 2363 4270 fuisse
2398 4217 2723 4287 projectam,
2753 4225 2888 4265 tam·
