3200 5150
880 438 1008 507 250
1444 439 1537 506 M.
1576 438 1804 505 FAnn
1839 436 2393 523 QmN'rlmAm

776 569 843 639 ¹4
875 561 1059 634 Nam
1092 586 1221 634 nec
1250 587 1378 661 ego
1402 573 1423 606 ¹
1462 558 1783 636 consumi
1812 560 2208 635 studentem
2241 561 2314 634 in
2343 559 2451 634 his
2480 559 2742 634 artibus
2770 561 2952 636 volo:

872 700 1006 748 nec
1047 675 1518 765 modulemr²,
1569 697 1690 747 aut
1739 674 2296 754 musici5.modis
2335 675 2606 748 cantica
2646 677 2954 776 excipiat,

870 816 1003 862 nec
1042 790 1282 888 utique
1315 790 1405 863 ad
1446 788 1913 868 minutissima
1949 790 2343 889 geometriae
2366 789 2394 835 ³
2435 817 2645 889 opera
2683 791 2957 865 descen·

866 905 1011 978 dat.
1048 907 1208 978 Non
1241 904 1636 978 comoedum
1681 904 1754 977 in
1796 905 2331 1004 pronunciando
2354 961 2374 994 ,
2415 932 2545 977 nec
2580 904 2954 980 saltatorem

872 1019 947 1092 in
984 1041 1180 1119 gestu
1217 1021 1438 1110 facio,
1472 1046 1629 1121 quoe
1666 1021 1722 1092 si
1755 1020 1996 1094 omnia
2023 1021 2366 1121 exigerem
2386 1075 2407 1111 ,
2440 1018 2959 1120 suppeditabat4

870 1156 1111 1209 tamen
1163 1157 1487 1238 ternpus3
1530 1138 1743 1238 longa
1784 1159 1885 1212 est
1923 1139 2156 1230 enim,
2188 1165 2344 1239 quae
2387 1135 2626 1226 discit,
2672 1155 2866 1228 aetas,
2903 1155 2962 1211 et

866 1305 971 1358 vol.
998 1306 1070 1373 11,
1094 1324 1149 1378 p.
1174 1324 1297 1377 ²99·
1327 1307 1417 1361 Est
1447 1321 1625 1360 tamen
1651 1306 1872 1361 subsidia

864 1385 921 1436 in
942 1385 1087 1437 Jens.
1110 1384 1295 1456 (quam
1314 1387 1586 1440 successiva
1605 1385 1731 1440 dare
1751 1404 1871 1439 nar-

863 1475 946 1513 rat
980 1462 1164 1535 Gesn.)
1199 1466 1335 1516 sicut
1368 1467 1423 1517 in
1460 1464 1707 1517 omnibus
1739 1466 1869 1517 meis

860 1553 986 1593 ante
1017 1541 1136 1593 ΔΜ.
1172 1544 1435 1615 Deinceps
1466 1541 1573 1595 hoc
1607 1545 1870 1595 revocavit

856 1620 1152 1694 GryphiuS,
1174 1622 1347 1676 donec
1369 1642 1551 1677 verum
1572 1627 1869 1676 restitueret

858 1700 1175 1757 Obrechtus.
1211 1703 1315 1756 Sed
1340 1703 1581 1756 Rouinus
1610 1717 1661 1757 et
1689 1706 1863 1756 Burm.

858 1779 1095 1832 subsidia.
1131 1783 1304 1834 snm.
1331 1782 1565 1848 Praefat.,
1597 1801 1651 1853 p.
1680 1782 1765 1834 80.
1794 1809 1871 1821 -

858 1858 921 1910 R.
942 1877 968 1910 2
983 1895 1000 1924 ,
1020 1860 1081 1925 4,
1097 1859 1128 1911 5
1145 1874 1197 1912 et
1211 1861 1370 1914 Cane.
1387 1859 1588 1912 habent
1599 1859 1863 1912 subcisiva.

858 1940 928 1990 At
951 1940 1012 1991 R.
1046 1957 1093 2004 1,
1115 1941 1234 1992 Cn».
1260 1953 1311 1992 et
1335 1940 1417 1993 ed.
1440 1939 1602 1993 Hack.
1625 1938 1862 1992 subsidia.

856 2016 1017 2086 Quod
1052 2017 1304 2070 damnant
1338 2037 1519 2071 omnes
1552 2019 1735 2070 critici.
1768 2019 1862 2070 En.

857 2123 931 2136 --
958 2095 1117 2149 Velut
1134 2097 1405 2150 subseciva.
1438 2096 1622 2160 Velut,
1649 2112 1864 2167 compa-

856 2176 1075 2227 rationis
1108 2175 1299 2239 imlex,
1329 2172 1508 2226 locum
1541 2191 1696 2224 suum
1728 2173 1863 2225 bene

856 2266 1053 2319 tuetur,
1076 2255 1120 2306 si
1141 2254 1472 2306 meminimus
1492 2269 1688 2303 nomen
1707 2250 1866 2302 subse-

853 2331 1085 2382 civorum
1106 2329 1209 2401 (vel
1226 2328 1587 2383 succisivomm
1598 2367 1616 2394 ,
1634 2329 1751 2381 vide
1770 2331 1865 2381 ini-

854 2412 985 2461 tium
1004 2410 1164 2480 notae)
1182 2411 1455 2481 proprium
1479 2427 1592 2460 esse
1618 2425 1864 2478 agrorum

1962 1325 2023 1360 ea
2042 1309 2097 1360 in
2116 1305 2286 1361 Codd.
2312 1320 2372 1360 ut
2398 1303 2612 1378 quidem
2633 1302 2844 1358 videtur
2863 1323 2958 1357 om·

1955 1387 2143 1456 nibus,
2184 1400 2373 1459 proeter
2412 1387 2587 1441 Guelf.
2619 1390 2775 1438 Voss.
2825 1402 2869 1453 1,
2902 1387 2962 1453 3,

1957 1469 2109 1520 Rem.
2132 1468 2327 1520 Joann.
2357 1468 2402 1518 si
2429 1464 2591 1518 modo
2621 1463 2754 1517 nihil
2777 1482 2960 1537 pecca-

1955 1547 2158 1611 vimus,
2184 1557 2450 1616 quotquot
2480 1543 2647 1596 hosce
2671 1542 2850 1601 codd.
2883 1545 2960 1594 in-

1957 1628 2240 1696 speximus.
2275 1624 2408 1678 Edd.
2441 1623 2645 1676 habent
2673 1623 2813 1676 notis
2841 1640 2959 1675 mete

1956 1718 2079 1757 ante
2115 1702 2314 1778 Gryph.
2355 1721 2570 1768 omnes,
2610 1715 2664 1755 et
2704 1703 2961 1754 revocavit
3035 1740 3040 1745 .

1954 1782 2084 1837 Obr.
2109 1785 2334 1853 Neque
2313 1801 2426 1854 jam
2449 1780 2637 1832 dubito
2664 1783 2796 1852 quin
2817 1782 2964 1833 veris·

1956 1862 2086 1912 sima
2110 1864 2176 1912 sit
2198 1859 2310 1911 hoec
2337 1862 2624 1951 scriptura,
2645 1876 2961 1930 quamquam

1955 1939 2024 1992 ad
2046 1939 2363 1992 hodiernum
2387 1941 2463 1990 rei
2487 1956 2684 1990 nomen
2703 1940 2841 1990 miro
2861 1957 2964 1989 mo-

1954 2017 2024 2070 do
2045 2016 2267 2070 accedit.
2287 2019 2467 2085 Quum
2486 2028 2660 2067 tamen
2683 2017 2835 2086 signa
2858 2018 2963 2088 ipsa

1954 2115 2208 2149 sonorum
2221 2096 2483 2148 veteribus
2500 2095 2839 2166 frequentata
2857 2114 2963 2148 esse

1954 2188 2162 2227 constet
2176 2213 2194 2241 ,
2219 2174 2412 2245 quibus
2441 2174 2640 2226 litteras
2655 2212 2673 2242 ,
2696 2177 2846 2227 varie
2874 2177 2965 2227 im-

1953 2268 2210 2321 mutatas„
2235 2253 2588 2320 adhibebant,
2610 2253 2801 2326 quidni
2823 2255 2962 2327 prius

1952 2337 2109 2385 etiam
2124 2372 2141 2400 ,
2167 2351 2326 2405 quam
2347 2332 2506 2404 vulgo
2532 2333 2789 2400 creditur,
2813 2343 2965 2385 nota-

1954 2431 2069 2464 rum
2081 2432 2276 2465 nomen
2287 2426 2600 2484 usurpatum
2609 2412 2963 2484 fuerit?quum

854 2488 1312 2542 dimetiendorum.
1329 2487 1463 2540 Vide
1487 2487 1669 2539 letica.

931 2589 975 2624 1.
995 2571 1109 2625 Nec
1121 2589 1232 2644 eqo.
1250 2567 1424 2624 Guelf.
1443 2587 1547 2620 non
1568 2586 1679 2641 eqo.
1696 2565 1856 2621 Goth.
1949 2571 2117 2641 ignoti
2139 2570 2219 2623 vel
2244 2569 2456 2622 obscuri
2473 2609 2489 2637 ‚
2515 2571 2720 2623 etiamsi
2744 2571 2964 2640 Quinti-

850 2648 984 2719 (tnc.
1004 2648 1201 2719 Gesn.)
1222 2668 1287 2700 ne
1308 2657 1420 2722 eqo.
1436 2646 1570 2700 Vide
1590 2661 1773 2701 notam
1792 2646 1861 2698 ad
1945 2650 2120 2703 lianus
2136 2652 2338 2723 primus
2357 2649 2605 2703 hocloco
2627 2653 2703 2703 sic
2723 2664 2965 2704 uteretur

851 2730 903 2794 1,
928 2726 989 2795 5,
1013 2728 1109 2796 39,
1134 2747 1200 2779 ne
1224 2727 1319 2780 hoc
1334 2726 1486 2799 fecit.
1947 2730 2209 2783 vocabulo
2225 2769 2242 2798 ,
2272 2730 2472 2783 addens
2495 2729 2734 2796 musicis,
2764 2749 2881 2802 quo
2908 2729 2965 2781 fit

925 2824 973 2859 2.
1007 2805 1329 2871 Moduletur,
1364 2816 1471 2857 aut.
1507 2805 1682 2858 Guelf.
1712 2802 1852 2856 mod.
1947 2810 2253 2862 manifestus
2279 2828 2482 2862 sensus.
2501 2808 2623 2862 Vid.
2650 2810 2892 2880 cangius
2914 2810 2965 2859 in

848 2894 928 2947 εἰς
946 2884 1165 2951 eodem,
1188 2887 1290 2937 nisi
1314 2884 1488 2950 fallor,
1511 2903 1696 2947 sensu3
1722 2882 1856 2935 diffi·
1939 2891 2114 2943 Gloss
2143 2889 2282 2942 med.
2305 2902 2362 2941 ot
2388 2891 2483 2942 inf.
2512 2891 2629 2942 Lat.
2658 2907 2802 2942 voce
2835 2898 2962 2941 notu

848 2966 999 3019 cilius
1020 2966 1283 3037 explicatu
1305 2965 1450 3035 quod
1468 2964 1595 3016 dant
1614 2962 1776 3016 Goth.
1801 2977 1854 3016 et
1941 2968 2177 3022 secundo
2211 2968 2351 3020 loco.
2384 2970 2558 3022 Sum
2593 2969 2743 3020 Praef
2783 2989 2841 3041 p.
2876 2969 2958 3020 80.

847 3049 999 3098 Voss.
1021 3065 1049 3099 a
1066 3057 1141 3097 ut.
1156 3047 1414 3099 Ceterum
1426 3043 1655 3115 gaudeo,
1675 3062 1704 3095 a
1724 3045 1851 3096 meis
1937 3078 2012 3091 --
2032 3052 2094 3103 R.
2130 3048 2597 3115 1‚5‚Cnn³.‚aut
2618 3049 2835 3102 musicis
2861 3065 2959 3099 no-

846 3125 1015 3178 codd.
1043 3126 1226 3178 abesse
1247 3126 1393 3197 quod
1408 3124 1562 3177 multi
1579 3124 1778 3177 habent
1798 3137 1852 3175 et
1939 3129 2017 3181 tis.
2046 3157 2120 3169 --
2145 3126 2508 3179 Moduletur...
2549 3126 2799 3199 excipiat.
2840 3129 2884 3179 1.
2915 3145 2963 3178 e.

846 3207 959 3275 ipse
976 3222 1192 3276 quoque
1208 3207 1417 3258 Turic.:
1445 3203 1602 3268 notak,
1625 3222 1724 3276 pro
1745 3221 1851 3254 mo-
1939 3227 2112 3279 neque
2147 3210 2260 3278 ipse
2298 3220 2480 3273 canat,
2514 3225 2687 3277 neque
2722 3207 2960 3269 aliorum

845 3283 949 3349 dis,
971 3286 1234 3355 mirorque
1252 3288 1404 3336 Voss‚
1428 3300 1455 3335 2
1479 3286 1758 3335 memorari
1776 3285 1852 3335 in·-
1940 3302 2154 3340 cantum
2195 3286 2387 3339 fidibus
2429 3300 2815 3358 prosequatur.
2865 3284 2970 3340 Sed

846 3376 928 3414 ter
945 3382 1056 3428 eos,
1071 3367 1161 3435 qui
1180 3365 1307 3415 dent
1326 3363 1486 3428 notis,
1508 3381 1674 3433 quum
1686 3361 1847 3415 Goth.
1937 3366 2057 3419 vide
2081 3379 2263 3418 notam
2287 3367 2630 3437 superiorem.

845 3442 1087 3514 praeferat
1126 3443 1307 3495 modis·
1349 3441 1484 3493 Illud
1522 3445 1848 3495 Burmannus
2013 3446 2063 3498 3.
2105 3444 2459 3497 Minutissima
2493 3455 2744 3517 geometr.
2783 3446 2973 3498 Tur-ic.

846 3524 1005 3574 refert
1025 3522 1093 3574 ad
1113 3522 1448 3574 scribendum
1469 3541 1556 3589 ea,
1583 3542 1697 3595 quie
1717 3523 1849 3575 alius
1939 3526 2122 3578 inserit
2143 3542 2303 3597 usque
2320 3543 2444 3575 cum
2460 3520 2610 3576 Bodl.
2632 3524 2781 3577 Alm.
2807 3527 2968 3576 Bern.

844 3615 1052 3669 cantet,
1075 3604 1312 3663 cantic23
1334 3619 1519 3653 vereor
1541 3613 1599 3651 ut
1624 3603 1849 3672 antiqui-
1941 3603 2024 3657 ed.
2050 3602 2211 3656 Andr.
2241 3614 2293 3655 et
2315 3604 2445 3653 meis
2475 3617 2597 3654 ante
2627 3603 2748 3654 Bas.
2785 3604 2970 3654 omni-

844 3684 965 3734 tntis
988 3700 1115 3733 usus
1136 3682 1385 3754 patiatur.
1408 3709 1481 3720 --
1502 3681 1714 3733 Musicis
1739 3699 1852 3732 mo-

843 3761 936 3814 dis.
985 3762 1119 3814 Mira
1168 3763 1224 3813 in
1272 3759 1374 3813 hac
1422 3778 1554 3812 voce
1605 3778 1720 3812 sors
1771 3773 1850 3812 est

842 3842 1225 3894 conferentium
1245 3839 1497 3893 codicem
1519 3838 1845 3892 Gothanum.

840 3921 1020 3988 Quum
1043 3922 1185 3973 enim
1206 3920 1467 3972 Gesner-us
1491 3920 1850 3990 praetermisis-

842 4013 921 4051 set
936 4001 1071 4052 notis
1083 4003 1135 4052 in
1150 4002 1254 4051 isto
1269 3998 1405 4051 libro
1416 4036 1433 4065 ,
1446 3999 1680 4051 monitus
1695 4011 1848 4070 post-
2010 4000 2059 4066 4.
2093 3998 2485 4072 Suppeditabat.
2511 3995 2676 4051 Goth.
2701 3995 2974 4068 (tacente

841 4095 904 4128 ea
933 4077 1000 4129 ab
1024 4078 1380 4149 Heusingem,
1404 4096 1470 4131 ne
1492 4080 1608 4150 ipse
1634 4077 1848 4150 quiden
1936 4081 2124 4152 Gesn.)
2154 4078 2528 4151 suppeditabit,
2563 4097 2688 4131 cum
2725 4082 2908 4132 Voss,
2947 4094 2974 4129 a

842 4156 1215 4213 attenditfflam
1224 4161 1552 4233 scripturam.
1565 4160 1657 4214 Est
1665 4172 1845 4213 autem
1939 4173 1993 4214 et
2014 4159 2096 4215 ed.
2121 4157 2285 4217 Andr.
2299 4179 2326 4215 ε,
2342 4157 2494 4211 male.

1948 2493 2238 2563 praesertim
2285 2490 2416 2544 nihil
2464 2489 2776 2544 habiturum
2836 2501 2970 2544 esset

1940 3684 2058 3735 bus.
2079 3685 2276 3733 Verum
2301 3679 2477 3733 credo.
2500 3680 2675 3733 Guelf.
2698 3694 2975 3754 transpo-

1939 3765 2018 3814 nit
2039 3760 2197 3812 verba
2227 3760 2409 3833 utique
2431 3758 2501 3810 ad
2522 3759 2713 3810 minut.
2748 3762 2837 3812 sic
2859 3782 2874 3811 ε
2905 3758 2974 3809 ad

1938 3841 2127 3891 minut.
2158 3841 2370 3911 utique,
2400 3855 2506 3909 qua
2533 3841 2748 3891 ratione
2785 3840 2978 3913 potuit

1939 3919 2177 3974 excidere
2201 3939 2374 3993 usque.
