3200 5150
2 1695 35 1758 ..ff
9 1632 40 1659 ,Ξ

0 1790 38 2385 G-Wla’flt'fflassfi

0 2425 33 3679 acu-nwwztnnvswatffinwuu

685 488 1334 585 INSTITUTIQNIS
1369 494 1627 559 ORAT.
1666 492 1826 560 LIB.
1868 494 1965 575 11,
2012 497 2112 562 15.

2313 484 2447 579 345

365 628 494 685 tem
540 615 953 691 adulationis
978 632 994 662 ¹
1017 649 1044 703 ;
1085 617 1275 718 quod
1319 618 1487 690 duas
1532 639 1759 718 partes
1800 618 2133 692 civilitatis
2170 620 2438 721 corpori
2522 702 2527 709 ι

361 728 680 828 assignet,
717 732 1160 821 medicinam,
1198 755 1266 806 et
1297 759 1511 831 quam
1546 732 2082 832 interpretantur
2110 746 2444 808 exercita-

361 849 590 916 tricem
603 859 656 933 ²,
686 846 858 918 duas
887 846 1163 935 animo,
1204 845 1523 946 leyalem,
1559 867 1767 946 atque
1782 851 2162 947 justitiam,
2200 847 2439 920 adula-

358 962 606 1031 tionem
634 981 868 1033 autem
898 962 1283 1049 medicinae,
1313 981 1510 1032 vocet
1534 985 1917 1060 coquorum
1945 961 2348 1049 artificium3
2375 981 2442 1032 et

355 1081 874 1163 exercitatricis,
911 1102 1366 1176 manqonum,
1395 1076 1517 1173 qui
1551 1074 1854 1148 colorem
1880 1078 2077 1164 fuc0,
2108 1096 2175 1148 et
2194 1101 2439 1147 verum

351 1187 564 1260 robur
595 1189 786 1262 inani
820 1191 1058 1288 sagina
1084 1190 1563 1279 ‘mentiantur3
1602 1189 1870 1291 leqalis,
1912 1189 2440 1274 cavillatricem;

332 1305 647 1404 justitiae,
677 1303 1079 1378 rhetoricen.
1117 1306 1297 1397 Quae
1325 1304 1565 1377 omnia
1589 1327 1755 1376 sunt
1776 1306 2063 1406 quidem
2089 1304 2335 1403 sc‘ripta
2362 1303 2435 1375 in
2477 1319 2546 1372 26

346 1413 482 1489 hoc
523 1415 702 1489 libro
725 1473 745 1507 ,
790 1418 1107 1520 dictaque
1155 1447 1195 1492 a
1235 1420 1509 1491 Socrate
1533 1474 1553 1507 ,
1587 1419 1797 1519 ⁷cujus
1840 1445 2134 1519 persona
2171 1419 2441 1491 videtur

346 1530 542 1603 Plato
567 1531 952 1630 significare
983 1533 1151 1631 quid
1186 1533 1465 1621 sentiat3
1493 1532 1615 1604 sed
1648 1531 1764 1603 alii
1796 1553 1958 1604 sunt
1989 1531 2138 1632 ejus
2170 1559 2439 1605 sermo-
2470 1584 2479 1597 -

347 1672 474 1719 nes
511 1648 598 1720 ad
632 1649 1143 1748 coarguendoS,
1177 1650 1299 1751 qui
1336 1670 1576 1722 contra
1614 1648 2001 1748 disputant,
2037 1649 2437 1749 compositi,

346 1760 908 1862 quos,tic-pevne'en'ac3
934 1786 1212 1855 vocant,
1241 1764 1358 1835 alii
1385 1764 1473 1836 ad
1496 1763 2078 1863 praecipiendum,
2102 1763 2224 1862 qui
2248 1773 2443 1852 δογμα-

344 1892 484 1948 τικοὶ
516 1880 975 1979 appellantur.
1013 1880 1321 1952 Socrates
1353 1900 1586 1951 autem
1608 1936 1626 1969 ,
1662 1904 1783 1951 seu
1822 1878 2052 1967 Plato,
2088 1906 2243 1950 eam
2273 1880 2438 1978 qui·
2477 1914 2543 1967 27

345 1993 547 2083 dem,
582 2022 738 2095 quae
770 2015 923 2066 tum
958 1993 1422 2081 exercebatur,
1463 1992 1845 2066 rhetoricen
1885 1993 2095 2065 talem
2135 1994 2436 2092 putavit,

341 2135 517 2181 nam
554 2130 620 2180 et
654 2108 817 2181 dicit
845 2109 953 2181 hls
985 2109 1207 2181 Verbis
1240 2106 1468 2178 τοῦτονῖὓ
1493 2120 1582 2179 τὸν
1603 2123 1828 2199 τρόπον,
1860 2120 1918 2177 ὃν
1936 2122 2073 2198 ὑμεῖς
2092 2123 2434 2179 πολιτεύεσθε·

341 2245 411 2296 et
444 2242 682 2295 veram
700 2220 729 2268 5
758 2244 994 2296 autem
1028 2246 1096 2295 et
1119 2224 1485 2296 honestam
1512 2222 1864 2322 intelligit:
1894 2223 2122 2323 itaque
2149 2223 2441 2321 disputa·

338 2338 440 2410 tio
472 2336 594 2409 illa
623 2359 859 2410 contra
883 2338 1218 2438 Gorgiam
1247 2337 1340 2409 ita
1367 2336 1738 2425 clauditur,
1762 2350 1946 2406 οὐκοῦν

1959 2334 1991 2380 6
2020 2351 2214 2425 ἀνάγκη
2237 2347 2325 2405 τὸν
2342 2349 2439 2426 ῥη-

337 2466 550 2546 τορικὸν
585 2464 782 2524 δίκαιον
818 2462 946 2525 εἶναι
964 2509 982 2542 ‚
1018 2468 1109 2526 τὸν
1144 2464 1198 2525 δὲ
1233 2464 1429 2524 δίκαιον
1465 2466 1734 2525 Βούλοσθαι
1764 2463 1937 2522 δίκαια
1963 2466 2280 2543 πράσσεινῚ.
2327 2453 2438 2525 Ad

336 2623 623 2680 Civilitatis
632 2625 916 2695 particuloe.
934 2627 1243 2679 Civilitatem
1259 2645 1349 2698 ap-

328 2704 508 2777 pellat
522 2704 768 2774 politicen
781 2743 796 2770 ,
815 2724 930 2776 quoe
945 2706 1155 2777 quidem
1169 2720 1248 2759 est
1262 2725 1346 2758 ars

327 2784 479 2835 bene
505 2782 884 2835 constituendae
909 2798 961 2836 et
984 2784 1221 2855 regendae
1245 2786 1349 2835 rei-

328 2861 589 2934 publicae.
627 2863 805 2915 Partes
848 2866 960 2934 ejus
1003 2876 1126 2929 sunt
1162 2863 1345 2933 legalis

324 2941 450 3014 (jus
475 2941 738 3012 privatum
761 2953 814 2993 et
837 2941 1140 3013 publicum)
1164 2955 1216 2994 et
1228 2945 1346 3013 jus-

326 3022 474 3072 titia.
524 3020 789 3071 Justitiam
826 3038 986 3091 porro
1023 3022 1078 3070 in
1114 3022 1345 3091 speciem

326 3097 620 3153 aemulatur
641 3096 919 3149 rhetorica.
939 3100 1104 3150 Tun.

402 3195 425 3230 ι
440 3216 453 3230 .
471 3179 681 3228 Partem
694 3176 1026 3229 adulationis.
1038 3173 1344 3230 Kanelate...

315 3253 510 3324 μόριον.
528 3254 648 3322 466.
666 3258 728 3308 Δ.
746 3255 999 3308 Cat-terum
1015 3255 1104 3307 illa
1123 3254 1190 3307 de
1212 3273 1345 3326 qua-

321 3349 461 3389 tuor
484 3334 725 3407 partibas
750 3334 1037 3400 civilitatis,
1059 3351 1344 3404 earumque

323 3416 634 3469 simulacris
671 3416 738 3468 ab
775 3415 1079 3469 adulatione
1120 3415 1345 3480 effictis,

315 3496 581 3564 longiora
612 3513 770 3566 quam
799 3515 913 3568 quae
940 3494 1028 3548 hic
1058 3506 1346 3567 ponantur,

312 3572 545 3647 juvabit
603 3572 773 3643 legere
833 3575 973 3646 apud
1030 3574 1300 3626 Platonem
1326 3612 1342 3639 ‚

316 3672 381 3726 p.
412 3650 526 3716 464
551 3652 665 3702 Β....
693 3652 794 3718 465
819 3658 907 3720 E.,
927 3667 988 3706 ut
1004 3657 1265 3722 integrum
1284 3653 1342 3704 il-

315 3733 446 3786 lum
503 3734 984 3799 praestantissimum
1034 3732 1300 3804 dialogum
1326 3769 1344 3797 ,

315 3810 552 3878 Gorgia
593 3813 806 3864 nomine
851 3814 1176 3884 inscriptum.
1221 3814 1342 3864 Haec

312 3889 614 3945 Platonica
630 3890 849 3943 totidem
861 3910 1030 3963 prope
1044 3892 1216 3944 verbis
1231 3892 1344 3944 red-

313 3970 406 4023 dit
445 3969 762 4024 Ammianus
794 3969 1127 4024 Marcellinus
1163 3972 1344 4037 XXX,

313 4049 356 4117 4
384 4070 400 4098 z
456 4068 483 4093 «ι
506 4045 764 4105 civilitatis
800 4047 1066 4119 particula
1103 4047 1344 4118 umbram

320 4150 350 4174 ο
372 4125 472 4178 vel
494 4123 810 4179 adulationis
824 4138 1027 4198 partem
1043 4139 1295 4196 quartam.
1314 4150 1337 4176 n

329 4211 338 4216 '
401 4221 458 4258 2.
491 4204 922 4260 Exercitatrioem.
944 4206 1006 4262 R.
1035 4220 1056 4257 ι
1082 4217 1135 4257 et
1153 4206 1344 4272 cium,

1433 2624 1863 2676 exercitationem.
1875 2626 2075 2676 Forsan
2090 2644 2119 2675 e
2133 2624 2326 2694 glossa.
2342 2625 2436 2677 En.

1505 2704 1555 2755 3.
1565 2701 1896 2769 Ἑληντικούς.
1909 2704 2079 2756 Hodie
2093 2706 2148 2756 in
2160 2703 2304 2756 libris
2319 2723 2440 2756 nos-

1435 2783 1525 2833 tris
1534 2782 1756 2851 Gorgias
1772 2782 2073 2834 inscribitur
2086 2779 2435 2849 armna-mdc.

1503 2861 1554 2927 4.
1578 2861 1806 2913 Τοῦτον...
1830 2858 2146 2913 σολντιᾶισῦι.
2171 2864 2227 2913 Ρ.
2254 2860 2356 2914 500
2376 2864 2434 2916 C.

1503 2938 1554 2992 5.
1597 2940 1672 2992 Et
1713 2958 1902 2992 veram.
1945 2941 2118 3000 Guelf.
2166 2955 2219 2994 et
2257 2944 2434 2995 Turic.

1435 3021 1683 3072 omittunt
1701 3021 1800 3085 Et,
1818 3039 1941 3072 cum
1958 3035 2082 3073 vett.
2106 3020 2225 3073 edd.
2249 3036 2302 3074 et
2321 3041 2438 3073 om-

1433 3097 1589 3150 nibus
1631 3097 1799 3151 Codd.
1843 3114 2033 3169 preter
2070 3099 2230 3152 Goth.
2275 3100 2438 3170 Quod

1434 3175 1554 3229 edd.
1573 3174 1772 3229 habent
1786 3177 1960 3230 multoe
1976 3181 2090 3247 ejus
2111 3178 2231 3230 loco
2244 3216 2261 3240 ,
2280 3179 2434 3242 Non,

1435 3258 1747 3309 auctoritate
1780 3269 1923 3309 caret
1953 3271 2008 3310 et
2035 3275 2193 3309 sensu
2219 3256 2433 3310 idoneo.

1432 3336 1532 3398 Et,
1560 3336 1603 3386 si
1627 3348 1706 3387 est
1723 3336 1930 3400 Etiam,
1953 3337 2108 3387 unice
2133 3353 2438 3400 accommo-

1433 3411 1618 3465 datum
1653 3413 1792 3465 loco.
1836 3413 1937 3468 Sed
1972 3413 2151 3466 malim
2187 3412 2438 3486 deinceps

1432 3504 1591 3564 atque
1609 3511 1709 3564 pro
1733 3503 1808 3557 et,
1829 3511 1897 3545 ne
1921 3495 2038 3564 quis
2060 3492 2197 3545 male
2220 3492 2325 3544 hoc
2348 3512 2435 3544 re-

1432 3571 1563 3624 ferat
1580 3569 1649 3622 ad
1661 3572 1825 3642 prius.
1839 3574 2021 3623 -RR
2046 3587 2095 3638 1,
2111 3587 2140 3623 2
2151 3609 2169 3638 ,
2184 3572 2237 3637 3,
2250 3572 2435 3638 Cum,

1433 3669 1622 3702 veram.
1653 3652 1772 3704 Cn.
1797 3663 1851 3703 et
1873 3649 1957 3704 ed.
1983 3651 2145 3703 Hack.
2164 3689 2182 3719 .‚
2210 3671 2316 3703 non
2346 3669 2435 3703 ve·

1433 3750 1562 3788 ram.
1586 3733 1679 3786 En.

1503 3809 1554 3864 6.
1590 3807 1849 3861 oaxen...
1878 3806 2127 3876 ‘pnicum
2156 3811 2214 3861 P.
2246 3807 2352 3875 460
2374 3811 2433 3862 C.

1503 3907 1549 3958 7.
1564 3888 1735 3940 Δίιιια.
1743 3884 1988 3955 φρίσσω.
2002 3889 2260 3940 ltaTuric.
2271 3888 2434 3940 Goth.

1431 3968 1568 4021 Alm-
1591 3981 1645 4020 et
1662 3966 1782 4019 edd.
1804 3965 2061 4032 Platonis,
2079 3984 2241 4038 quum
2258 3971 2437 4020 eaeteri

1433 4048 1747 4117 Quintiliani
1759 4046 1970 4118 libri,qu
1977 4046 2049 4098 od
2060 4049 2242 4111 sciam,
2253 4065 2437 4100 omnes

1431 4129 1665 4179 inserant
1685 4126 1771 4176 καί
1782 4147 1794 4175 :
1818 4124 1969 4177 male.
1997 4127 2057 4177 ln
2080 4124 2255 4178 Guelf.
2277 4139 2329 4177 et
2348 4126 2431 4178 ed.

1430 4207 1573 4259 Jens.
1595 4206 1910 4258 omittuntur
1921 4205 2130 4274 Graeca,
2151 4204 2340 4260 lacuna
2357 4225 2440 4259 re-

2475 2469 2545 2521 28
