3200 5150
789 503 919 586 284

1351 502 1447 568 Μ.
1485 499 1718 566 mnu
1753 494 2314 583 innTmAm

783 623 975 728 quod
1004 645 1104 698 est
1129 610 1399 697 varium
1417 679 1437 713 ‚
1469 622 1609 697 sive
1640 646 1780 693 non
1812 626 1992 693 trino
2014 622 2189 693 forte
2222 619 2535 694 nundino
2564 620 2889 722 promul·-

781 763 978 842 gata‚
1004 740 1142 812 sive
1172 766 1311 813 non
1342 740 1588 813 idoneo
1613 739 1754 825 die,
1786 736 1924 809 sive
1954 752 2194 809 contra
2223 741 2752 824 intercessiones,
2775 735 2893 811 vel

780 859 1128 955 auspicia,
1169 853 1446 927 aliudve
1477 853 1680 953 quid,
1720 851 1912 952 quod
1948 850 2260 948 leyitimis
2283 864 2302 895 ¹
2345 850 2592 939 obstet,
2638 851 2891 925 dicitur

779 969 917 1042 lata
951 995 1096 1042 esse
1113 1025 1133 1058 ‚
1162 968 1270 1042 vel
1298 968 1494 1058 ferri3
1522 967 1663 1041 sive
1686 966 1903 1040 alicui
1930 971 2400 1039 manentium²
2434 965 2663 1065 lequm
2691 994 2895 1068 repu-

679 1108 749 1164 36
779 1112 1017 1184 qnare.
1050 1083 1188 1156 Sed
1223 1083 1369 1155 haec
1403 1082 1491 1155 ad
1521 1081 1673 1154 illas
1709 1081 1967 1181 primas
1997 1080 2511 1154 exercitationes
2545 1108 2691 1155 non
2723 1107 2892 1182 per-

776 1200 1038 1288 tinent3
1075 1226 1244 1271 nam
1293 1219 1458 1271 sunt
1498 1195 1640 1271 eae3
1683 1197 1852 1269 eitra
1895 1196 2344 1296 complexum
2387 1224 2890 1297 personarum,

777 1334 1184 1414 temporum
1204 1370 1224 1404 ‚
1254 1339 1648 1387 causarum.
1681 1311 1980 1411 Reliqua
2007 1310 2258 1384 eadem
2290 1313 2437 1384 fere
2455 1367 2475 1402 ‚
2507 1338 2670 1385 vero
2699 1313 2896 1385 ficto-

676 1462 744 1534 37
780 1455 918 1528 que
955 1427 1367 1529 hujusmodi
1401 1426 1816 1516 certamine,
1851 1447 2260 1500 tractantur:
2293 1452 2461 1498 nam
2497 1426 2746 1500 vitium
2769 1448 2898 1501 aut

781 1549 854 1615 in
886 1542 1105 1617 verbis
1140 1564 1277 1634 est,
1317 1564 1439 1616 aut
1468 1549 1539 1615 in
1574 1542 1804 1616 rebus:
1833 1542 1907 1614 in
1940 1541 2167 1615 verbis
2195 1542 2550 1641 quoeritur3
2580 1544 2706 1615 An
2732 1549 2894 1616 satis

776 1659 1208 1761 siqnificent?
1234 1686 1327 1731 an
1356 1665 1440 1732 sit
1468 1662 1540 1730 in
1576 1664 1655 1731 iis
1673 1655 1707 1718 4
1732 1658 2009 1759 aliquid
2034 1656 2492 1756 ambiquum?
2527 1658 2608 1729 In
2643 1658 2888 1748 rebus;

775 1775 895 1846 An
939 1773 1048 1846 lex
1086 1773 1214 1847 sibi
1261 1780 1408 1873 ipsa
1452 1773 1880 1847 consentiat?
1924 1775 2043 1846 An
2089 1778 2160 1844 in
2195 1769 2676 1871 proeteritum⁵
2702 1774 2893 1871 ferri

778 1886 1050 1977 debeat,
1099 1916 1193 1961 an
1235 1895 1306 1961 in
1341 1888 1644 1988 sinqulos
1687 1886 2090 1961 hominesss?
2129 1888 2437 1960 Maxime
2481 1914 2641 1960 vero
2684 1914 2892 1960 com-

673 2033 741 2087 38
778 2030 997 2076 mune
1021 2025 1122 2077 est
1145 2030 1482 2104 quaerere;
1510 2005 1630 2076 An
1653 1987 1737 2076 sit
1765 2002 2091 2077 honesta?
2107 2030 2203 2075 an
2228 2002 2447 2075 utilis⁷
2465 2003 2502 2074 Ρ
2534 2029 2662 2075 nec
2691 2003 2895 2102 igno-

778 2144 878 2209 ro,
908 2118 1143 2218 plures
1173 2118 1324 2190 fieri
1349 2146 1390 2190 a
1413 2118 1762 2218 plerisque
1788 2139 2013 2219 partes
2027 2148 2048 2207 ;
2075 2118 2196 2190 sed
2217 2144 2344 2190 nos
2349 2121 2642 2218 justum,
2663 2125 2886 2216 pium,

773 2232 1210 2332 reliqiosum,
1251 2252 1633 2332 coeteraque
1669 2232 1777 2304 his
1819 2231 2111 2322 similia,
2152 2231 2432 2306 honesto
2475 2231 2888 2333 complecti·-

777 2374 961 2421 mur.
993 2346 1055 2420 J
1050 2354 1177 2421 usti
1204 2346 1490 2420 tamen⁸
1520 2348 1783 2448 species
1812 2374 1959 2421 non
1992 2347 2399 2447 simpliciter
2424 2348 2651 2421 excuti
2675 2347 2882 2422 solet:

851 2580 895 2616 ι.
945 2562 1084 2635 Quid
1124 2565 1266 2638 quod
1306 2564 1563 2641 legitimis.
1601 2566 1780 2621 Guelf.

773 2643 1023 2717 quicquid
1067 2643 1289 2719 legibus,
1343 2650 1609 2718 posterius
1659 2666 1782 2700 cum

772 2722 882 2775 Bal.
906 2723 1067 2777 Goth.
1093 2724 1342 2797 quiequid
1367 2726 1507 2798 (non
1535 2726 1695 2799 quid,
1722 2739 1783 2778 ut

770 2802 931 2853 refert
948 2802 1142 2874 Gesn.)
1161 2802 1415 2876 legitime,
1443 2818 1497 2857 et
1514 2808 1591 2856 sic
1611 2805 1778 2857 multi.

767 2883 944 2935 Turio.
971 2882 1228 2955 quidquid
1251 2882 1506 2957 legitimt‘s.
1534 2887 1648 2936 Nec
1671 2903 1780 2936 ma-

768 2959 835 3014 le.
859 2960 963 3014 Sed
980 2975 1034 3014 et
1050 2976 1267 3034 recepta
1284 2961 1447 3014 habet
1466 2961 1637 3014 codd.
1660 2981 1784 3033 cog·

766 3041 967 3093 nitores
985 3055 1038 3094 et
1053 3054 1194 3093 recte
1208 3039 1529 3106 defenditur,
1546 3040 1780 3114 leqitima

767 3117 873 3171 dici
913 3139 1012 3194 pro
1053 3118 1376 3183 solennibus,
1421 3138 1567 3190 qum,
1609 3135 1667 3173 ut
1712 3121 1780 3173 ad

767 3199 965 3271 Nepet.
991 3200 1144 3265 XIX,
1168 3199 1231 3266 4,
1256 3216 1315 3265 2.,
1340 3199 1469 3251 dicit
1491 3197 1777 3266 cellarius,

769 3279 825 3329 in
845 3277 1076 3349 publicis
1099 3278 1304 3331 actibus
1331 3280 1501 3330 omitti
1524 3297 1636 3331 non
1657 3297 1781 3351 pos-

769 3368 908 3408 sunt.
934 3385 1007 3396 —
1028 3359 1091 3409 R.
1126 3375 1171 3421 1,
1200 3375 1227 3408 2
1246 3396 1262 3423 ‚
1285 3357 1414 3430 quid
1434 3357 1576 3431 quod
1605 3356 1777 3432 [cyiti-

767 3432 881 3485 mis.
909 3436 1069 3487 Cnn’.
1084 3472 1101 3501 ,
1126 3435 1383 3508 quidquid
1404 3434 1661 3509 leqitimis.
1685 3437 1775 3488 En.

842 3530 890 3564 2.
934 3514 1271 3566 Manentium
1289 3552 1307 3579 ,
1348 3532 1463 3584 qnae
1501 3532 1640 3566 nova
1678 3516 1779 3568 ista

769 3593 886 3665 lege
909 3595 1024 3664 ipsa
1048 3611 1158 3645 non
1183 3596 1287 3646 siut
1310 3593 1535 3646 abolita.

837 3673 886 3726 3.
908 3673 1018 3723 Eoe.
1039 3672 1212 3724 Guelf.
1233 3686 1285 3724 et
1296 3673 1473 3725 Turio.
1497 3671 1631 3736 hoee,
1652 3691 1776 3725 cnm

766 3751 944 3806 multis
977 3749 1178 3817 codd.‚
1210 3752 1453 3822 pessime.
1479 3749 1687 3820 Vulgo,
1715 3764 1777 3804 ut

765 3845 820 3883 et
853 3831 1013 3883 Gesn.
1032 3868 1049 3897 ,
1083 3828 1193 3893 hoe,
1229 3828 1323 3881 sed
1354 3829 1517 3881 malui
1547 3846 1621 3880 eoe
1652 3847 1777 3882 eum

766 3909 928 3962 Goth.
944 3908 1070 3979 (tac.
1086 3907 1272 3978 Gesn.)
1288 3907 1433 3979 qnod
1448 3907 1655 3960 facilius
1673 3908 1778 3961 dis-

766 3989 1022 4058 tinguitur
1044 3985 1113 4038 ab
1137 3986 1246 4038 hoee
1268 3986 1631 4039 antecedente.

837 4066 888 4131 4.
910 4066 999 4118 Iis.
1021 4068 1212 4138 Itapro
1230 4065 1309 4119 his
1327 4066 1452 4120 dedi
1470 4085 1535 4119 ex
1548 4070 1703 4121 Voss.
1723 4083 1772 4120 2.

838 4142 888 4197 5.
927 4146 1081 4197 Proet.
1110 4145 1262 4218 fen-i.
1297 4148 1473 4199 Turio.
1513 4160 1566 4198 et
1596 4146 1774 4201 Guelf-

761 4234 909 4297 μναῖ.
944 4224 1141 4297 referri.
1168 4250 1244 4268 --
1271 4227 1378 4283 RR.
1410 4242 1465 4295 ι,
1494 4242 1554 4295 2,
1581 4226 1774 4296 (Μαι,

1871 2566 2065 2639 referri.
2100 2565 2205 2619 Alii
2234 2563 2288 2617 in
2322 2563 2584 2637 populum
2605 2565 2760 2638 ferri.
2785 2566 2883 2619 En.

1941 2646 1993 2699 6.
2042 2647 2109 2697 In
2150 2643 2381 2718 singulos
2423 2643 2671 2697 homines.
2713 2647 2883 2716 Leges

1871 2726 1966 2777 XII
1999 2723 2146 2776 tabb.
2187 2723 2294 2776 tab.
2331 2741 2473 2775 nona
2503 2722 2786 2797 Pn’vileqia
2817 2742 2888 2777 ne

1873 2805 2164 2878 inroqanto.
2200 2802 2569 2873 Intelliguntur
2596 2816 2774 2856 antem
2803 2804 2884 2856 le-

1867 2900 1960 2952 ges
1976 2921 1992 2946 ,
2020 2899 2235 2954 poenam
2264 2894 2555 2935 statuentes
2571 2918 2588 2947 ‚
2618 2882 2765 2953 quod
2793 2900 2885 2934 os-

1870 2960 2038 3031 tendit
2089 2978 2217 3012 usus
2267 2959 2417 3013 verbi
2467 2961 2707 3033 irrogare.
2745 2960 2884 3014 Vide

1867 3041 1977 3092 Cic.
1997 3057 2097 3111 pro
2117 3042 2323 3107 Domo,
2341 3057 2389 3091 e.
2413 3055 2496 3111 17,
2515 3037 2583 3090 de
2601 3040 2762 3111 Legg.
2783 3040 2882 3107 m,

1878 3135 1972 3188 ¹9³
1999 3119 2140 3169 Brut.
2171 3114 2255 3171 23.

1942 3216 1991 3269 7.
2022 3197 2107 3249 An
2131 3197 2291 3251 utitis.
2317 3198 2494 3250 Turic-
2526 3208 2579 3249 et
2597 3196 2777 3250 Guelf.
2806 3216 2880 3249 an

1870 3276 2072 3330 inutilis
2093 3270 2229 3329 ‘eum
2263 3277 2532 3351 plerisque
2567 3276 2737 3329 Codd.
2775 3276 2882 3331 Sed

1868 3354 2110 3408 defendit
2124 3370 2392 3429 receptam
2403 3355 2550 3408 Goth
2584 3374 2706 3408 enm
2719 3359 2878 3409 Voss0

1872 3452 1899 3486 2
1927 3448 1981 3486 et
2005 3433 2112 3485 Bal.
2138 3462 2212 3474 --
2232 3435 2415 3487 Nostri
2435 3432 2605 3486 codd.
2631 3435 2738 3486 ΒΗ.
2773 3451 2820 3501 ι,
2847 3451 2878 3489 2

1868 3524 1921 3566 et
1943 3513 2138 3577 Cum,
2161 3510 2377 3564 inutilis.
2405 3514 2499 3564 En.

1938 3592 1988 3645 8.
2021 3592 2162 3644 Iusti
2193 3602 2385 3645 tamen.
2419 3594 2572 3663 Legis
2605 3605 2685 3646 est
2710 3595 2877 3647 virtus

1863 3672 2145 3744 imperare,
2176 3670 2503 3743 permittere,
2540 3682 2736 3738 vetare,
2768 3691 2879 3744 pu-

1864 3751 1993 3816 nim,
2011 3748 2232 3821 adjectis
2247 3750 2456 3803 interim
2467 3753 2638 3823 poenis
2652 3750 2735 3804 vel
2747 3770 2879 3824 pra-

1864 3832 2009 3897 miis,
2030 3848 2147 3901 qun
2169 3848 2234 3883 ex
2249 3831 2455 3903 justitia
2480 3830 2868 3902 expenduntur.

1863 3910 1940 3961 Ita
1963 3910 2251 3962 Favorinus
2274 3907 2421 3983 apud
2440 3908 2669 3962 Gellium
2684 3947 2702 3975 ‚
2731 3908 2872 3962 libro

1865 3990 2118 4059 vigesimo
2134 4028 2151 4055 ‚
2191 3988 2446 4060 quasdam
2480 3988 2622 4060 leges
2661 3987 2873 4040 duode-

1865 4069 1970 4120 cim
1995 4066 2294 4120 tabulnrum
2322 4066 2537 4139 culpat,
2561 4065 2708 4139 quod
2735 4068 2874 4118 inte·

1864 4148 1962 4197 rim
1981 4148 2249 4217 graviores
2264 4183 2282 4212 ‚
2309 4148 2519 4200 interim
2539 4145 2762 4200 leviores
2783 4147 2872 4200 in·

1860 4227 2035 4286 ferant
2057 4243 2259 4303 poenas.
2277 4228 2443 4283 Tutu-
