3200 5150
720 523 1375 591 1NST1TUT10NIS
1410 480 1870 592 oaAT.1,1B.
1911 531 1976 609 1,
2022 533 2083 613 4.

2363 536 2448 626 89

355 644 528 735 dit¹;
565 646 901 719 Coniicit²
938 647 1128 719 enim
1169 668 1269 720 est
1307 646 1395 719 ab
1430 646 1551 719 illo
1589 648 1768 721 Iacit
1793 678 1814 721 .·
1849 672 1915 723 et
1946 653 2050 741 U,
2091 656 2449 752 quomodo

346 788 541 836 nunc
580 761 899 834 scribitur
944 761 1207 861 Uulqus
1245 782 1311 834 et
1348 763 1663 837 Seruus3.
1705 765 1889 839 Sciat
1930 767 2136 840 etiam
2176 769 2452 845 Cicero-

341 923 484 996 git),
517 942 623 976 una
654 942 775 976 cum
804 927 916 995 ipsa
944 922 1045 975 hac
1071 927 1354 994 posteriori
1380 942 1387 947 ·

343 1021 501 1065 voce3
525 1015 575 1055 et
594 1003 751 1075 plane.
770 1021 832 1055 ex
852 1020 999 1054 more
1013 1002 1352 1070 Quintiliani,

342 1083 580 1154 exempla
619 1085 896 1156 pra-ceptis
934 1102 1044 1135 non
1079 1086 1350 1154 jungentis

342 1160 508 1212 modo
523 1201 539 1229 ,
577 1162 671 1214 scd
713 1161 939 1214 libenter
978 1164 1316 1214 immiscentis
1333 1201 1350 1229 ,

343 1253 454 1291 erat
487 1240 679 1293 addere
714 1241 874 1293 verba
911 1243 1026 1292 ista.
1068 1241 1150 1295 Sic
1187 1242 1349 1313 paulo

339 1332 463 1372 ante
486 1321 566 1391 (Ι,
590 1321 652 1387 4,
686 1321 778 1392 ιο)
797 1321 925 1373 duas
948 1323 1104 1373 etiam
1127 1322 1349 1393 exempli

338 1415 498 1451 causa
538 1398 713 1453 dicere
749 1398 1043 1452 videbatur.
1088 1402 1153 1452 Et
1189 1399 1350 1453 habet

338 1494 399 1528 ea
415 1515 433 1541 ,
474 1492 661 1548 praeter
702 1478 898 1531 multos
940 1478 1109 1532 Codd.
1133 1517 1150 1544 ,
1190 1481 1348 1531 etiam

336 1555 510 1609 Guelf.
531 1559 865 1628 Quamquam
884 1561 1042 1629 igitur
1064 1560 1238 1630 ipsum
1263 1575 1345 1609 so-

334 1644 486 1701 num,
504 1639 594 1707 qui
597 1637 804 1709 fractus
816 1637 1024 1703 dicitur,
1038 1640 1341 1709 ignoramus

334 1714 525 1782 hodie,
546 1730 749 1772 tantum
772 1731 946 1769 tamen
971 1718 1075 1770 hoc
1099 1718 1340 1790 exemplo

336 1794 589 1850 discimus
602 1836 622 1866 ,
660 1800 744 1867 agi
779 1796 847 1849 de
882 1797 1111 1867 quadam
1147 1816 1347 1849 conso-

333 1876 575 1928 nantium
594 1874 818 1927 duarum
838 1875 1236 1947 conjunctione,
1252 1874 1345 1927 ubi

334 1953 568 2009 secunda
591 1954 869 2019 afficiatur,
888 1972 953 2005 eo
975 1951 1135 2005 modo
1149 1993 1165 2017 ‚
1187 1972 1343 2023 quem

322 2017 617 2104 franqe‘ndi
637 2031 898 2083 vocabulo
920 2032 1191 2104 appellent
1208 2046 1346 2084 vete·

331 2128 434 2162 res.
461 2109 712 2182 optabile
738 2109 948 2182 quidem
973 2125 1083 2164 erat
1099 2151 1116 2177 ,
1141 2125 1198 2163 ut
1221 2111 1344 2183 plu-

329 2188 478 2240 ribus
523 2193 986 2260 grammaticorum
1036 2192 1168 2243 locis
1215 2210 1342 2244 usus

329 2269 421 2324 hic
439 2271 686 2326 vocabuli
704 2272 986 2345 peculiaris
1002 2276 1217 2346 proprie
1232 2274 1344 2326 fini-

329 2364 494 2419 retur,
531 2353 624 2406 sed
658 2353 785 2406 tales
819 2372 993 2425 neque
1026 2372 1055 2405 a
1078 2358 1189 2405 VV.
1224 2356 1337 2408 DD.

331 2447 693 2486 memorantur
732 2433 828 2485 ulli
843 2472 860 2497 ,
898 2452 1070 2504 neque
1106 2434 1219 2503 ipse
1256 2435 1341 2485 in-

327 2512 466 2563 veni.
514 2513 633 2562 Jam
683 2511 949 2564 observari
1000 2525 1259 2579 meretur,
1309 2530 1340 2564 e

328 2589 645 2657 Quintiliani
692 2593 950 2644 sententia
967 2629 983 2657 ‚
1035 2609 1339 2644 consonan-

327 2670 461 2720 tium
502 2670 702 2722 nullam
738 2670 820 2722 bis
863 2673 1092 2742 positam
1132 2673 1186 2722 in
1232 2689 1341 2723 una

326 2766 488 2820 posse
521 2750 698 2802 efferri
736 2749 968 2823 syllaba,
1007 2769 1169 2822 seque
1203 2750 1338 2802 adeo

326 2830 499 2898 ipsam
522 2828 779 2898 frangere.
803 2830 918 2904 Sive
939 2832 1081 2881 enim
1104 2829 1176 2881 dd
1191 2868 1206 2893 ,
1232 2832 1339 2883 sive

326 2922 701 2976 quamcunque
736 2905 948 2958 tandem
988 2907 1217 2961 litteram
1254 2907 1337 2960 bis

323 3001 525 3057 poneS,
545 2983 627 3036 vel
642 2986 695 3036 in
720 2987 900 3048 initio,
921 2985 1002 3037 vel
1026 2989 1079 3037 in
1105 2988 1208 3038 fine
1233 2986 1339 3059 syl-

322 3061 482 3128 labae,
501 3067 715 3117 nonnisi
735 3064 897 3117 semel
918 3064 1099 3117 audies
1117 3064 1154 3117 d
1167 3104 1183 3130 ,
1207 3079 1305 3117 etc.
1319 3105 1337 3131 ‚

325 3159 431 3212 quo
453 3157 673 3215 apparet
694 3142 911 3196 alteram
931 3144 967 3195 d
984 3146 1156 3216 perire
1181 3144 1340 3216 plane

322 3239 497 3292 neque
523 3225 666 3275 coire
688 3226 743 3275 in
774 3243 830 3276 se
855 3226 1047 3294 ipsam.

402 3318 445 3353 1.
468 3302 671 3354 Insidit.
698 3304 865 3376 Atqui
886 3303 988 3374 (ita
1013 3306 1153 3356 enim
1174 3305 1340 3355 conti·

322 3393 454 3432 nuat
469 3382 1000 3454 argumentationem)
1017 3382 1190 3435 littera
1205 3384 1242 3434 Ι
1248 3382 1342 3435 sibi

326 3460 517 3512 insidit.
538 3461 647 3513 Sibi
664 3462 881 3514 insidere
900 3463 1081 3515 itidem
1102 3481 1239 3515 nove
1258 3462 1339 3514 di-

327 3542 464 3592 citur
476 3540 703 3608 vocalis,
725 3541 817 3593 sed
837 3543 993 3595 facile
1012 3543 1337 3612 intelligitur,

323 3636 499 3689 neque
521 3638 657 3690 opus
679 3634 757 3672 est
782 3623 1074 3673 mutatione
1088 3659 1104 3686 ,
1127 3620 1338 3691 qualem

325 3714 388 3747 ex
408 3700 591 3767 paucis
605 3697 774 3750 codd.
798 3712 1005 3754 tentant
1019 3698 1333 3751 Gebhardus

324 3788 380 3827 et
408 3774 712 3829 Obrechtus
730 3816 746 3844 ‚
773 3796 936 3849 quum
969 3780 1169 3843 caeteri,
1197 3781 1335 3830 inter

325 3872 462 3926 quos
485 3854 659 3908 Guelf.
674 3894 692 3919 .‚
716 3861 1051 3911 consentiant
1071 3875 1254 3910 omnes
1279 3860 1333 3910 in

323 3947 607 4006 receptam.
650 3934 761 3986 Sibi
799 3936 978 3988 insidit
1016 3936 1146 3991 nihil
1189 3936 1334 3988 aliud

325 4025 405 4065 est
420 4051 436 4078 ,
473 4014 573 4065 nisi
588 4052 605 4079 ,
646 4012 753 4064 coit
786 4013 842 4066 in
876 4031 953 4079 sc,
994 4014 1074 4067 bis
1115 4017 1334 4087 ponitur

326 4092 607 4166 deinceps,
631 4106 685 4146 et
708 4106 884 4165 tamen
908 4093 1063 4167 simul
1090 4114 1332 4167 pronun-

326 4175 511 4228 ciatur.
550 4176 666 4226 Hoc
683 4212 700 4241 ,
740 4188 1013 4244 tamquam
1050 4176 1291 4249 exemplo
1312 4214 1330 4244 ,

328 4251 486 4307 docet
506 4252 669 4307 verbo
691 4253 915 4328 conjicit.

1518 944 1564 980 2.
1587 928 1822 1001 Conjict't.
1840 930 1899 980 In
1917 948 1980 979 eo
1995 928 2157 981 verbo
2175 930 2448 984 afferendo

1441 1008 1632 1057 mirum
1655 1020 1833 1077 potest
1856 1007 2046 1073 videri,
2069 1009 2212 1079 quod
2238 1011 2310 1060 ait
2332 1029 2451 1061 con-

1425 1084 1551 1156 jicit
1580 1085 1719 1136 enim
1759 1105 1875 1139 esse
1912 1086 1980 1138 ab
2021 1086 2111 1138 illo
2147 1088 2302 1139 Jacit.
2342 1089 2449 1157 Qui

1439 1164 1591 1230 inde,
1614 1165 1758 1235 quod
1784 1180 1864 1218 est
1885 1185 1914 1218 a
1932 1167 2096 1231 Jacit,
2120 1171 2357 1239 sequitur
2375 1170 2450 1221 in-

1441 1244 1610 1296 sidere
1631 1245 1731 1299 sibi
1750 1248 1806 1297 1?
1823 1246 1905 1298 Ad
1925 1245 2029 1299 hoc
2049 1246 2446 1317 intelligendum

1440 1328 1594 1377 unice
1619 1328 1746 1378 facit
1772 1341 1932 1399 caput
1954 1327 2171 1398 aliquod
2190 1328 2312 1380 Auli
2331 1328 2449 1380 Gel-

1438 1403 1494 1454 lii
1510 1442 1526 1469 ‚
1572 1404 1863 1457 indicatum
1903 1409 2014 1478 jam
2057 1423 2086 1457 a
2128 1406 2443 1458 Mosellano.

1439 1482 1639 1536 Gellius
1669 1487 1807 1537 euim
1836 1489 1924 1550 lv,
1953 1504 1998 1536 c.
2039 1503 2119 1555 17,
2147 1487 2265 1539 fuse
2288 1486 2448 1539 docet

1438 1565 1697 1615 rationem
1751 1562 2104 1635 producendae
2159 1567 2337 1635 primae
2391 1567 2446 1618 in

1436 1641 1745 1714 hujusmodi
1793 1642 2066 1695 vocabulis
2096 1665 2107 1692 :
2157 1645 2443 1717 conjicere,

1437 1720 1682 1782 obicibus,
1716 1721 1977 1775 subicibus.
2007 1723 2179 1791 Negat
2205 1722 2445 1774 vocalem

1435 1803 1549 1870 ejus
1592 1798 1805 1868 longam
1853 1816 1966 1853 esse
1982 1838 1998 1864 ‚
2046 1818 2221 1870 neque
2267 1814 2444 1854 tamen

1433 1875 1543 1928 vult
1568 1879 1762 1948 corripi
1786 1876 2045 1949 ejusmodi
2069 1877 2324 1951 syllabas,
2350 1879 2445 1930 sed

1435 1957 1504 2007 ait
1528 1957 1710 2026 positu
1732 1955 1877 2007 reddi
1895 1956 2108 2025 longas;
2129 1960 2338 2009 tertiam
2358 1976 2446 2009 au-

1436 2046 1539 2085 tem
1573 2033 1797 2086 litteram
1837 2056 1884 2086 v.
1921 2055 1967 2088 c.
2007 2038 2061 2087 in
2098 2036 2318 2089 obicibus
2347 2056 2443 2108 per

1433 2110 1541 2164 duo
1566 2115 1624 2179 1,
1657 2132 1767 2165 non
1798 2133 1894 2186 per
1925 2133 2122 2180 unum,
2159 2133 2274 2166 esse
2311 2116 2452 2166 scri-·

1432 2190 1684 2244 bendum.
1718 2215 1740 2238 ιι
1760 2196 1896 2245 Nam
1919 2193 2137 2244 verbum
2161 2194 2329 2261 istud,
2355 2197 2443 2247 cui

1438 2292 1460 2316 ι
1482 2288 1642 2342 supra
1670 2269 1821 2323 dictae
1849 2271 2121 2342 particulae
2148 2274 2444 2344 praepositae

1438 2372 1461 2397 α
1482 2365 1635 2418 sunt,
1657 2371 1764 2403 non
1791 2352 1889 2403 icio
1912 2365 1991 2405 est
2014 2352 2107 2403 sed
2117 2354 2280 2426 jacio.
2304 2377 2326 2400 ι
2362 2355 2442 2405 En

1412 2428 1599 2500 'ipsam
1638 2430 1950 2499 Quintiliani
1987 2433 2260 2483 rationem.
2301 2434 2441 2483 Usus

1432 2508 1663 2561 obtinuit
1691 2510 1746 2562 in
1771 2509 2015 2561 omnibus
2042 2528 2103 2561 ex
2118 2510 2266 2583 jacio
2291 2528 2442 2561 com-

1427 2590 1644 2661 positis,
1665 2602 1725 2641 ut
1744 2591 1956 2641 nonnisi
1978 2607 2084 2641 uno
2108 2591 2128 2639 1
2148 2589 2443 2642 scriberen-

1430 2679 1533 2732 tur,
1560 2682 1620 2719 ut
1651 2668 1904 2732 conicere,
1933 2669 2154 2732 obicere,
2187 2669 2437 2734 subicere,

1431 2748 1646 2814 inicere,
1679 2748 1826 2820 quod
1854 2751 2139 2801 etiamnum
2174 2749 2440 2803 observari

1427 2827 1667 2879 videmus
1685 2830 1740 2879 in
1761 2827 1980 2879 obicibus
1999 2841 2050 2879 et
2065 2830 2316 2881 Ennianis
2337 2827 2439 2880 illis

1426 2906 1688 2958 subicibus.
1713 2908 1882 2959 Etiam
1906 2919 2078 2977 poetae
2101 2905 2202 2959 hac
2226 2906 2441 2959 licentia

1430 2996 1670 3049 utuntur,
1717 2996 1776 3035 ut
1816 2983 2053 3036 Juvenal.
2099 2985 2215 3051 XV,
2265 3002 2344 3055 17,
2388 3000 2442 3039 et

1428 3063 1638 3115 Martial
1661 3064 1737 3129 X,
1764 3064 1829 3116 82
1847 3102 1864 3129 ,
1895 3082 1941 3130 ι,
1966 3066 2057 3134 qui
2078 3064 2235 3115 abicit
2256 3077 2308 3116 et
2331 3066 2442 3116 adi·

1429 3142 1502 3193 cit
1516 3157 1774 3214 usurpant
1793 3145 1961 3214 prima
1979 3142 2141 3195 brevi.
2158 3143 2277 3195 Vid.
2295 3145 2436 3198 Serv.

1431 3220 1497 3272 ad
1516 3222 1633 3273 AEn.
1656 3223 1744 3286 lv,
1765 3221 1896 3291 549,
1913 3235 1964 3273 et
1982 3222 2119 3275 Duk.
2142 3222 2209 3274 ad
2228 3223 2368 3275 Flor.
2388 3226 2439 3290 1,

1438 3317 1530 3365 10,
1557 3298 1606 3351 5.
1642 3300 1822 3367 Quum
1853 3301 2013 3370 igitur
2043 3300 2200 3353 vellet
2232 3303 2335 3370 Qu.
2369 3304 2442 3371 τᾷ

1429 3379 1638 3452 conjicit
1663 3381 1741 3430 uti
1769 3398 1867 3451 pro
1899 3380 2138 3452 exemplo
2173 3381 2439 3435 insidentis

1428 3458 1520 3509 sibi
1537 3458 1593 3523 I,
1617 3457 1908 3528 cogebatur
1927 3457 2136 3510 obviam
2155 3462 2230 3513 ire
2245 3461 2437 3528 errori,

1430 3554 1536 3607 quo
1554 3538 1671 3607 quis
1687 3551 1825 3589 esset
1845 3550 2129 3606 negaturus
2148 3540 2205 3591 in
2223 3559 2284 3592 ea
2303 3554 2436 3591 voce

1428 3614 1535 3666 duo
1569 3633 1685 3666 esse
1713 3617 1751 3666 l.
1783 3617 1997 3667 Rectius
2020 3631 2301 3689 propterea
2330 3618 2435 3670 hoc

1425 3694 1650 3745 fortasse
1674 3693 1797 3744 loco
1824 3696 2093 3766 scripseris
2117 3696 2320 3747 conicit.
2351 3698 2434 3749 Sic

1426 3775 1583 3824 etiam
1606 3787 1844 3825 vetamur
1868 3775 2101 3844 cogitare
2129 3772 2197 3824 de
2224 3776 2246 3824 1
2274 3791 2436 3844 supra

1423 3865 1637 3903 cit-teras
1675 3851 1873 3904 litteras
1916 3853 2211 3916 eminente,
2249 3851 2431 3922 quales

1423 3928 1664 4002 duplices
1689 3929 1902 3981 vocales
1929 3930 2128 4000 pariter
2154 3941 2207 3979 et
2233 3947 2431 3982 conso·

1421 4024 1610 4064 nantes
1633 4009 1810 4063 solent
1832 4009 1989 4061 scribi
2012 4011 2066 4060 in
2093 4010 2190 4060 ΧΠ
2216 4008 2426 4063 tabulis.

1494 4093 1542 4146 3.
1582 4091 1783 4164 Uulqus
1803 4102 1856 4143 et
1874 4092 2078 4144 Seruus.
2103 4092 2163 4144 In
2183 4091 2356 4144 vocali
2379 4096 2430 4147 U

1418 4191 1503 4226 res
1539 4171 1724 4223 cadem
1757 4170 2033 4223 manifesta
2068 4184 2145 4223 est
2177 4172 2290 4225 sine
2322 4170 2430 4224 ulla

1420 4249 1756 4305 dubitatione
1772 4268 1836 4304 ex
1849 4251 2129 4305 recentiori
2139 4268 2285 4302 more
2302 4251 2430 4303 scri-
