3200 5150
889 497 1014 579 384

1355 532 1360 541 .
1445 493 1540 558 M.
1578 490 1806 559 nnn
1841 489 2395 577 Qum'nmAm

886 648 1031 696 ιιοιι
1060 620 1358 722 perfecte
1376 673 1397 709 ,
1418 640 1658 692 tamen
1695 637 1774 691 ut
1806 618 2111 691 inessent
2140 616 2463 717 quaedam
2483 671 2503 705 ,
2532 637 2614 690 ut
2643 615 2781 690 dixi
2799 674 2819 707 ‚
2849 644 2947 692 se·-

818 765 852 819 7
886 738 1083 811 mina
1111 736 1263 838 ejus
1287 734 1629 809 facultatis
1646 790 1667 824 ,
1705 734 2157 809 manifestum
2194 753 2317 806 est.
2354 735 2516 805 Non
2557 734 2802 807 eadem
2838 761 2949 807 au·

884 873 1028 925 tem
1062 852 1143 924 iis
1167 872 1418 925 natura
1442 849 1704 923 artibus
1724 863 1743 894 ¹
1779 870 1911 940 est,
1936 875 2091 949 quae
2118 874 2161 920 a
2185 848 2432 921 virtute
2460 869 2626 921 sunt
2648 871 2949 923 remotae:

883 967 1114 1066 itaque
1133 991 1358 1066 quum
1384 965 1528 1036 duo
1545 964 1685 1036 sint
1704 988 1960 1063 genera
1986 961 2585 1053 orationi8,‘altera
2607 980 2949 1063 perpetua,

886 1108 1042 1181 quae
1088 1079 1420 1153 rhetorice
1459 1078 1734 1168 dicitur,
1775 1077 1987 1150 altera
2031 1082 2337 1166 concisa,
2385 1101 2542 1177 quae
2584 1077 2922 1150 dialectice
2931 1108 2954 1165 ;

887 1221 1062 1296 quas
1089 1194 1377 1296 quidem
1395 1195 1588 1266 Zeno
1602 1206 1633 1239 ²
1653 1192 1829 1265 adeo
1850 1190 2212 1293 conjunxit
2225 1247 2246 1282 ‚
2269 1211 2347 1263 ut
2361 1190 2546 1264 hanc
2566 1217 2953 1291 compresse

884 1311 972 1382 in·
1007 1335 1331 1410 pugnum
1374 1334 1663 1398 manus,
1709 1307 1906 1380 illam
1951 1306 2282 1407 explicitae
2330 1305 2586 1378 diceret
2624 1306 2951 1397 similem:

884 1425 1094 1499 etiam
1128 1420 1573 1523 disputatrix-’⁹
1600 1423 1815 1496 virtus
1844 1423 2013 1513 erit3
2042 1419 2266 1495 ade04
2291 1421 2378 1494 de
2415 1419 2581 1511 hac,
2615 1447 2774 1520 quae
2812 1447 2952 1520 spe-

817 1557 853 1613 8
888 1538 1135 1613 ciosior
1169 1559 1376 1637 atque
1407 1539 1707 1637 apertior
1731 1559 1921 1611 tanto
1960 1557 2093 1628 est,
2126 1536 2304 1611 nihil
2338 1534 2796 1609 dubitabitur.
2837 1534 2955 1609 Sed

886 1651 1207 1756 plenius⁵
1240 1653 1375 1726 hoc
1406 1652 1595 1726 idem
1628 1674 1836 1753 atque
1871 1652 2171 1753 apertius
2204 1652 2456 1726 intueri
2489 1678 2574 1724 ex
2608 1651 2776 1752 ipsis
2806 1678 2956 1751 ope-

888 1771 1082 1844 ribus
1117 1769 1314 1861 volo;
1357 1796 1526 1843 uam
1564 1770 1738 1870 quid
1778 1790 2005 1843 orator
2046 1775 2118 1842 in
2170 1769 2517 1844 laudando
2556 1770 2805 1859 faciet,
2842 1768 2955 1842 nisi

885 1885 1342 1958 honestorum
1377 1910 1459 1957 ac
1494 1884 1808 1984 turpium
1845 1882 2147 1984 peritus?
2176 1904 2297 1957 aut
2331 1890 2405 1956 in
2433 1885 2814 1972 suadendo,
2845 1881 2958 1956 nisi

890 1999 1179 2072 utilitate
1220 1999 1618 2100 perspecta?
1652 2019 1772 2072 aut
1805 2005 1878 2071 in
1890 2000 2211 2100 judiciis,
2253 1998 2308 2071 si
2337 1996 2620 2100 justitiae
2657 1999 2746 2071 sit
2778 1999 2959 2098 igna-

891 2113 1045 2186 rus?
1062 2112 1300 2205 Quid?
1321 2140 1465 2186 non
1489 2113 1969 2186 fortitudinem
1991 2112 2291 2213 postulat
2315 2140 2420 2186 res
2443 2114 2690 2187 eadem
2712 2172 2733 2206 ,
2757 2139 2957 2213 quum

893 2234 1071 2328 saepe
1108 2247 1354 2337 contra·
1384 2226 1818 2300 turbulentas
1858 2228 2104 2328 populi
2145 2228 2407 2317 minaS,
2442 2255 2620 2329 saepe
2654 2255 2820 2302 cum
2859 2254 2958 2360 pc·

892 2341 1188 2415 riculosa
1225 2340 1617 2441 potentium
1656 2340 1994 2432 offensa⁶‚
2039 2370 2592 2443 nonnunquam,
2633 2364 2717 2416 ut
2750 2343 2822 2415 in
2858 2344 2958 2444 ju·
2992 2378 2996 2383 ·

897 2455 1078 2528 dicio
1117 2454 1580 2544 Milonianm,
1616 2456 1797 2528 inter
1830 2456 2255 2530 circumfusa
2293 2456 2601 2530 militum
2637 2484 2834 2530 arma
2864 2456 2957 2529 di-

972 2680 1017 2715 1.
1060 2661 1208 2715 lia...
1249 2660 1455 2714 artibus.
1498 2661 1582 2715 Sic
1611 2614 1797 2715 ‘Guelfi
1841 2674 1897 2715 et

893 2740 1055 2795 Goth.
1093 2740 1215 2812 (tac.
1248 2738 1460 2812 Gesn.)‚
1486 2758 1652 2812 quum
1686 2742 1895 2809 caeteri,

893 2835 954 2873 ut
978 2834 1030 2874 et
1051 2820 1240 2887 δορα,
1267 2818 1396 2872 dent
1422 2818 1525 2886 his,
1549 2838 1739 2892 parum
1761 2838 1897 2872 con-

894 2902 1163 2954 venienter
1182 2899 1236 2951 h.
1262 2899 1297 2952 1.
1312 2898 1447 2952 Vide
1469 2901 1542 2967 11,
1573 2918 1619 2966 ι,
1646 2915 1693 2951 2.

971 2997 1018 3033 2.
1049 2979 1208 3030 Zeno.
1233 2976 1407 3031 Guelf.
1433 2978 1615 3030 Zenon
1638 2995 1761 3029 cum
1783 2975 1894 3050 ple·

893 3059 1072 3129 risque
1089 3055 1258 3109 Codd.
1278 3070 1331 3108 et
1351 3054 1471 3108 edd.
1495 3055 1639 3108 Jens.
1664 3054 1895 3126 (tacente

892 3134 1080 3207 Gesn.)
1097 3129 1316 3207 aliisque
1333 3147 1456 3189 vett.
1471 3136 1627 3188 Tm.
1652 3149 1824 3187 tamen
1843 3147 1898 3187 et

894 3219 1027 3269 Ven.
1051 3214 1182 3268 dant
1207 3216 1367 3268 Zeno.
1395 3215 1718 3287 scripturam
1741 3232 1839 3286 per
1859 3233 1896 3266 ιι

895 3313 1006 3346 non
1038 3313 1152 3348 esse
1184 3293 1252 3347 de
1282 3293 1448 3346 nihilo
1476 3293 1637 3347 docet
1663 3293 1814 3346 locus
1841 3295 1896 3361 1,

898 3372 959 3439 5,
983 3372 1081 3438 60,
1106 3390 1213 3443 quo
1240 3385 1295 3425 et
1316 3373 1490 3424 Burm.
1516 3370 1743 3444 ablegat.
1766 3373 1898 3424 Eam

896 3464 951 3504 et
969 3449 1060 3503 hic
1081 3452 1344 3503 revocavit
1360 3450 1490 3505 Obr.
1509 3479 1583 3491 -——
1599 3452 1797 3502 Zenon.
1818 3451 1897 3501 lta

899 3548 1113 3602 quoque
1135 3532 1241 3592 RB.
1275 3548 1321 3596 ι,
1345 3548 1411 3597 τι,
1432 3529 1499 3598 5,
1520 3529 1589 3582 al.
1615 3531 1775 3582 Zeno.
1800 3530 1894 3581 En.

897 3638 969 3649 —
995 3609 1154 3660 Zeno.
1178 3607 1314 3661 Vide
1343 3609 1481 3661 Sext.
1515 3609 1667 3679 Emp.
1702 3626 1755 3684 p.
1795 3610 1898 3678 289

899 3702 951 3740 et
973 3701 1162 3762 ⁸notam
1187 3685 1340 3739 Febr.
1369 3689 1424 3739 P.
1458 3688 1602 3739 Loca
1628 3688 1898 3739 Ciceronis

898 3768 1010 3821 haee
1029 3781 1180 3821 sumt
1202 3765 1367 3819 Acad.
1387 3768 1476 3834 lv,
1489 3766 1586 3836 473
1603 3765 1672 3819 de
1689 3768 1802 3819 Fin.
1821 3769 1899 3834 11,

899 3847 961 3912 ὃς
984 3851 1130 3902 Orat.
1156 3848 1242 3900 32.

970 3926 1020 3978 3.
1041 3926 1380 3998 Disputat-rix.
1394 3927 1518 3978 Non
1538 3926 1649 3977 sine
1669 3923 1901 3995 quodam

900 4018 1233 4077 contemptus
1253 4003 1432 4057 colore
1450 4003 1554 4056 hoc
1572 4019 1767 4058 nomeu
1785 4004 1903 4057 dia-

900 4080 1096 4133 lecticae
1119 4081 1300 4134 datum
1324 4082 1564 4149 arbitror,
1590 4100 1698 4154 quo
1724 4085 1901 4135 minus

901 4178 1080 4212 secum
1099 4179 1333 4233 pugnare
1353 4162 1592 4214 videatur
1602 4157 1787 4230 Quint.
1808 4163 1901 4234 qui

900 4239 1168 4290 oratricem
1198 4239 1572 4312 improbaverit
1601 4241 1681 4306 11,
1720 4239 1815 4307 14,
1848 4259 1897 4295 2.

1981 2662 2086 2717 Sed
2106 2665 2399 2736 imponitur
2416 2682 2645 2736 persona
2667 2665 2959 2730 dialectica,

1983 2754 2037 2794 et
2063 2740 2255 2795 deiude
2282 2744 2587 2814 increpatur
2614 2748 2768 2815 quasi
2792 2762 2958 2797 sermo·

1981 2820 2219 2873 cinatrix.
2236 2819 2370 2874 Vide
2390 2823 2492 2888 111,
2517 2821 2578 2889 4,
2609 2839 2690 2875 ιο.

2051 2899 2104 2967 4.
2137 2897 2298 2952 Adeo.
2331 2902 2495 2968 Cave,
2523 2904 2755 2974 accipias
2785 2902 2961 2955 dictum

1982 2997 2081 3052 pro
2118 2978 2249 3033 idco.
2290 2982 2384 3033 Est
2419 2998 2515 3033 oua
2548 2995 2814 3054 potestate
2832 3021 2849 3048 ‚
2879 2997 2958 3052 pro

1985 3068 2124 3125 mm,
2160 3068 2440 3130 tantopere.
2475 3058 2700 3112 Turseli.
2731 3079 2848 3133 pag.
2874 3059 2961 3126 4²,

1984 3156 2043 3190 n·
2070 3157 2118 3193 2.
2141 3139 2314 3209 Junffe
2337 3151 2543 3192 autem.
2567 3140 2700 3193 adeo
2719 3140 2865 3193 naluit.

2057 3215 2106 3272 5.
2123 3217 2224 3271 Sed
2229 3216 2451 3289 plenius
2468 3217 2960 3292 orditur-planiorem

1983 3295 2127 3348 illam
2137 3314 2338 3368 ‚quam
2360 3299 2702 3369 promiserat,
2723 3297 2962 3371 probatio-

1984 3395 2121 3428 nem·
2137 3377 2249 3428 An
2235 3379 2392 3447 igitur
2404 3375 2795 3449 plantus?V1de
2807 3391 2961 3430 noum

1985 3454 2053 3507 ad
2074 3456 2148 3522 11,
2172 3456 2233 3522 3,
2257 3456 2308 3507 6.
2334 3455 2476 3509 libri
2499 3456 2751 3528 quidem
2735 3477 2792 3510 ιιι
2811 3474 2963 3528 recep·

1985 3547 2093 3588 tam
2116 3538 2472 3589 consentiunt.

2054 3613 2106 3664 6.
2135 3615 2321 3667 Cum...
2346 3613 2570 3686 offensa.
2590 3616 2663 3667 Ut
2680 3615 2860 3668 Cicero
2880 3630 2961 3686 pm

1984 3694 2180 3746 Roscio
2211 3695 2329 3745 Am.
2362 3692 2496 3749 Vide
2533 3692 2603 3747 de
2632 3695 2743 3749 Off.
2778 3697 2853 3761 11,
2886 3692 2963 3757 ιζ,

1993 3770 2084 3839 ι8,
2114 3787 2192 3840 19.
2618 3811 2623 3818 .

2059 3865 2108 3919 7.
2134 3848 2459 3916 Miloniano,
2487 3851 2635 3903 inter.
2660 3852 2832 3905 Guelf.
2855 3853 2965 3902 insc-

1988 3930 2055 3981 rit
2070 3928 2281 4001 quoestio
2293 3967 2309 3992 ,
2333 3929 2478 3982 solus
2495 3942 2550 3981 et
2567 3931 2696 3984 mire
2714 3930 2937 4004 profecto
2944 3948 2961 3986 ‚-

1989 4025 2142 4060 tensu
2170 4007 2380 4078 quidem
2403 4008 2569 4061 nullo.
2592 4037 2666 4049 -—
2683 4010 2853 4061 Iudic.
2875 4006 2962 4060 ffl-

1989 4085 2096 4137 lon.
2131 4088 2292 4139 Recte
2319 4088 2525 4139 initium
2552 4090 2801 4141 orationis
2826 4084 2963 4139 Milo-

1988 4167 2154 4217 niana
2192 4166 2318 4217 citat
2347 4164 2506 4218 Gesn.
2540 4164 2689 4218 Adde
2719 4161 2959 4217 Plutarch.

1988 4244 2044 4296 in
2083 4243 2191 4296 Cic.
2229 4263 2283 4316 p.
2322 4243 2427 4298 880
2466 4244 2524 4298 G.
2564 4245 2629 4299 D.
2664 4245 2875 4298 Virtutis
2910 4257 2962 4292 ea
