3200 5150
842 467 973 534 560

1408 464 1504 529 M.
1544 463 1774 527 mnu
1811 421 2375 546 Qum‘rrtum

774 616 805 652 ²
836 611 909 664 et
947 586 1227 661 diversis
1263 586 1628 660 formulis¹
1677 585 1928 658 solent.
1972 587 2118 658 Neo
2156 584 2306 658 aliae
2343 584 2656 685 species²
2699 607 2938 678 erunt,

840 704 1109 780 etiamsi
1132 729 1318 776 unus
1339 730 1380 775 a
1404 702 1682 775 duobus
1708 700 2040 774 duntaxat
2065 699 2392 774 eamdem
2420 727 2568 774 rem
2587 757 2608 791 ,
2634 723 2843 801 atque
2867 729 2944 775 ex

839 820 1088 894 eadem
1119 845 1326 892 causa
1353 837 1574 917 petet3
1612 836 1733 888 aut
1761 815 1902 888 duo
1927 816 2016 887 ab
2042 842 2224 905 uno;
2256 835 2378 888 aut
2398 816 2634 915 plures
2662 843 2703 888 a
2725 817 2943 918 pluri-

836 934 1008 1024 bus3
1048 932 1240 1033 quod
1277 931 1588 1005 accidere
1629 929 1702 1002 in
1746 928 2177 1002 hereditariis
2216 928 2453 1002 litibus
2497 930 2781 1003 interim
2824 932 2947 1004 sci-

836 1075 1039 1147 mus:
1085 1048 1292 1148 quia,
1335 1046 1655 1147 quamvis
1692 1044 1765 1117 in
1801 1044 2039 1117 multis
2076 1045 2388 1144 personis
2409 1102 2429 1138 ‚
2465 1072 2672 1118 causa
2706 1066 2945 1119 tamen

837 1194 984 1241 una
1011 1186 1146 1254 est,
1176 1165 1308 1237 nisi
1337 1164 1393 1236 si
1411 1163 1440 1210 ³
1477 1161 1782 1237 conditio
1816 1188 2274 1262 personarum
2299 1162 2716 1262 quaestiones
2737 1162 2946 1235 varia·

772 1294 808 1350 3
838 1281 1029 1354 verit.
1055 1281 1426 1352 Diversum
1449 1277 1558 1350 his
1581 1277 1866 1350 tertium
1891 1302 2151 1374 genus,
2176 1275 2366 1376 quod
2396 1275 2649 1349 dicitur
2674 1303 2946 1379 compa-

838 1403 1136 1470 rativum
1149 1426 1174 1481 ‚·
1194 1393 1306 1496 cuj
1316 1420 1398 1466 us
1423 1394 1522 1466 rei
1544 1412 1870 1466 tractatus
1894 1391 1968 1462 in
1993 1413 2185 1491 parte
2211 1418 2434 1465 causae
2452 1394 2786 1492 frequens
2811 1414 2942 1467 est:

836 1532 917 1585 ut
945 1538 1171 1612 quum
1201 1508 1391 1610 apud
1426 1503 1942 1581 centumvirosff*
1972 1528 2130 1608 post
2163 1506 2299 1579 alia
2327 1505 2657 1607 quaeritur
2681 1526 2751 1579 et
2773 1507 2947 1597 hoc,

846 1629 1015 1700 Uter
1032 1627 1312 1725 diqm‘or
1339 1623 1709 1698 hereditate
1739 1624 1869 1697 sit?
1896 1625 2166 1696 Rarum
2196 1644 2300 1696 est
2332 1643 2571 1696 autem
2589 1679 2608 1712 ,
2639 1623 2824 1710 utin
2847 1625 2950 1696 fo·

835 1811 946 1851 tem
976 1811 1264 1870 praetomm
1293 1796 1523 1869 quoestio.
1551 1794 1688 1848 Vide
1719 1797 1840 1848 Em.

835 1879 978 1933 Clav.
1000 1879 1055 1931 in
1073 1878 1251 1940 h.vv.;
1271 1879 1328 1930 it.
1345 1875 1840 1948 Baeh.,p.99⁸eqq.

914 1975 958 2009 1.
989 1956 1254 2010 Malitia...
1275 1953 1543 2026 formulis.
1576 1956 1691 2006 Hoc
1720 1954 1842 2005 loco

833 2036 1144 2106 intelligitur
1166 2034 1357 2086 modus
1381 2031 1684 2086 exercendae
1711 2050 1844 2103 eog-

832 2117 1049 2168 nitionis
1063 2113 1234 2186 judici
1250 2114 1585 2185 praescriptus
1606 2130 1637 2163 a
1658 2125 1847 2183 praeto-

836 2213 894 2247 re
916 2197 971 2247 in
995 2212 1155 2246 causa
1178 2194 1409 2264 privata,
1434 2194 1526 2263 qui
1549 2205 1601 2243 et
1629 2191 1847 2243 actionis

835 2275 1052 2325 nomine
1073 2273 1231 2324 venit.
1256 2273 1376 2323 Jam
1397 2273 1453 2323 in
1473 2272 1688 2343 privatis
1706 2268 1847 2341 judi-

835 2355 931 2405 ciis
979 2370 1144 2423 quum
1188 2349 1334 2402 nulla
1378 2348 1461 2402 lex
1505 2362 1663 2420 cogat
1707 2350 1843 2400 intra

836 2450 1004 2488 unum
1036 2428 1257 2500 aliquod
1276 2448 1327 2480 v.
1362 2447 1409 2480 c.
1444 2431 1643 2480 crimen
1674 2428 1844 2479 conti·

725 2569 732 2575 ,
833 2513 949 2564 neri
987 2512 1043 2562 in
1072 2506 1398 2583 judicando,
1430 2518 1611 2579 potest
1647 2518 1843 2579 praetor

833 2592 1014 2664 plures
1044 2589 1216 2662 judici
1248 2586 1504 2639 formulas
1541 2585 1685 2637 dare.
1706 2584 1842 2637 Vide

833 2668 930 2735 111,
965 2668 1029 2734 6,
1065 2668 1151 2737 69.
1194 2664 1358 2736 Quod
1392 2678 1570 2718 autem
1605 2663 1839 2716 Pithoeus

836 2746 1061 2820 exempli
1084 2747 1206 2798 loco
1232 2745 1414 2811 affert,
1428 2742 1666 2816 judicem
1682 2761 1843 2815 pecu·

834 2828 1009 2878 niariae
1041 2843 1211 2878 causoe
1244 2822 1312 2876 de
1349 2825 1543 2875 actoris
1575 2822 1842 2876 calumnia

831 2923 993 2977 posse
1030 2905 1381 2976 pronunciare
1400 2941 1418 2969 ,
1457 2904 1514 2954 in
1554 2919 1620 2953 eo
1666 2918 1840 2971 neque

832 2982 1025 3036 multas
1044 3000 1217 3053 neque
1231 2980 1461 3032 diversas
1477 2978 1735 3031 formulas
1755 2996 1842 3048 ag-

830 3081 999 3116 nosco
1015 3099 1033 3129 ,
1057 3062 1309 3132 quoniam
1342 3058 1696 3131 appendicula
1725 3059 1838 3110 fere

830 3144 997 3214 ipsius
1037 3158 1208 3193 causae
1250 3151 1331 3190 est
1366 3140 1505 3189 actio
1543 3136 1835 3189 calumniae.

832 3224 915 3274 Ne
931 3222 1146 3293 privatis
1168 3216 1381 3290 quidem
1399 3217 1552 3289 judd.
1577 3217 1691 3271 haec
1713 3229 1839 3289 post

832 3299 1140 3355 'absolutum
1161 3316 1310 3350 reum
1332 3295 1400 3348 de
1423 3297 1688 3349 calumnia
1711 3314 1840 3366 cog-

831 3381 964 3432 nitio
1001 3379 1216 3451 propria
1231 3415 1248 3443 ,
1280 3376 1399 3429 vide
1438 3378 1555 3447 Dig.
1594 3377 1804 3428 XLVIII
1818 3412 1836 3440 ,

840 3458 932 3525 16,
962 3475 1009 3524 1,
1033 3459 1082 3511 3.
1109 3455 1239 3522 Sed,
1262 3468 1322 3507 ut
1344 3455 1483 3522 dixi,
1507 3454 1574 3508 de
1596 3454 1841 3527 pluribus

833 3537 1158 3607 diversisque
1212 3535 1520 3588 criminibus
1572 3533 1842 3586 interdum

834 3618 1048 3690 privatis
1060 3613 1276 3687 judiciis
1290 3613 1453 3665 fuisse
1467 3612 1841 3684 disceptatum,

833 3709 1019 3750 nostro
1041 3693 1164 3746 loco
1187 3693 1523 3745 manifestum
1541 3691 1765 3743 videtur.

910 3792 959 3827 2.
992 3774 1105 3826 Nec
1108 3811 1233 3824 .....
1267 3772 1466 3843 species.
1504 3772 1841 3842 Persequitur

834 3855 968 3908 duas
983 3870 1153 3905 causoe
1167 3854 1464 3922 conjunctae
1480 3852 1682 3923 species
1693 3889 1710 3916 ,
1731 3863 1840 3902 tam

835 3937 992 3986 nnius
1005 3934 1209 4004 generis
1226 3949 1385 4002 quam
1397 3929 1615 3994 diversi,
1632 3942 1685 3982 et
1694 3948 1842 3982 amo—

836 4013 962 4066 litur
979 4015 1193 4066 nimiam
1206 4011 1474 4065 dividendi
1487 4011 1812 4082 diligentiam
1821 4049 1839 4078 ‚

839 4112 906 4145 ne
927 4093 1066 4145 forte
1091 4095 1206 4165 quis
1229 4091 1368 4159 haec,
1389 4110 1503 4163 quoe
1526 4104 1839 4161 sequuntur,

839 4170 1062 4225 totidem
1100 4173 1303 4244 species
1347 4172 1651 4224 constituat.
1693 4168 1839 4222 Con-

1927 1794 2138 1866 junctio
2165 1811 2262 1845 nee
2283 1791 2564 1846 referenda
2589 1806 2673 1845 est
2695 1792 2768 1846 ad
2789 1812 2952 1847 aecu-

1932 1883 2102 1934 seem,-
2131 1891 2258 1925 nam
2289 1891 2405 1945 quse
2436 1875 2752 1945 interposita
2787 1889 2950 1940 sunt,

1933 1951 2002 2004 ad
2011 1955 2524 2023 argumentationem
2532 1971 2644 2004 non
2658 1956 2950 2025 pertinent.

1932 2032 2111 2099 Quare
2133 2031 2541 2104 diremptionem
2562 2032 2952 2086 Gesner-ianm

1931 2109 2154 2181 paulum
2197 2112 2486 2163 immutavi.
2530 2113 2610 2163 De
2652 2111 2951 2178 duntaxat,

1929 2187 2052 2240 vide
2087 2190 2184 2254 111,
2222 2189 2281 2256 8,
2326 2207 2407 2241 ιο.
2446 2190 2674 2260 Con-igit
2707 2193 2868 2262 qnasi
2899 2204 2954 2244 et

1931 2267 2331 2334 circumscribit,
2343 2286 2458 2340 quae
2472 2268 2815 2341 precedunu
2828 2289 2956 2343 qua-

1933 2343 2137 2398 sidieas
2154 2367 2166 2397 ε
2183 2346 2339 2398 modo
2355 2365 2464 2400 una
2479 2350 2546 2401 sit
2564 2365 2629 2400 ea
2648 2366 2768 2419 ree,
2788 2368 2952 2422 quam

1932 2437 2095 2497 petet.

2001 2503 2051 2557 3.
2074 2504 2192 2557 Nisi
2206 2505 2265 2558 si.
2287 2506 2403 2558 Hoc
2420 2504 2589 2559 Codd.
2608 2524 2804 2559 omnes
2818 2505 2950 2560 dare

1927 2582 2173 2635 videntur
2206 2598 2396 2656 praeter
2421 2589 2574 2639 Voss.
2618 2605 2646 2639 2
2686 2602 2747 2639 et
2783 2587 2950 2640 Goth.

1931 2666 2231 2717 omittentes
2275 2667 2320 2719 si
2366 2667 2682 2738 quibuscum
2738 2669 2953 2722 faciunt

1930 2745 2050 2798 edd.
2067 2764 2195 2798 meae
2210 2759 2331 2799 ante
2349 2746 2547 2820 Gryph.
2570 2766 2792 2815 omnes,
2808 2767 2954 2820 qno-

1928 2843 2046 2875 rum
2087 2827 2347 2878 rationem
2385 2829 2594 2898 repetiit
2629 2826 2915 2881 Gibsouua
2933 2867 2953 2896 ,

1930 2901 2026 2955 sed
2049 2921 2149 2975 per
2174 2903 2443 2975 sphalma,
2470 2918 2531 2957 ut
2555 2904 2775 2976 quidem
2796 2907 2956 2960 vide-

1929 2995 2034 3047 tur,
2060 2985 2313 3053 quoniam
2342 2986 2398 3036 in
2429 2984 2576 3037 Leid.
2610 2998 2694 3038 est
2725 2986 2784 3038 xi.
2819 2986 2952 3038 me-

1926 3075 2113 3133 ganter
2128 3065 2382 3134 geminari
2400 3068 2522 3137 conj
2529 3066 2816 3118 unctiones
2833 3065 2958 3118 has·

1927 3161 1989 3194 ce
2010 3154 2063 3194 et
2081 3143 2258 3193 Burm.
2279 3142 2439 3195 docet
2458 3141 2513 3194 h.
2535 3142 2570 3195 l.
2593 3156 2646 3195 et
2664 3142 2954 3197 Drakenb.

1928 3220 1995 3273 ad
2017 3222 2126 3273 Liv.
2147 3224 2248 3287 Vl,
2281 3224 2376 3288 26,
2404 3221 2436 3274 5
2453 3244 2467 3285 ;
2497 3224 2554 3274 it.
2581 3222 2951 3296 Oudendorp.

1928 3299 1997 3351 ad
2030 3300 2160 3352 Caes.
2197 3299 2263 3351 de
2299 3301 2354 3351 B.
2389 3302 2451 3353 G.
2489 3304 2537 3367 1,
2572 3301 2662 3367 31,
2706 3301 2790 3368 14.
2813 3302 2956 3355 Vide

1929 3381 2185 3432 Nostrum
2218 3381 2306 3445 lv,
2336 3397 2390 3445 1,
2425 3382 2643 3449 7o;1V,
2678 3381 2748 3448 4,
2785 3380 2844 3434 5.
2884 3410 2960 3423 -

1928 3459 2034 3510 RR.
2071 3476 2117 3524 1,
2141 3459 2202 3526 3,
2226 3458 2287 3525 4,
2312 3459 2491 3511 nisisi.
2521 3461 2583 3512 R.
2611 3457 2644 3512 5
2669 3474 2727 3512 et
2745 3460 2961 3527 Cama,

1928 3536 2044 3589 nisi.
2069 3539 2160 3589 En.
2186 3566 2259 3576 —-
2279 3537 2453 3590 Nisi...
2484 3539 2788 3591 variaverit.
2819 3541 2964 3593 Rem*

1930 3618 2126 3669 tissime
2141 3614 2218 3669 'ad
2243 3616 2541 3688 exemplum
2565 3616 2678 3670 dati
2699 3621 2759 3671 in
2785 3619 2964 3692 adop-

1928 3696 2127 3747 tionem
2147 3733 2163 3761 ,
2213 3694 2480 3757 abdicati,
2525 3694 2684 3748 nothi
2729 3698 2964 3770 ableg-t

1927 3773 2431 3826 Pseudo-Turnebus
2452 3776 2546 3841 111,
2565 3774 2630 3841 6,
2651 3792 2720 3845 97
2745 3795 2911 3850 seqq.

2000 3852 2051 3919 4.
2077 3852 2238 3924 Apud
2264 3854 2622 3906 centumviros.
2657 3857 2740 3908 De
2767 3855 2964 3923 hisee,

1930 3934 2022 4003 qui
2047 3944 2196 3984 erant
2217 3931 2424 4003 jndices
2453 3935 2790 4006 privatarum
2827 3955 2964 3989 can-

1930 4029 2132 4076 sarum,
2156 4009 2276 4062 vide
2302 4024 2492 4082 praeter
2529 4011 2703 4066 lexica
2737 4018 2962 4069 Emen-

1927 4092 1983 4142 in
2000 4090 2158 4144 Clave
2176 4090 2284 4142 Cic.
2305 4089 2358 4141 h.
2376 4109 2455 4156 v.;
2475 4093 2607 4147 item
2627 4094 2799 4148 Bach.
2821 4097 2964 4148 nist.

1927 4171 2070 4237 Jur.,
2098 4189 2152 4242 p.
2185 4169 2360 4224 103-6.
