3200 5150
613 492 618 497 ·
684 495 1334 569 ms‘nrtmoms
1368 497 1625 567 onA'r..
1661 500 1824 569 Lm.
1863 503 1928 582 1,
1971 525 2031 592 7.

2277 501 2395 570 185

317 645 394 700 ut
415 620 558 698 sola
576 646 892 726 ponatur.
919 626 1074 696 Hoc
1099 650 1181 697 eo
1205 649 1351 696 non
1375 622 1577 695 omisi
1596 636 1615 667 ¹
1636 679 1656 712 ,
1680 624 1873 723 quod
1894 623 2182 724 quidam
2207 649 2361 696 eam
2378 679 2400 713 ‚

210 756 216 762 '
313 740 581 840 quoties
613 742 684 812 A
715 759 1075 839 sequatur,
1119 737 1573 810 necessariam
1609 738 1935 811 credunt:
1971 765 2198 838 quum
2232 739 2316 810 sit
2349 739 2408 810 C

311 855 578 927 littera²
597 909 616 943 ‚
646 881 804 954 quae
826 854 916 926 ad
940 861 1186 927 o‘mnes
1208 851 1476 926 vocales
1506 853 1649 925 vim
1684 880 1884 925 suam
1918 856 2233 954 perferat.
2270 857 2404 926 Ve-
2446 882 2503 920 n

315 996 473 1042 rum
509 969 996 1070 orthographia
1025 995 1305 1068 quoque
1336 968 1823 1043 consuetudini
1847 971 2082 1059 servit,
2113 968 2407 1067 ideoque

310 1109 489 1183 saepe
513 1104 780 1176 mutata
796 1105 915 1156 est.
938 1086 1122 1155 Nam
1149 1083 1268 1156 illa
1289 1084 1747 1156 vetustissima
1766 1104 2038 1156 transeo
2062 1104 2409 1182 tempora,

310 1197 569 1298 quibus
602 1220 670 1272 et
702 1199 1062 1299 pauciores
1098 1199 1371 1292 litterae,
1411 1225 1541 1272 nec
1574 1198 1834 1272 similes
1870 1198 1977 1272 his
2017 1199 2264 1271 nostris
2306 1224 2415 1271 ea·

315 1341 474 1386 rum
509 1315 753 1387 formae
786 1316 1108 1405 fuerunt,
1144 1335 1212 1387 et
1240 1314 1341 1387 vis
1372 1340 1655 1414 quoque
1684 1313 1986 1403 diversa3
2022 1312 2201 1387 sicut
2226 1310 2416 1414 apud

316 1429 598 1504 Graecos
642 1433 704 1501 Ο
747 1429 982 1502 litterae
1010 1485 1030 1518 ,
1071 1454 1225 1529 quae
1272 1427 1598 1502 interim³
1650 1428 1862 1528 longa
1909 1454 1987 1501 ac
2034 1427 2292 1519 breviS,
2338 1448 2417 1499 ut

312 1544 503 1645 apud
545 1572 709 1635 noS‚
752 1545 1032 1618 interim
1071 1571 1196 1646 pro
1234 1544 1537 1645 syllaba,
1578 1571 1794 1644 quam
1828 1543 2116 1616 nomine
2149 1569 2276 1615 suo
2312 1568 2417 1615 ex·

311 1659 588 1759 primit‚
649 1660 870 1761 posita
920 1680 1021 1732 est
1055 1715 1074 1750 ,
1136 1681 1215 1731 ut
1264 1660 1525 1733 Latinis
1575 1660 1917 1733 veteribus
1970 1661 2039 1730 D
2095 1656 2417 1757 plurimis

312 1774 385 1846 in
427 1775 652 1847 verbis
695 1774 1022 1848 ultimam
1070 1773 1452 1875 adjectam:
1513 1775 1706 1875 quod
1757 1774 2209 1847 manifestum
2258 1769 2418 1844 est4

308 1926 461 1978 Tarv.
497 1922 634 1995 (tac.
670 1924 870 1997 Gesn.)
906 1921 1232 1999 siqnificant,
1268 1939 1322 1978 et

311 2002 416 2056 hoc
439 2004 740 2058 inveniebat
762 2006 955 2075 Regius
972 2043 989 2071 ,
1016 2007 1106 2076 qui
1133 2024 1321 2078 recep-

308 2095 418 2134 tam
457 2086 658 2156 primus
702 2083 1091 2137 commendavit
1105 2121 1123 2151 ,
1163 2102 1323 2156 quam

309 2161 483 2215 Guelf.
510 2163 782 2231 defendit,
808 2177 861 2216 et
886 2182 1070 2216 omnes
1093 2165 1319 2217 fortasse

308 2241 478 2294 Codd.
513 2242 820 2296 Editionum
852 2242 966 2295 sola
993 2246 1197 2296 Veneta
1229 2243 1322 2296 dat

309 2318 620 2394 significant.
651 2324 744 2375 Est
772 2337 982 2390 autem,
1008 2342 1169 2395 quare
1196 2323 1322 2396 plu-

313 2398 477 2451 ralem
516 2401 762 2473 praeferas
804 2403 916 2454 fere
932 2441 950 2469 ,
989 2421 1184 2475 quum,
1219 2403 1322 2456 nisi

313 2494 430 2550 quoe
455 2479 715 2532 referatur
741 2479 811 2532 ad
841 2481 1014 2546 verba,
1039 2484 1125 2534 vix
1153 2499 1322 2555 appa-

310 2568 453 2624 reat,
478 2575 574 2610 cur
596 2557 785 2611 dixerit
807 2560 910 2629 Qu.
940 2561 995 2613 t‘n
1025 2560 1186 2615 nullis
1213 2582 1321 2614 ver-

308 2636 380 2689 bis
402 2655 502 2710 pro
527 2656 810 2711 nusquam,
833 2640 916 2692 vel
941 2659 1245 2713 nunquam;
1270 2654 1324 2694 et

312 2714 558 2768 videntur
599 2719 758 2769 etiam
801 2718 951 2770 verba
993 2720 1285 2790 significare
1304 2758 1322 2785 ,

315 2813 431 2865 quae
446 2808 614 2848 certas
629 2814 711 2849 res
722 2832 739 2862 ,
752 2794 858 2848 hoc
873 2797 990 2849 solo
1004 2800 1220 2851 nomine
1236 2816 1325 2869 ap-

308 2872 533 2945 pellatas
548 2911 566 2938 ,
598 2873 887 2944 designent.
919 2878 1112 2928 Fateor
1143 2889 1321 2928 tamen

311 2951 690 3025 expeditiorem
710 2971 824 3005 esse
842 2967 1113 3026 receptam
1156 2953 1319 3006 modo

310 3032 446 3084 ratio
465 3029 615 3084 reddi
632 3044 817 3104 posset
837 3030 927 3084 τὸν
948 3030 1003 3082 in
1023 3030 1122 3084 nul
1143 3032 1183 3083 is
1207 3051 1322 3083 ver·-

310 3109 397 3162 bis.
422 3112 558 3163 Nam
574 3110 719 3182 quod
730 3107 1057 3184 significatur
1067 3110 1173 3182 legi
1191 3129 1321 3183 pos-

313 3208 372 3241 se
396 3191 469 3241 ait
489 3191 682 3261 Regius
699 3228 715 3256 ,
743 3189 800 3242 id
828 3207 1022 3242 sonum
1047 3188 1211 3242 habet
1236 3191 1322 3242 in-

316 3286 557 3335 suavem,
576 3282 830 3341 sequente
849 3288 975 3322 mox
988 3278 1234 3342 ponatur.
1249 3297 1324 3309 —

316 3346 484 3401 Codd.
509 3351 618 3402 RB.
651 3366 670 3401 1
688 3388 706 3416 ,
727 3347 788 3416 5,
809 3346 1122 3423 significant.
1148 3351 1240 3402 En.

395 3444 438 3479 1.
471 3429 553 3481 Eo
585 3447 694 3481 non
726 3429 892 3483 omisi.
917 3427 1093 3483 Guelf.
1130 3438 1182 3481 et
1214 3445 1324 3481 non

318 3506 607 3572 omiserim,
635 3507 782 3578 quod
808 3521 889 3561 est
910 3509 1071 3561 etiam
1099 3509 1154 3560 in
1182 3525 1323 3560 mar-

315 3585 438 3653 gine
456 3584 608 3637 Basil.
628 3587 704 3637 Et
718 3604 818 3658 pro
832 3604 891 3638 eo
911 3587 1068 3640 nauci
1088 3603 1200 3638 non
1218 3599 1325 3653 est,

318 3660 414 3713 sed
437 3663 690 3714 omiserim
709 3666 951 3737 praeferat
970 3665 1182 3737 aliquis,
1202 3667 1327 3737 quia

320 3741 492 3792 minus
513 3739 602 3793 hic
625 3740 785 3795 docet
801 3745 905 3812 Qu.
927 3763 1087 3816 quam
1105 3744 1326 3797 doctum

320 3818 572 3872 admonet
609 3819 698 3891 (1,
729 3822 795 3888 4,
834 3822 954 3895 17),
989 3837 1051 3877 ut
1084 3823 1327 3877 videatur

322 3899 428 3952 hoc
453 3898 520 3951 de
543 3899 713 3954 littera
730 3901 780 3953 K
798 3920 913 3955 esse
932 3903 1212 3957 consilium
1232 3903 1324 3956 dn·

324 3993 440 4031 tum
452 3981 730 4050 magistris,
739 3979 1169 4055 orthographiam
1183 4001 1328 4037 enar-

325 4058 583 4112 rantibus.
865 4085 872 4092 ·

400 4155 448 4190 2.
477 4138 650 4208 Quum
667 4137 735 4190 sit
753 4138 799 4191 C
810 4135 996 4195 littera.
1021 4140 1102 4198 Sit
1122 4154 1203 4196 est
1224 4158 1324 4218 pro

323 4216 473 4284 assit,
495 4229 679 4290 presto
700 4217 780 4273 sit.

1481 1928 1531 1981 3.
1562 1927 1690 1999 Quoe
1713 1926 1973 1979 interim...
1997 1924 2165 1997 posita
2193 1932 2279 1975 est.
2308 1924 2417 1976 An-

1408 2008 1542 2079 tiqui
1564 2008 1731 2060 Graeci
1755 2008 1791 2058 η’
1818 2007 2044 2059 litteram
2067 2002 2417 2074 ignorabant,

1410 2099 1469 2138 ut
1492 2085 1661 2156 longai
1692 2099 1745 2138 et
1766 2085 1939 2138 brevis
1966 2086 2081 2137 vice
2108 2084 2418 2153 fungeretur

1409 2183 1515 2218 una
1541 2165 1597 2231 ὅ,
1624 2164 1965 2238 appellabant
1988 2175 2165 2215 autem
2189 2157 2416 2228 ὅμιιρόν,

1412 2245 1463 2295 οὗ
1479 2282 1496 2306 ‚
1524 2259 1582 2296 ut
1610 2244 1787 2297 videre
1816 2257 1896 2297 est
1922 2245 1977 2295 in
2004 2240 2274 2306 νει-3111113,
2301 2241 2416 2291 Ho-

1410 2327 1617 2378 mericis
1634 2324 1778 2377 libris
1791 2363 1807 2391 ,
1823 2323 2115 2394 argumenti
2130 2319 2273 2385 loco,
2291 2338 2419 2392 prae·

1409 2405 1598 2457 missis.
1626 2405 1891 2456 Ausonius
1914 2405 1969 2454 in
1993 2398 2185 2474 edyllio
2205 2398 2269 2449 de
2286 2397 2420 2450 titte-

1411 2484 1478 2536 ris
1499 2482 1866 2556 monosyllabis
1893 2480 2079 2534 Groecis
2100 2497 2161 2530 ac
2185 2476 2383 2529 Latinis
2396 2496 2414 2526 ε

1418 2585 1441 2609 ι
1460 2565 1575 2617 Hoc
1600 2564 1753 2617 tereti
1774 2575 2068 2633 argutoque
2096 2575 2230 2612 sono
2260 2566 2420 2627 negat

1419 2666 1442 2692 a
1461 2647 1634 2697 Attica
1656 2663 1786 2716 gens
1811 2643 1881 2704 οὐ,
1907 2652 1951 2693 Ω
1976 2638 2121 2712 quod
2143 2651 2195 2708 et
2215 2640 2264 2692 Ο
2282 2639 2419 2691 Grae-

1418 2744 1441 2766 a
1461 2741 1584 2772 cum
1607 2734 1918 2793 compensat
1934 2718 2161 2772 Romula
2179 2735 2283 2769 vox
2300 2717 2365 2770 O.
2389 2738 2413 2763 ιι

1410 2798 1664 2870 Idemque
1686 2801 1851 2872 Epist.
1881 2797 1974 2864 25,
2000 2797 2069 2850 36
2091 2819 2102 2847 :
2136 2819 2158 2843 a
2176 2799 2295 2848 Una
2316 2795 2420 2846 fuit

1418 2900 1441 2925 ιι
1461 2892 1669 2931 tantum
1697 2897 1801 2950 qua
1831 2876 2153 2949 respondere
2179 2877 2418 2928 Lacones

1417 2977 1440 3001 α
1460 2955 1631 3008 littera
1644 2994 1661 3022 ,
1690 2969 1743 3008 et
1766 2958 1899 3007 irato
1925 2958 2036 3026 regi
2057 2954 2306 3027 placuere
2330 2974 2420 3008 ne·

1418 3056 1441 3081 ιι
1458 3048 1661 3105 gentes.
1684 3059 1707 3083 ιο
1749 3036 1948 3087 Marius
1983 3035 2286 3085 Victorinus
2306 3070 2324 3100 ,
2356 3053 2414 3105 p.

1410 3112 1622 3166 Pntsch.
1676 3111 1829 3179 2458.
1881 3109 2018 3180 2468
2061 3109 2246 3163 eadem
2286 3113 2414 3164 fere.

1409 3191 1545 3244 Vide
1568 3203 1751 3244 notam
1774 3191 1843 3243 ad
1864 3194 1913 3258 1,
1938 3189 2000 3258 4,
2031 3190 2120 3258 16,
2144 3185 2413 3242 offinien-

1484 3270 1535 3338 4.
1564 3269 1717 3342 Quod
1735 3269 2132 3342 manifestum...
2152 3268 2251 3321 col.
2272 3279 2414 3322 νοεὶν.

1410 3350 1584 3403 Etiam
1614 3350 1808 3402 nostris
1837 3348 2004 3401 oculis
2034 3347 2139 3400 hoc
2171 3351 2419 3418 agnosci-

1412 3446 1529 3482 mus
1545 3468 1563 3496 ,
1589 3447 1755 3501 quum
1775 3428 1917 3482 basis
1941 3429 2288 3500 antiquissimi
2310 3447 2420 3480 mo-

1412 3510 1653 3561 numenti
1678 3522 1882 3562 servata
1909 3510 1977 3562 sit
2004 3506 2072 3561 ad
2102 3507 2214 3560 haec
2247 3526 2418 3579 usque

1415 3601 1655 3661 tempora
1669 3627 1687 3654 ,
1734 3606 1894 3661 quam
1937 3588 2187 3659 singulari
2236 3586 2417 3640 libello

1414 3665 1627 3719 exhibet
1659 3680 1713 3718 et
1744 3682 1950 3720 enarrat
1980 3670 2163 3721 Petrus
2194 3667 2421 3719 Ciacco-

1412 3748 1558 3812 nius,
1574 3764 1639 3800 ex
1652 3764 1760 3817 quo
1775 3745 1921 3799 dedit
1936 3747 2166 3799 Graevius
2185 3748 2241 3798 in
2257 3745 2415 3798 Floro

1414 3842 1511 3894 suo
1527 3863 1545 3890 ,
1572 3844 1627 3897 p.
1660 3822 1774 3877 156.
1806 3827 1898 3877 Est
1923 3827 2082 3877 etiam
2109 3823 2254 3896 apud
2274 3824 2415 3876 Gru-

1413 3916 1582 3954 terum
1594 3940 1612 3968 ,
1626 3922 1680 3975 p.
1697 3902 1818 3970 404.
1836 3904 2079 3972 Legimus
2092 3902 2167 3955 ibi
2185 3904 2240 3954 in
2258 3904 2417 3975 scrip-

1415 3993 1533 4033 tura
1549 3979 1789 4032 nondum
1807 3980 2082 4034 obliterata
2095 3980 2418 4054 pucnaudod

1412 4057 2415 4211 {ffaffiss'tff‘ss’awssffz'taz

1413 4236 1545 4294 prot
1569 4217 1627 4272 in
1647 4216 1786 4284 alto,
1807 4216 2031 4272 navated
2047 4216 2260 4290 proedad
2281 4237 2409 4291 pro:
