3200 5150
838 520 922 592 50

1407 520 1500 585 M.
1541 520 1768 585 FAssn
1807 518 2361 604 QUINTILIANI

789 676 799 705 ι
836 669 1118 745 quoque
1148 665 1249 718 est
1274 642 1576 743 epistolis
1600 643 1887 714 traditus
1905 698 1924 730 ‚
1951 663 2020 715 et
2040 641 2233 714 Laelii
2260 641 2437 712 filia¹
2469 638 2843 714 reddidisse
2869 642 2940 713 iu

833 760 1191 860 loquendo
1248 780 1612 858 paternam
1670 758 2087 856 elegantiam
2122 770 2155 803 ²
2217 757 2468 829 dicitur
2489 812 2508 846 ‚
2567 777 2634 829 et
2688 757 2941 847 Quinti

836 874 1189 946 Hortensii
1223 873 1382 945 filiae
1413 873 1628 945 oratio
1646 870 1701 959 3,
1736 873 1926 973 apud
1958 872 2355 945 triumviros
2383 870 2649 961 habita,
2688 871 2944 971 legitur

760 1013 791 1069 7
835 1017 980 1062 non
1012 1010 1289 1062 tantum
1324 989 1398 1061 in
1428 1016 1628 1062 sexus
1659 988 2006 1062 honorem
2029 987 2085 1060 4.
2119 989 2266 1060 Nec
2299 1008 2536 1059 tamen
2571 985 2656 1077 ii,
2681 987 2944 1087 quibus

832 1190 918 1231 tus
934 1216 951 1244 ,
997 1194 1045 1228 e.
1096 1175 1164 1230 58
1185 1196 1199 1227 ε
1254 1198 1277 1222 ιι
1295 1176 1542 1246 Legimus
1590 1175 1843 1248 epistolas

837 1280 862 1304 α
881 1255 1134 1309 Corneliae
1146 1294 1163 1322 ‚
1182 1257 1361 1308 matris
1374 1254 1661 1307 Gracchor.
1685 1273 1846 1327 appa-

839 1360 862 1384 ·
884 1349 989 1403 ret,
1008 1336 1145 1389 filios
1168 1355 1280 1389 non
1299 1349 1408 1388 tam
1424 1336 1480 1391 in
1497 1337 1700 1406 gremio
1721 1333 1848 1387 edu-

838 1438 861 1462 ·
882 1429 1059 1483 catos,
1072 1433 1229 1487 quam
1244 1418 1299 1469 in
1313 1434 1584 1481 sermone,
1598 1417 1795 1468 matris.
1814 1439 1839 1464 ο

772 1488 777 1491 ’
912 1514 955 1547 1.
994 1493 1144 1547 loetii
1164 1491 1309 1568 filia.
1345 1496 1402 1548 C.
1441 1493 1584 1547 Laelii
1622 1495 1847 1566 Sapien-

832 1576 898 1626 tis
931 1573 1069 1641 fllia,
1102 1592 1238 1627 uxor
1272 1575 1338 1643 Q.
1373 1575 1539 1626 Mucii
1571 1573 1848 1641 Scaevola,

832 1668 886 1707 et
926 1657 983 1707 1..
1028 1655 1238 1720 Crassi,
1283 1657 1437 1726 cujus
1478 1656 1534 1709 in
1575 1656 1846 1708 Ciceronis

833 1732 899 1785 de
926 1736 1152 1789 Oratore
1180 1733 1328 1786 libris
1360 1747 1540 1806 partes
1573 1747 1724 1800 sunt,
1757 1753 1850 1786 so-

831 1832 969 1865 crus.
1028 1814 1136 1866 cic.
1196 1812 1231 1865 l.
1284 1831 1332 1866 e.
1366 1834 1379 1865 ε
1434 1835 1459 1859 a·
1486 1812 1715 1865 Auditus
1766 1826 1848 1865 est

836 1916 861 1941 ε
880 1892 1036 1947 nobis
1067 1893 1234 1947 Laeliae
1267 1894 1326 1947 C.
1360 1895 1418 1946 F.
1458 1911 1599 1966 προ
1638 1911 1844 1947 sermoz

837 1995 860 2020 α
881 1992 1006 2044 ergo
1039 1973 1187 2026 illam
1219 1975 1384 2046 patris
1418 1972 1680 2046 elegantia
1711 1976 1848 2026 tinc-

838 2078 861 2100 ιι
882 2068 990 2105 tam
1010 2052 1254 2107 vidimus.
1279 2077 1302 2102 ιο
1331 2052 1406 2105 ld.
1434 2052 1501 2106 de
1521 2056 1668 2108 Orat.
1690 2052 1725 2105 l.
1747 2055 1844 2121 111,

832 2154 878 2185 c.
905 2153 922 2186 1
936 2152 963 2185 2
981 2156 992 2184 :
1017 2156 1039 2180 a
1054 2133 1315 2205 Equidem
1329 2132 1570 2204 (Crassus
1585 2131 1848 2204 loquitur)

834 2240 858 2267 n
883 2233 1046 2285 quum
1079 2213 1240 2267 audio
1274 2231 1487 2265 socrum
1522 2231 1697 2283 meam
1731 2213 1843 2265 1.ae-

836 2316 859 2339 ·
881 2293 1060 2345 liam...
1083 2311 1199 2345 eam
1220 2292 1295 2343 sic
1316 2289 1505 2357 audie,
1523 2304 1583 2343 ut
1597 2288 1842 2342 Plautum

836 2396 859 2419 a·
880 2372 1008 2425 mihi
1026 2385 1119 2426 aut
1135 2374 1374 2435 Naevium
1389 2369 1572 2423 videar
1590 2369 1790 2424 audire.
1812 2394 1837 2420 n

905 2472 952 2505 2.
994 2452 1349 2526 Eleqantiam.
1396 2453 1471 2502 Ita
1519 2449 1653 2503 eod.
1701 2449 1840 2502 Alm.

831 2535 1046 2606 Argent.
1085 2531 1215 2588 Ohr.
1252 2535 1409 2584 Voss.
1455 2532 1531 2583 αδ.
1575 2528 1840 2583 Gesnerus

834 2613 1053 2684 quidem
1073 2630 1197 2666 cum
1219 2609 1460 2682 plurimis
1484 2611 1842 2664 recentiorum

832 2691 1213 2764 eloquentiam,
1237 2687 1383 2760 quod
1400 2691 1499 2755 ita,
1523 2687 1672 2740 nullo
1697 2686 1845 2741 addi-

830 2784 1096 2838 mineum,
1120 2771 1319 2841 primus
1343 2768 1505 2821 habet
1525 2767 1720 2834 Aldus,
1740 2769 1842 2821 nisi

835 2848 982 2921 quod
1012 2848 1159 2901 Gihs.
1194 2847 1323 2920 (qui
1344 2851 1469 2900 item
1492 2847 1656 2901 habet
1677 2849 1837 2900 Gesn.

832 2925 1144 2998 lectionem)
1168 2946 1341 2999 neque
1367 2946 1431 2980 ex
1452 2925 1736 2979 Andreana
1758 2926 1844 2979 ul-

832 3008 937 3061 lam
958 3011 1265 3061 varietatem
1290 3020 1580 3075 memorat,
1609 3023 1783 3079 neque
1808 3027 1838 3061 e

832 3092 940 3142 suis
955 3088 1123 3142 codd.
1137 3126 1153 3155 ‚
1174 3106 1401 3159 quorum
1419 3101 1595 3139 tamen
1615 3089 1839 3140 fortasse

833 3169 979 3222 solus
1016 3167 1216 3220 Bodlei.
1248 3166 1389 3226 hanc
1426 3170 1601 3240 operis
1634 3182 1840 3240 partem

832 3246 1110 3314 exhibeat,
1140 3266 1305 3318 quum
1333 3249 1507 3300 caeteri
1534 3249 1638 3300 sint
1669 3248 1843 3300 mutili

831 3347 1008 3400 neque
1031 3327 1207 3380 adhue
1226 3347 1257 3380 a
1279 3327 1519 3380 Gibsono
1544 3328 1836 3379 memorati.

833 3407 993 3461 Goth.
1028 3406 1242 3479 quidem
1276 3421 1329 3459 et
1359 3406 1533 3459 Guelf.
1569 3405 1699 3457 dant
1729 3404 1842 3457 elo-

833 3488 1100 3559 quentiam
1119 3485 1485 3559 eleyantiorem
1496 3523 1512 3550 ‚
1537 3498 1588 3536 et
1609 3486 1684 3536 sic
1701 3497 1841 3537 vete-

833 3579 918 3622 res
951 3568 1065 3620 fere
1100 3585 1318 3632 omnes,
1358 3579 1418 3616 ut
1457 3566 1641 3616 Locat.
1677 3567 1836 3617 Ruso.

832 3646 958 3699 Bad.
979 3649 1099 3699 Jam
1123 3665 1154 3698 a
1177 3664 1324 3697 mero
1350 3643 1499 3697 scioli
1524 3662 1726 3711 errore,
1748 3647 1841 3715 qui

833 3726 1105 3780 reddidisse
1142 3723 1280 3777 male
1321 3728 1387 3777 sit
1428 3727 1799 3797 interpretatus
1820 3765 1842 3793 ,

834 3825 950 3878 qnae
996 3819 1077 3857 est
1115 3805 1275 3859 Geso.
1320 3810 1578 3859 sententia
1594 3845 1611 3872 ‚
1650 3825 1837 3858 vocem

833 3886 1198 3961 elegantiorem
1216 3905 1329 3939 esse
1343 3888 1656 3959 profectam,
1673 3906 1837 3958 quum

833 3978 914 4017 tot
946 3964 1190 4017 obsideat
1221 3965 1342 4018 edd.
1377 3981 1429 4018 et
1461 3965 1630 4018 Codd.
1667 3965 1835 4034 adeo,

827 4063 943 4098 non
985 4059 1137 4116 puto.
1187 4045 1398 4118 Duplex
1434 4047 1537 4098 fuit
1577 4048 1837 4119 scriptura

831 4123 1203 4197 eloquentiam,
1218 4126 1548 4200 eleqantiam,
1563 4146 1678 4198 quae
1693 4126 1838 4179 dein·

830 4222 960 4279 reps
986 4209 1042 4261 in
1070 4227 1230 4263 unam
1259 4209 1470 4262 coaluit.
1496 4212 1694 4266 Verum
1721 4209 1835 4260 sine

1933 1173 2099 1226 dubio
2136 1187 2215 1228 est
2250 1173 2378 1248 eleq.
2415 1172 2499 1226 vel
2535 1171 2606 1224 ob
2645 1172 2825 1225 locum
2855 1175 2944 1226 ci-

1934 1256 2169 1321 ceronis,
2211 1272 2372 1325 quem
2417 1252 2580 1305 modo
2626 1256 2903 1325 posuimus
2926 1278 2941 1317 ς

1936 1353 2045 1406 quo
2068 1332 2273 1387 accedit
2298 1332 2443 1405 quod
2467 1334 2521 1386 in
2551 1332 2809 1406 loquendo
2831 1334 2950 1386 elo-

1931 1415 2200 1488 quentiam
2227 1415 2452 1467 fortasse
2474 1432 2585 1466 non
2612 1415 2800 1467 fuisset
2825 1414 2942 1467 dic-

1934 1508 2083 1547 turus
2105 1493 2482 1563 Quintilianus.
2506 1496 2573 1546 Et
2594 1507 2773 1567 potest
2795 1495 2941 1547 credi

1932 1577 2105 1645 major
2115 1574 2279 1626 fuisse
2288 1574 2345 1626 C.
2356 1570 2499 1626 laelii
2507 1571 2765 1647 eleqantia
2780 1593 2942 1646 quam

1934 1652 2257 1725 eloquentia,
2281 1655 2374 1724 qui
2390 1652 2472 1707 bis
2495 1652 2704 1707 orando
2723 1672 2939 1709 causam

1934 1751 2045 1784 non
2059 1734 2266 1798 vicerit,
2284 1750 2442 1803 quam
2457 1733 2564 1785 Ser.
2581 1732 2769 1800 Galba,
2790 1759 2811 1781 ι
2824 1755 2944 1809 qra-

1918 1807 1964 1857 ἰ
1984 1812 2100 1863 vior
2116 1811 2383 1884 acriorque
2409 1813 2465 1863 in
2492 1811 2710 1865 dicendo
2731 1839 2755 1862 ιι
2773 1853 2790 1881 ,
2819 1818 2940 1887 ipso

1932 1890 2093 1944 Laelio
2132 1889 2347 1962 judice,
2391 1892 2571 1945 statim
2618 1897 2940 1964 persuaserit

1936 1970 2246 2025 consulibus
2256 2010 2273 2037 ‚
2289 1969 2434 2043 apud
2448 1990 2582 2043 quos
2597 1971 2823 2027 dicebat.
2836 1976 2946 2027 Lae·

1934 2049 2035 2102 lius
2060 2065 2213 2103 antea
2238 2065 2481 2104 accurate
2509 2065 2569 2105 ut
2596 2073 2806 2127 semper
2831 2055 2940 2108 ele-

1923 2140 2245 2203 ganterque,
2283 2133 2580 2204 iterumque
2614 2132 2785 2187 multo
2817 2135 2946 2189 dili-

1930 2212 2141 2279 gentius
2197 2211 2492 2282 meliusque
2551 2211 2768 2267 dixerat.
2825 2218 2942 2268 cic.

1931 2291 2074 2341 Brut.
2114 2308 2161 2342 c.
2204 2308 2287 2343 22.
2328 2290 2423 2362 (ln
2454 2310 2561 2363 quo
2600 2292 2720 2345 loeo
2757 2309 2942 2348 tamen

1930 2387 2043 2421 non
2071 2383 2151 2423 est
2176 2371 2424 2424 confecta
2449 2390 2533 2429 res
2560 2371 2628 2426 de
2653 2393 2786 2427 voce
2813 2395 2950 2448 qra-

1932 2450 2060 2515 υἱον,
2095 2469 2196 2523 pro
2229 2471 2365 2523 qua,
2397 2456 2635 2525 proxime
2667 2453 2736 2507 ad
2763 2456 2941 2509 Codd.

1930 2526 2116 2598 fidem,
2141 2531 2488 2585 Buttmannus
2505 2536 2568 2587 V.
2592 2533 2648 2586 C.
2670 2538 2905 2607 conjecit
2926 2560 2939 2588 :

1929 2611 2166 2664 atrocior.
2182 2611 2301 2666 vid.
2323 2611 2389 2665 de
2409 2616 2556 2668 Orat.
2575 2616 2647 2681 11,
2665 2615 2736 2684 49
2754 2637 2766 2667 :
2794 2639 2820 2663 ιι
2835 2616 2948 2670 Ad·

1937 2711 1960 2737 ιι
1980 2692 2200 2744 miseere
2221 2690 2349 2746 huie
2371 2694 2551 2763 generi
2574 2696 2829 2748 orationis
2847 2714 2946 2749 ve-

1937 2792 1959 2816 α
1978 2769 2213 2824 hementi
2236 2786 2400 2843 atque
2418 2774 2633 2825 atroci...
2660 2774 2791 2826 illud
2812 2775 2948 2830 alte·

1937 2868 2148 2901 crum»
2201 2851 2346 2924 ete.)
2385 2854 2593 2906 Omittit
2636 2854 2813 2906 Guelf.
2863 2883 2948 2900 -a

1927 2927 2280 3003 Elegantiam.
2333 2933 2394 2983 R.
2455 2949 2502 2984 2.
2559 2932 2941 3006 Eloquentiam

1926 3008 2309 3083 eleqantiorem.
2339 3013 2402 3064 R.
2433 3028 2480 3064 t.
2502 3013 2595 3065 Eu.

1999 3090 2048 3142 3.
2101 3091 2365 3144 Hortensii
2392 3089 2534 3165 filioe
2576 3095 2758 3146 oratio.
2805 3098 2947 3150 Earn

1927 3172 2219 3222 orationem
2245 3190 2308 3224 ex
2330 3175 2577 3244 Appiano
2602 3173 2946 3230 adumbravit

1926 3250 2312 3304 Freinshemius
2380 3255 2434 3304 in
2501 3259 2951 3326 praestantissimo

1924 3329 2424 3401 supplementorum
2442 3333 2777 3386 Livianorum
2801 3354 2953 3408 ope-

1925 3425 2010 3472 re,
2043 3407 2132 3459 lib.
2169 3410 2381 3477 CXXII,
2415 3430 2461 3463 c.
2496 3412 2592 3479 44,
2622 3413 2718 3480 45,
2749 3427 2803 3467 et
2831 3431 2950 3469 me-

1926 3502 2097 3541 morat
2128 3488 2364 3542 Valesius
2393 3493 2685 3560 Maximus,
2717 3492 2750 3545 l.
2781 3497 2909 3548 vm
2926 3536 2947 3565 ,

1928 3586 1974 3619 e.
2006 3567 2055 3619 3.
2086 3571 2379 3640 Deprecata
2404 3585 2482 3624 est
2505 3573 2787 3625 Hortensia
2810 3593 2954 3647 par-v

1926 3661 2031 3699 tem
2047 3646 2229 3699 tributi
2243 3667 2272 3699 a
2288 3652 2594 3717 triumviris,
2608 3654 2912 3706 Octaviano
2929 3697 2947 3725 .,

1925 3728 2192 3793 Antonio,
2231 3726 2467 3800 Lepido,
2507 3732 2634 3803 ipsis
2675 3737 2952 3789 matronis

1924 3808 2155 3877 irrogati.

1997 3884 2049 3950 4.
2071 3885 2135 3935 In
2154 3903 2299 3938 sexus
2317 3885 2580 3940 honorem.
2603 3888 2707 3942 Sed
2718 3890 2804 3942 vel
2818 3893 2954 3946 viro

1925 3964 2136 4016 laudem
2181 3970 2489 4039 peperisset.
2533 3969 2702 4022 Valde
2746 3971 2952 4029 similis

1926 4044 2125 4097 locutio
2158 4046 2367 4098 Senecae
2404 4047 2681 4116 Rhetoris‚
2718 4070 2772 4123 p.
2812 4053 2950 4125 Bip.

1926 4126 2027 4197 397
2048 4130 2115 4177 z'«
2132 4129 2411 4181 Orationes
2435 4127 2664 4181 Sallustii
2688 4131 2743 4181 in
2770 4129 2956 4196 hono-

1931 4228 1952 4253 ιι
1975 4226 2076 4259 rem
2106 4207 2430 4261 historiarum
2462 4208 2719 4282 leguntur.
2741 4232 2772 4268 ,ιν
