3200 5150
799 505 924 568 218

1361 504 1453 567 Μ.
1495 502 1720 567 mnu
1757 503 2314 586 QUINTILIANI

721 639 755 691 6
794 626 1083 725 quidem
1097 648 1411 725 oporteat
1428 627 1598 699 falli.
1627 627 1958 700 Similiter
1977 650 2352 718 oratorem,
2374 632 2496 730 qui
2517 630 2725 705 debet
2740 659 2884 707 esse

790 743 1098 842 sapienS‚
1133 768 1289 853 =non
1335 763 1720 840 geometres
1761 743 2004 832 faciet,
2048 766 2167 816 aut
2199 746 2542 837 musicus,
2587 774 2882 847 quaeque

788 858 895 929 his
911 858 1044 928 alia
1064 857 1525 957 subjungam3
1549 858 1670 929 sed
1694 858 1800 930 hae
1818 884 2100 958 quoque
2125 881 2298 932 artes
2315 917 2335 948 ‚
2362 882 2440 933 ut
2456 861 2543 933 sit
2556 889 2884 934 consum-

786 992 1051 1059 matuS‚
1074 970 1446 1071 juvabunt.
1474 971 1623 1043 Nisi
1648 973 1822 1044 forte
1847 973 2236 1047 antidotum
2261 990 2277 1020 ¹
2318 975 2645 1074 quidem,
2680 998 2882 1075 atque

786 1086 919 1157 alia
936 1142 954 1174 ‚
980 1113 1135 1185 quae
1163 1085 1424 1156 morbis
1445 1099 1472 1130 ²
1503 1107 1623 1157 aut
1644 1086 2051 1159 vulneribus
2072 1089 2472 1178 medentur,
2505 1116 2586 1161 ex
2611 1090 2878 1181 multis,

785 1220 991 1298 atque
1046 1199 1321 1270 interim
1380 1201 1734 1272 contrariis
1791 1229 2073 1301 quoque
2121 1203 2299 1275 inter
2351 1230 2435 1275 se·
2476 1205 2840 1277 effectibus
2859 1262 2879 1295 ,

785 1315 1115 1414 componi
1139 1314 1492 1406 videmus,
1524 1344 1828 1415 quorum
1860 1345 1942 1389 ex
1976 1317 2301 1390 diversis3
2336 1320 2415 1390 fit
2439 1319 2559 1391 illa
2586 1320 2882 1394 mixtura

783 1457 961 1520 una,
994 1458 1148 1529 quae
1180 1430 1357 1503 nulli
1389 1459 1632 1503 earum
1653 1431 1688 1493 4
1715 1432 1956 1504 similis
1981 1455 2115 1524 est,
2146 1433 2402 1533 quibus
2432 1455 2730 1525 constat,
2761 1437 2881 1508 sed

712 1571 743 1624 7
782 1545 1091 1644 proprias
1132 1546 1305 1618 vires
1352 1575 1432 1619 ex
1475 1548 1808 1620 omnibus
1849 1549 2103 1637 sumit;
2158 1571 2225 1621 et
2265 1571 2460 1621 muta
2496 1549 2879 1623 animalia⁵

782 1659 1008 1731 mellis
1052 1658 1254 1732 illum
1289 1661 1831 1735 inimitabilem6
1867 1664 2196 1737 humanae
2232 1665 2475 1737 rationi
2516 1691 2833 1763 saporem
2856 1722 2876 1755 ,

860 1867 901 1901 1.
934 1848 1263 1901 Antidotum.
1298 1851 1472 1903 Guelf.
1508 1851 1788 1903 Antidotus

780 1946 900 1978 eum
941 1928 1077 1980 Alm.
1106 1931 1271 1997 'Quos
1311 1930 1367 1980 hi
1410 1928 1786 2000 sequebantur,

777 2026 943 2076 graece
984 2006 1229 2058 videntur
1269 2007 1477 2059 dedisse
1520 2004 1786 2063 ἀντιθέτους

779 2100 830 2138 et
852 2100 930 2138 est
955 2105 1079 2138 sane
1106 2087 1248 2158 apud
1272 2090 1482 2140 Graecos
1507 2088 1616 2138 fere
1640 2087 1786 2137 femi-

772 2170 959 2218 ninum
979 2166 1029 2239 (n'
1050 2167 1306 2239 immersae)
1326 2167 1470 2237 quod
1490 2166 1672 2218 itidem
1686 2169 1787 2218 La-

776 2249 900 2299 tinis
933 2248 1090 2298 etiam
1120 2249 1445 2318 frequentius
1476 2261 1684 2299 nenti-0.
1721 2249 1785 2298 Et

775 2338 953 2395 potest
976 2326 1058 2377 vel
1083 2324 1169 2376 hic
1199 2326 1418 2395 intelligi
1451 2327 1779 2379 femininum.

774 2405 1141 2457 —Antt'dotus
1162 2424 1374 2476 quoque
1400 2405 1483 2456 ed.
1512 2408 1783 2478 Campana

773 2483 951 2535 habet.
986 2487 1076 2537 En.
1108 2516 1181 2524 —-
1206 2485 1538 2536 Antidotum.
1581 2490 1781 2538 Notum

774 2578 880 2629 est,
913 2582 1070 2634 quam
1099 2565 1275 2617 multis
1305 2568 1566 2636 variisque
1607 2565 1781 2618 herbis

773 2644 856 2696 vel
871 2644 1031 2695 hodie
1047 2648 1298 2716 componi
1313 2645 1519 2696 dicatur
1530 2645 1780 2698 theriaca.

846 2742 892 2777 2.
929 2724 1057 2795 Quae
1085 2726 1285 2777 morbis.
1320 2725 1491 2778 Guelf.
1525 2741 1575 2778 et
1601 2729 1778 2778 Turic.

770 2823 822 2876 q.
849 2804 1038 2865 0culis,·
1064 2824 1184 2856 cum
1209 2805 1454 2856 omnibus
1479 2807 1589 2856 fere
1611 2805 1789 2858 Codd-

770 2884 871 2934 nisi
892 2883 1034 2954 quod
1056 2897 1296 2935 tacentur
1313 2885 1450 2936 Alm.
1469 2889 1621 2935 Voss.
1654 2903 1697 2950 1,
1723 2904 1748 2936 α
1764 2924 1780 2950 ,

770 2961 832 3027 3,
857 2975 910 3012 et
930 2964 1077 3014 Bern.
1105 2961 1257 3015 Unde
1279 2965 1344 3015 sit
1368 2975 1609 3034 recepta,
1636 2966 1782 3033 equi-

771 3038 892 3091 dem
907 3061 1015 3093 non
1031 3040 1220 3092 dicam.
1234 3041 1400 3094 Aldus
1414 3041 1626 3113 quidem
1642 3043 1782 3094 vide·

770 3132 855 3170 tur
873 3123 1072 3192 primus
1097 3121 1320 3173 dedisse.
1348 3120 1515 3173 Codd.
1545 3125 1778 3173 auctori-

767 3199 868 3251 bus
893 3201 1071 3265 facfis,
1091 3220 1250 3252 nemo
1270 3219 1379 3251 non
1404 3202 1618 3271 arripiat
1644 3220 1778 3251 mor·

768 3278 868 3342 bis,
899 3296 1062 3349 quum
1094 3302 1117 3325 «t
1141 3278 1356 3330 vulnera
1378 3303 1399 3325 n
1434 3282 1676 3351 protinus
1708 3282 1777 3331 ita

763 3357 1050 3428 subjuncta
1076 3381 1097 3403 a
1119 3357 1281 3409 oculis
1300 3383 1321 3404 »
1353 3375 1672 3429 magnopere
1699 3359 1777 3410 of-

765 3435 986 3487 fendant
1015 3436 1292 3506 legentem.
1321 3440 1475 3489 Nunc
1503 3437 1775 3508 quomodo

767 3528 874 3566 tam
890 3528 1196 3567 constanter
1205 3515 1371 3567 Codd.
1387 3519 1655 3588 potuerint
1670 3531 1777 3568 tue-

767 3595 810 3644 ri
834 3612 1064 3646 errorem
1081 3633 1096 3659 ‚
1127 3597 1170 3647 si
1195 3609 1271 3647 est
1296 3615 1457 3658 error,
1483 3599 1564 3647 vix
1589 3594 1775 3666 aliquis

767 3675 1212 3725 comminiscatur.
1247 3674 1412 3726 Malui
1445 3689 1620 3726 tamen
1650 3679 1776 3727 reti-

765 3771 890 3803 nere
938 3752 1233 3823 expeditam
1277 3752 1397 3805 edd.
1443 3758 1772 3826 scripturam.

764 3832 1100 3902 Quamquam
1119 3832 1386 3884 oculorum
1406 3833 1619 3906 collyria
1636 3838 1775 3886 varie

765 3913 1059 3981 composita
1081 3911 1244 3964 multa
1263 3912 1347 3964 vel
1370 3912 1551 3964 Celsus
1575 3933 1776 3964 memo-

764 4002 844 4040 rat
862 3989 951 4040 lib.
970 3993 1059 4056 lv,
1074 4010 1120 4042 c.
1139 3990 1188 4042 6.
1202 3993 1483 4056 -ῥ-ΛΙονὺἰς,
1502 3992 1663 4044 oculis
1678 3993 1774 4044 lia-

762 4065 854 4119 bet
873 4082 1174 4121 nostrorum
1195 4069 1362 4123 Codd.
1385 4090 1506 4143 pars
1527 4074 1767 4123 maxima.

836 4147 884 4199 3.
928 4148 1161 4203 Diversis.
1200 4151 1373 4204 Guelf.
1414 4151 1613 4204 diversa
1649 4172 1771 4205 cum

765 4230 915 4278 Voss.
950 4243 995 4292 ι,
1021 4229 1069 4280 3.

1947 1854 1997 1920 4.
2042 1852 2199 1905 Nulli
2237 1872 2431 1904 earum.
2474 1855 2597 1921 Quo
2634 1856 2877 1924 respiciat

1874 1952 2051 1984 earum
2066 1972 2080 1999 ,
2100 1953 2207 1984 non
2223 1934 2377 1987 facile
2392 1933 2597 1984 dixeris.
2620 1933 2877 2003 Equidem

1875 2011 2004 2063 mihi
2026 2012 2319 2084 persuadeo
2337 2051 2354 2078 ‚
2380 2011 2540 2063 modo
2567 2014 2702 2063 inter
2723 2012 2879 2083 effec-

1876 2092 2007 2142 tibus
2041 2105 2092 2142 et
2128 2092 2372 2162 componi
2403 2089 2653 2143 excidisse
2688 2089 2873 2153 herbis,

1874 2185 1964 2222 aut
1989 2171 2155 2223 simile
2181 2170 2308 2242 quid
2325 2210 2340 2236 ‚
2366 2190 2527 2241 quum
2552 2169 2688 2221 male
2717 2183 2876 2240 puta-

1872 2264 1951 2303 ret
1967 2251 2225 2313 librarius,
2246 2250 2476 2322 pendere
2495 2249 2779 2301 ablativum
2799 2249 2877 2322 ef-

1861 2330 2086 2402 fectibus
2100 2349 2127 2380 a
2144 2332 2513 2401 praepositione
2528 2348 2590 2380 ex
2603 2342 2726 2379 ante
2738 2327 2877 2379 mu!-

1873 2411 1971 2459 tt's:
2012 2409 2039 2459 η’
2077 2410 2340 2469 irrideret,
2374 2411 2544 2478 inquit
2581 2406 2879 2459 Alexander

1873 2488 2321 2559 Aphmdizxiensis,
2344 2488 2392 2538 ιἰι
2409 2488 2648 2538 πλείστων
2666 2486 2878 2546 Emer&

1875 2565 2144 2631 σύγκειται,
2187 2588 2241 2640 p.
2286 2568 2386 2620 268
2404 2607 2419 2632 ‚
2458 2566 2539 2619 ed.
2580 2564 2875 2619 Aristotelis

1872 2646 2140 2720 Sylburg..,
2165 2647 2268 2698 vol.
2302 2648 2349 2698 5.
2376 2646 2580 2698 Deinde
2611 2664 2707 2717 pro
2740 2663 2877 2717 quo-

1872 2744 1987 2776 mm
2012 2726 2271 2777 scribatur
2292 2741 2511 2797 quarum
2538 2741 2752 2774 necesse
2777 2735 2871 2775 est.

1871 2807 1991 2858 Sine
2019 2805 2120 2856 hac
2149 2804 2229 2856 vel
2260 2806 2358 2856 alia
2394 2806 2661 2855 mentione
2695 2803 2873 2853 locum

1871 2884 2102 2954 expediri
2118 2903 2216 2954 pos
2235 2904 2274 2932 -ρ
2291 2883 2533 2953 equidem
2556 2901 2661 2933 non
2684 2881 2873 2944 credo;

1870 2981 2043 3032 neque
2068 2977 2243 3014 tamen
2268 2962 2406 3014 ullus
2431 2961 2609 3013 Codex
2634 2961 2875 3031 adjuvat,

1872 3061 2032 3112 quum
2062 3061 2129 3093 ne
2163 3045 2213 3092 in
2242 3061 2417 3092 earum
2446 3040 2656 3110 quidem
2687 3042 2751 3090 sit
2779 3056 2874 3090 va·

1868 3124 2042 3176 rietus.
2056 3140 2151 3192 pro
2166 3139 2270 3192 quo
2288 3121 2441 3172 facile
2457 3132 2760 3191 exspectare
2774 3135 2873 3189 po·

1868 3217 2004 3253 teras
2028 3219 2221 3252 εον-ωτι.

1940 3280 1989 3331 5.
2017 3282 2089 3330 Et
2104 3291 2249 3330 muta
2269 3277 2540 3329 animalia.
2562 3279 2741 3345 Quum
2760 3277 2869 3326 ani-

1868 3359 2022 3410 malia
2047 3374 2230 3409 cwtera
2257 3358 2469 3408 homine
2497 3357 2754 3407 deteriora
2780 3372 2872 3404 os-

1868 3439 2173 3503 tenduntur,
2199 3437 2369 3490 solent
2393 3434 2647 3507 appellari
2670 3444 2811 3484 muta
2837 3451 2869 3482 a

1869 3517 2240 3587 scriptoribus,
2267 3534 2368 3585 qua
2394 3533 2550 3576 voce,
2574 3527 2760 3585 pra’ter
2781 3512 2869 3563 lo-

1870 3597 2033 3667 queloe
2076 3596 2373 3660 defectum,
2411 3596 2566 3645 etiam
2610 3593 2865 3656 rationis,

1865 3679 2200 3746 significatur.
2236 3674 2367 3726 Vide
2400 3676 2474 3737 n,
2518 3671 2608 3734 16,
2650 3670 2742 3732 16,
2774 3670 2867 3722 ubi

1865 3757 2042 3808 itidem
2070 3754 2387 3806 mellificium
2421 3776 2441 3798 α
2464 3751 2615 3803 nobis
2640 3752 2867 3801 inimita-

1863 3834 1970 3886 bile
1991 3859 2011 3881 ιι
2059 3848 2213 3884 vocat
2261 3855 2283 3878 ι
2304 3849 2455 3901 opus.
2480 3854 2501 3876 n
2550 3831 2717 3879 Etiam
2759 3833 2868 3881 De-

1864 3914 2069 3965 clamm.
2098 3917 2198 3981 Qu.
2219 3951 2235 3978 ,
2258 3931 2311 3982 p.
2343 3911 2473 3962 263:
2505 3932 2527 3954 α
2550 3911 2662 3959 Hoc
2682 3909 2867 3981 (apum

1869 4017 1891 4038 ιι
1913 3993 2082 4064 opus)
2110 4006 2289 4044 nostra
2318 3992 2507 4041 ratio...
2538 3990 2727 4039 imitari
2756 4005 2869 4038 non

1868 4093 1889 4117 α
1911 4075 2100 4144 potuit.
2122 4097 2144 4119 u

1932 4152 1981 4203 6.
2031 4149 2421 4204 Inimitabilem.
2464 4147 2637 4199 Guell'.
2668 4145 2867 4196 'tunim-

1860 4231 2011 4283 bilem
2028 4269 2043 4296 ‚
2091 4245 2150 4283 ut
2198 4230 2437 4282 videatur
2479 4227 2708 4279 voluisse
2758 4225 2869 4276 im-
