3200 5150
766 417 894 484 552

1334 416 1429 480 M.
1468 414 1699 481 FABn
1722 413 2289 510 &QUINTILIANI

759 518 1324 610 esse'sermonem
1345 593 1365 626 ‚
1390 557 1667 610 secutus
1690 536 1764 608 in
1790 536 1924 608 hoc
1949 537 2427 609 auctoritatem
2444 549 2462 582 ¹
2493 557 2877 637 praecepto-

763 653 854 724 ris
893 652 1034 742 sui3
1074 673 1513 753 quamquam
1552 650 1911 724 dissentire
1955 649 2044 723 ab
2082 677 2166 722 eo
2203 677 2349 723 non
2387 648 2632 723 timide
2668 650 2870 724 solet.

654 784 725 841 63
762 770 1088 867 Namque
1115 765 1556 840 Aristoteles²
1589 764 1920 838 idoneam
1950 765 2256 839 maxime
2287 764 2377 838 ad
2412 765 2874 838 scribendum

763 884 1391 970 demonstrativam,
1429 882 1964 981 proximamque
1999 880 2088 954 ab
2122 907 2206 954 ea
2223 881 2631 982 judicialem
2659 900 2879 979 puta-

762 999 897 1071 vit:
929 996 1249 1070 videlicet
1270 997 1611 1097 quoniam
1636 997 1826 1097 prior
1851 996 1972 1068 illa
1999 1017 2141 1069 tota
2164 1017 2340 1069 esset
2361 993 2875 1082 ostentationis3

763 1112 911 1186 haec
941 1112 1250 1185 secunda
1274 1133 1505 1212 egeret
1529 1113 1690 1184 artis
1710 1110 1764 1204 ³,
1788 1102 1899 1185 vel
1922 1110 2012 1183 ad
2034 1110 2431 1184 fallendum
2445 1108 2501 1201 4,
2535 1110 2593 1183 si
2618 1109 2714 1181 ita
2736 1134 2879 1208 po-

764 1228 1093 1328 poscisset
1116 1227 1409 1318 utilitas3
1443 1227 1732 1302 consilia
1754 1227 1893 1300 fide
1917 1226 2427 1327 prudentiaque
2452 1244 2876 1298 constarent.

652 1362 725 1429 64
766 1342 1047 1434 Quibus
1080 1341 1153 1415 in
1188 1342 1726 1416 demonstrativa
1757 1342 2151 1431 consenti03
2179 1368 2350 1414 nam
2384 1362 2452 1413 et
2479 1361 2729 1412 omnes
2755 1338 2882 1410 alii

764 1459 1127 1557 scriptores
1151 1456 1341 1531 idem
1365 1457 1835 1547 tradiderunt3
1873 1458 1948 1530 in
1962 1456 2246 1559 judiciis
2271 1477 2509 1529 autem
2534 1453 2884 1526 consiliis-

765 1602 904 1675 que
925 1574 1322 1648 secundum
1342 1575 1819 1648 conditionem
1843 1575 2060 1675 ipsius
2074 1631 2094 1664 ‚
2116 1601 2271 1674 quae
2290 1571 2718 1659 tractabitur,
2739 1570 2881 1660 rei,

656 1707 727 1762 65
765 1687 1491 1763 accommodandam⁵
1537 1689 1815 1762 dicendi
1857 1689 2066 1762 credo
2112 1689 2450 1761 rationem
2466 1685 2523 1758 ⁶.
2571 1688 2758 1758 Nam
2813 1705 2883 1758 et

763 1804 1185 1904 Philippicas
1207 1804 1703 1877 Demosthenis
1727 1803 1974 1876 iisdem
1989 1819 2045 1890 7,
2077 1803 2335 1902 quibus
2358 1801 2629 1875 habitas
2653 1801 2729 1902 in
2749 1800 2882 1902 ju-

764 1921 959 1995 diciis
997 1922 1369 2012 orationes,
1400 1921 1602 1993 video
1633 1920 1942 1993 eminere
1973 1919 2378 2010 virtutibus;
2418 1940 2488 1993 et
2517 1918 2883 1991 Ciceronis

766 2142 927 2197 Goth.
949 2145 1142 2194 Veram
1169 2155 1346 2194 autem
1368 2160 1485 2194 esse
1506 2143 1624 2214 ipse
1637 2180 1656 2209 ‚
1686 2143 1777 2213 qui

767 2222 987 2274 alteram
1000 2220 1260 2293 explicare
1275 2220 1510 2288 laborat,
1526 2222 1687 2274 Genu.
1702 2223 1779 2274 fa·

768 2316 928 2355 tetur.
952 2331 1025 2340 ——-
1045 2304 1106 2353 R.
1138 2293 1170 2354 3
1204 2319 1310 2354 sec.
1346 2319 1516 2366 man„
1547 2302 1780 2374 affecta-

767 2383 927 2434 fione.
959 2383 1064 2433 BR.
1097 2399 1144 2443 1,
1171 2398 1230 2447 2,
1255 2380 1288 2447 4
1312 2393 1365 2431 et
1386 2381 1579 2447 Cannu,
1606 2382 1782 2454 affec-

769 2461 926 2511 tione.
952 2463 1043 2512 Eu.
1063 2488 1136 2498 -
1152 2461 1427 2510 Remotum
1448 2459 1510 2510 ab
1529 2460 1677 2510 omni
1698 2460 1780 2531 af·

756 2540 1063 2614 sectatione.
1084 2537 1485 2611 Theophrastus
1504 2542 1561 2591 in
1578 2538 1779 2593 delibe-

768 2623 936 2672 rativo
953 2658 970 2684 ‚
1003 2622 1256 2672 orationis
1288 2619 1679 2691 simplicitatem
1710 2620 1778 2674 ab

769 2702 1112 2753 affectatione
1135 2716 1391 2753 remotam
1419 2700 1631 2773 probat.
1658 2704 1784 2772 Qua

771 2780 840 2833 de
857 2801 910 2832 re
927 2794 1186 2852 praecepta
1204 2793 1326 2834 sunt
1340 2780 1485 2852 apud
1498 2781 1781 2834 Aristidem

770 2861 1036 2913 rhetorem
1048 2899 1064 2927 ‚
1079 2874 1130 2913 et
1146 2860 1290 2931 apud
1306 2862 1630 2912 Demetrium
1645 2860 1780 2933 pha-

770 2938 971 2992 lereum
996 2942 1049 2990 in
1077 2938 1212 2990 libro
1240 2939 1305 2990 de
1327 2939 1777 3011 Interpretatt'one.

769 3021 1060 3071 Tunneuus.

852 3116 870 3150 ι
883 3136 896 3153 .
915 3100 984 3151 In
1002 3098 1099 3150 hoc
1111 3099 1350 3151 auctorit.
1367 3097 1542 3152 Guelf.
1566 3099 1600 3151 i.
1625 3098 1676 3151 h.
1695 3117 1781 3172 qe·

770 3197 895 3231 nere
911 3198 960 3229 a.
975 3216 991 3241 ‚
1014 3178 1158 3230 solus
1171 3216 1187 3243 ‚
1207 3191 1508 3249 repetente,
1526 3180 1583 3229 ni
1607 3177 1781 3246 fallor,

772 3258 987 3310 librario
1011 3257 1157 3328 quod
1178 3257 1341 3309 modo
1367 3270 1720 3328 praecesserat.

846 3354 894 3389 a.
927 3335 1236 3388 Aristoteles.
1265 3334 1419 3388 Rhet.
1449 3337 1550 3402 111,
1586 3352 1646 3387 η
1664 3374 1681 3403 ,
1711 3337 1777 3390 5:

771 3415 799 3470 ti
817 3412 902 3482 μὶν
932 3410 1004 3468 οἶν
1031 3417 1307 3467 imnum-m
1335 3413 1458 3481 λα’ξις
1485 3413 1783 3482 ‘nactum-13-

769 3516 886 3549 σε...
913 3494 1106 3563 d‘woes‘pae.
1137 3493 1187 3546 δι’
1214 3493 1242 3545 ti
1271 3493 1494 3548 ὑιαυιί.
1528 3498 1780 3549 Rationes

770 3589 978 3642 autem,
1001 3592 1129 3646 quas
1150 3572 1422 3644 subjungit
1436 3573 1658 3643 Quintil.
1672 3612 1689 3641 ‚
1708 3573 1777 3626 ab

769 3653 1052 3708 Aristotele
1082 3673 1194 3706 non
1232 3652 1555 3716 afi’eruntur;
1587 3671 1777 3724 quam-

771 3733 955 3787 obrem
987 3735 1296 3804 scriptorem
1326 3744 1567 3784 nostrum
1598 3751 1779 3803 repre-

769 3813 958 3867 hendit
988 3814 1252 3866 Victorius
1285 3810 1355 3863 ad
1384 3810 1488 3862 loc.
1523 3812 1739 3864 Aristot.
1758 3850 1776 3879 ‚

768 3912 826 3965 p.
843 3892 946 3945 685
959 3931 976 3960 ‚
994 3892 1138 3963 quod
1159 3892 1294 3944 male
1313 3890 1632 3945 Aristotelici
1646 3911 1776 3963 prte-

772 3973 914 4043 cepti
959 3973 1217 4023 rationem
1261 3969 1563 4023 reddiderit.
1612 3993 1636 4017 σι
1656 3971 1776 4024 Ser-

779 4070 804 4095 «
822 4067 938 4114 mo,
961 4051 1060 4116 ait,
1091 4052 1319 4102 auctoris
1350 4047 1439 4101 hic
1472 4061 1552 4102 est
1582 4048 1650 4101 de
1684 4067 1777 4102 ex-

779 4146 803 4172 ·
823 4128 1015 4200 quisita
1030 4130 1192 4200 magis
1209 4129 1487 4183 autminus
1508 4130 1777 4194 oratione,

1872 2164 1894 2188 ι
1913 2160 2023 2195 uon
2050 2141 2119 2195 de
2148 2155 2337 2195 ornatu
2364 2140 2764 2214 splendoreque
2793 2142 2882 2213 ip·

1870 2242 1896 2267 ι
1914 2224 2055 2286 sius,
2081 2234 2143 2273 ut
2168 2222 2273 2290 Qu.
2298 2221 2506 2274 videtur
2530 2221 2826 2292 accepisse.
2849 2243 2877 2270 ο

1935 2300 1987 2353 3.
2010 2301 2200 2374 Εςενεε
2218 2301 2359 2354 artis.
2377 2302 2555 2353 Turio.
2579 2318 2622 2351 e.
2654 2299 2880 2362 artibus,

1865 2398 1990 2432 cnm
2005 2380 2144 2433 Alm.
2168 2381 2314 2451 quod
2331 2378 2526 2452 probat
2547 2381 2724 2431 Bunn.
2750 2377 2884 2430 alla-

1868 2472 1924 2510 to
1947 2461 2141 2512 Justini
2164 2459 2285 2512 loco
2310 2458 2411 2525 IX,
2436 2460 2501 2526 8,
2523 2459 2720 2511 car-tibus
2739 2456 2882 2510 bella

1868 2539 2133 2591 metebat.
2162 2539 2350 2593 Facilis
2373 2554 2550 2593 tamen
2573 2550 2686 2591 erat
2708 2555 2882 2590 error.

1864 2618 2119 2672 Eamdem
2150 2619 2338 2693 egendi
2362 2630 2681 2673 structuram
2703 2616 2884 2670 habes

1865 2700 1942 2766 11,
1975 2699 2065 2765 16,
2096 2698 2175 2751 13.
2198 2700 2355 2751 -Β,
2389 2715 2436 2765 ι,
2457 2699 2595 2750 ιιι-εἰς.
2620 2700 2715 2750 En.

1937 2778 1990 2844 4.
2031 2777 2132 2833 Vet
2161 2778 2232 2830 ad
2250 2777 2577 2851 fallendum.
2609 2776 2794 2831 Guelf.
2829 2797 2881 2829 v.

1868 2856 2011 2930 quod
2043 2877 2092 2910 α.
2122 2858 2174 2930 f.
2197 2896 2215 2924 ,
2254 2876 2376 2911 eum
2414 2856 2618 2930 aliquot
2653 2855 2782 2910 edd.
2818 2869 2886 2909 nt

1868 2940 1999 2992 meis
2026 2941 2142 2991 Bas.
2166 2938 2399 3013 Gryph„
2420 2939 2573 2991 male.

1939 3017 1989 3070 5.
2024 3018 2556 3071 Aecommodandam.
2577 3019 2762 3071 Tui-ic.
2790 3035 2886 3069 ac·

1866 3097 2340 3162 commodandum,
2369 3117 2492 3150 cum
2519 3097 2694 3160 Alm.;
2724 3096 2822 3150 aed
2854 3115 2888 3148 a

1869 3177 2102 3230 secunda
2121 3197 2282 3231 manu
2299 3176 2389 3230 ille
2407 3176 2570 3230 habet
2585 3190 2882 3249 receptam.
2917 3231 2930 3240 ,

1940 3256 1992 3309 6.
2014 3257 2173 3309 Credo
2194 3257 2464 3308 rationem.
2485 3259 2561 3309 Ita
2580 3254 2757 3309 codd.
2776 3256 2889 3308 mei

1869 3349 1923 3388 et
1946 3335 2080 3388 Van.
2104 3336 2396 3407 (referente
2425 3334 2586 3387 Badio
2596 3334 2635 3405 ).
2657 3339 2886 3387 Veteres

1869 3414 2072 3485 aliquot
2095 3415 2216 3468 edd.
2243 3428 2366 3467 ante
2384 3413 2637 3467 Locatell.
2662 3432 2774 3485 quo
2793 3432 2888 3468 ae-

1869 3493 2010 3547 cedit
2025 3493 2220 3547 Aldina
2244 3508 2468 3564 utraque
2491 3512 2537 3545 c.
2558 3495 2884 3559 orationem,

1868 3573 2013 3646 quod
2068 3576 2313 3636 correxit,
2338 3575 2549 3644 Regius.
2601 3575 2850 3644 Apparet
2865 3613 2885 3639 ,

1868 3671 2027 3725 quam
2048 3652 2295 3725 proclivis
2318 3653 2476 3705 fuerit
2498 3670 2661 3705 error.

1938 3750 1987 3802 7.
2011 3730 2367 3785 Demosthenis
2389 3730 2584 3784 iisdem.
2607 3731 2694 3785 sie
2712 3731 2880 3785 Goth.

1865 3813 2008 3865 Jens.
2043 3810 2176 3882 (tac.
2209 3810 2403 3883 Gesn.)
2438 3809 2616 3865 Guelf.
2657 3810 2882 3864 hindam.

1865 3889 1969 3944 Sed
1991 3888 2112 3943 edd.
2137 3905 2373 3944 nostram
2396 3889 2522 3943 dant
2543 3908 2735 3944 omnes
2753 3904 2882 3945 ante

1865 3968 2064 4042 Gryph.
2088 3971 2180 4041 qui
2196 3972 2398 4042 primus
2415 3970 2621 4023 eisdem.
2643 3970 2888 4024 Insolen-

1865 4051 1970 4102 tior
1992 4050 2279 4121 scriptura,
2302 4051 2474 4104 invitis
2495 4048 2674 4117 libris,
2698 4050 2885 4110 obtru-

1866 4126 1923 4181 di
1945 4145 2056 4181 non
2078 4126 2323 4182 debebat·
