3200 5150
884 506 1013 575 352
1450 510 1545 575 M.
1583 510 1810 575 FABII
1845 510 2402 592 QUINTILIANI

879 629 1283 732 populares,
1309 633 1426 702 sed
1446 629 1627 704 bella
1658 636 1866 704 etiam
1890 630 2386 733 inexpiabilia¹
2423 636 2837 722 excitentur‚·
2857 659 2961 706 cu·

868 751 991 847 jus
1033 748 1325 848 denique
1370 763 1513 820 tum
1556 753 1945 843 maximus²
1985 754 2069 820 sit
2109 775 2299 836 usim,
2349 775 2566 851 quum
2608 776 2740 850 pro
2764 749 2961 849 falsis

808 878 845 930 3
884 879 1123 935 contra
1142 868 1496 935 veritatem
1513 863 1719 934 valet.
1738 864 1920 933 Nam
1938 884 2005 934 et
2017 862 2275 935 Socrati
2292 862 2674 964 objiciunt-³
2696 863 2962 953 comici,

880 979 1121 1051 docere
1137 1005 1315 1065 eum,
1330 978 1676 1079 quomodo
1692 981 1995 1076 pejorem
2009 1005 2291 1051 causam
2310 977 2662 1051 meliorem
2671 973 2963 1077 4faciat:

882 1113 981 1181 et,
1007 1112 1275 1181 contra,
1300 1090 1610 1163 Tisiam⁵
1638 1111 1705 1163 et
1738 1091 2073 1189 Gorgiam
2108 1090 2395 1180 similia,
2432 1092 2628 1182 dicit,
2662 1092 2965 1192 polliceri

807 1214 844 1280 4
881 1206 1095 1279 Plato.
1117 1209 1204 1279 Et
1221 1206 1328 1278 his
1346 1206 1684 1307 adjiciunt
1703 1207 2020 1306 exempla
2040 1209 2445 1280 Graecorum
2468 1211 2965 1280 Romanorum-

879 1349 1018 1421 que
1037 1378 1056 1410 ,
1088 1343 1157 1394 et
1185 1342 1602 1397 enumerant
1619 1378 1637 1409 ,
1663 1322 1783 1421 qui
1800 1378 1819 1410 ‚
1846 1321 2233 1420 perniciosa
2249 1320 2305 1410 ⁶,
2330 1349 2477 1394 non
2506 1322 2795 1420 singulis
2819 1343 2964 1395 tan-

879 1460 1066 1527 tum,
1096 1438 1217 1510 sed
1242 1437 1447 1510 rebus
1472 1438 1682 1510 etiam
1713 1437 2046 1538 publiciS,
2073 1438 2178 1510 usi
2204 1438 2633 1538 eloquentia,
2658 1439 2966 1511 turbave-

875 1554 1015 1626 rint
1041 1552 1460 1626 civitatiumv
1489 1573 1736 1644 status»,
1755 1552 1865 1625 vel
1895 1553 2288 1641 everterint3
2316 1579 2538 1651 eoque
2565 1575 2632 1625 et
2652 1553 2967 1626 Lacedae-

953 1713 996 1747 1.
1031 1694 1392 1766 [inexpiabilia.
1421 1694 1595 1747 Guelf.
1626 1709 1680 1747 et
1700 1697 1876 1748 Turic.

874 1774 1244 1849 inexpugnabil
1246 1776 1296 1826 ia
1305 1794 1425 1827 cum
1435 1775 1700 1846 plerisque
1710 1775 1880 1829 codd.

874 1870 927 1909 et
957 1856 1077 1909 edd.
1109 1869 1233 1908 vett.
1265 1856 1512 1907 omnibus
1540 1870 1729 1927 praeter
1756 1855 1875 1908 Ald.

875 1937 968 2006 qui
989 1934 1081 1986 dat
1104 1922 1544 2005 inextiriquibilia‚
1575 1934 1724 1985 nullo
1753 1952 1881 1985 auc—

875 2029 1004 2068 tore.
1029 2015 1311 2066 verissima
1336 2028 1572 2087 recepta,
1595 2033 1754 2085 qnam
1772 2016 1880 2067 vin-

874 2094 1052 2145 dicant
1074 2092 1235 2144 Goth.
1261 2090 1413 2163 (cum
1433 2095 1585 2144 Voss.
1616 2110 1643 2143 2
1670 2094 1879 2163 profec-

872 2187 929 2224 to
946 2208 962 2237 ,
991 2184 1267 2223 constante
1295 2172 1477 2241 socio)
1509 2183 1560 2221 et
1588 2170 1844 2225 vallensis
1861 2210 1879 2238 ,

873 2267 931 2305 ut
956 2253 1113 2304 refert
1136 2251 1354 2317 Badius,
1377 2263 1519 2302 recte
1544 2250 1766 2315 laudans¹
1781 2288 1799 2317 ‚
1822 2253 1877 2303 in

873 2345 1123 2402 textuque
1166 2349 1368 2401 ponens
1388 2369 1405 2397 ‚
1443 2348 1601 2401 quem
1638 2349 1876 2383 meorum

871 2413 1070 2482 primus
1081 2407 1796 2480 imitaturCervicornus(152
1811 2407 1875 2481 1).

871 2493 962 2542 Est
1013 2488 1321 2561 inexpiabile
1369 2487 1561 2539 bellum
1603 2488 1662 2540 id
1702 2492 1877 2561 ipsum

871 2569 1019 2640 quod
1039 2567 1154 2621 vult
1174 2566 1294 2621 Ald.
1319 2582 1643 2641 praepostero
1667 2587 1765 2621 suo
1796 2569 1875 2620 in-

865 2649 1062 2720 exeiny.
1079 2648 1162 2699 Sic
1178 2659 1434 2715 usurpant
1448 2648 1556 2698 Cic.
1574 2648 1696 2698 Har.
1715 2650 1871 2720 Resp.

871 2746 919 2779 c.
948 2728 1141 2789 2;I.iv.
1167 2726 1256 2788 IV,
1281 2723 1381 2790 35,
1407 2725 1472 2779 8:
1497 2727 1746 2792 XXXIII,
1779 2728 1873 2793 13,

870 2805 935 2867 8;
963 2802 1327 2873 {nomn-47,
1350 2821 1414 2872 93
1444 2804 1580 2856 Flor.
1608 2807 1696 2871 IV,
1722 2805 1786 2872 4,
1820 2823 1872 2872 1,

870 2902 1043 2955 neque
1075 2881 1261 2934 dubito
1292 2885 1420 2954 quin
1449 2896 1591 2935 recte
1620 2885 1875 2935 Burman-

839 2955 846 2960 ’
869 2982 971 3014 nus
989 2963 1074 3032 (in
1092 2960 1227 3013 Add.
1250 2961 1316 3012 ad
1331 2961 1470 3032 Qu.)
1487 2975 1713 3033 reponat
1731 2964 1876 3035 apud

868 3044 994 3094 Tac.
1024 3042 1160 3094 Ann.
1186 3041 1286 3105 m,
1317 3040 1411 3107 73,
1450 3057 1495 3105 1,
1524 3057 1622 3110 pro
1652 3039 1877 3112 inexpli-

867 3119 1036 3171 cabili.
1062 3148 1136 3160 ·—
1155 3120 1261 3170 RR.
1295 3135 1313 3169 1
1332 3155 1348 3184 ,
1374 3116 1406 3169 5
1431 3131 1483 3170 et
1505 3118 1666 3170 Cain».
1685 3156 1702 3184 ‚
1730 3119 1874 3171 inex-

863 3197 1188 3273 pugnabilia.
1209 3199 1300 3248 En.

942 3297 991 3330 2.
1013 3279 1293 3329 Maximus.
1315 3277 1398 3329 Sic
1417 3275 1590 3329 Guelf.
1614 3296 1737 3329 cum
1761 3297 1871 3329 om-

867 3356 1024 3409 nibus
1045 3375 1212 3427 prope
1227 3355 1394 3408 Codd.
1412 3368 1465 3407 et
1479 3355 1597 3407 edd.
1615 3371 1740 3408 vett.
1759 3360 1875 3408 Nec

865 3434 1018 3487 video
1036 3454 1129 3486 cur
1143 3437 1314 3486 Burm.
1330 3473 1346 3498 ,
1361 3453 1483 3486 cum
1498 3453 1671 3505 eoque
1682 3436 1840 3486 Gesn.
1854 3474 1872 3501 ,

866 3514 1148 3586 maluerint
1201 3515 1429 3564 maxime
1448 3552 1464 3578 ,
1516 3517 1872 3566 recentiorum

863 3595 1194 3665 scripturam.
1206 3595 1383 3646 Turio.
1399 3592 1595 3644 siletur.
1622 3622 1683 3633 —
1698 3594 1805 3645 RR.
1824 3609 1870 3659 1,

869 3692 927 3740 2,
952 3675 984 3726 3
1010 3689 1061 3725 et
1085 3675 1275 3738 Caum,
1300 3672 1544 3722 maxime.
1571 3674 1664 3724 En.

943 3753 995 3805 3.
1048 3751 1258 3804 Comici.
1311 3752 1452 3802 Nota
1502 3750 1870 3821 Aristophanis

863 3833 1242 3904 prosopopoeia
1284 3829 1371 3880 τοῦ
1413 3829 1594 3880 &maino
1646 3830 1773 3901 (qui
1819 3845 1873 3883 et

863 3911 1111 3982 ιμίττον)
1142 3909 1222 3961 καὶ
1253 3909 1417 3962 &law
1449 3909 1572 3981 (qui
1605 3925 1658 3962 et
1689 3911 1871 3983 ἕπον)

864 3989 1024 4057 λόγου.
1037 3991 1215 4044 Nubb.
1229 4012 1275 4042 v.
1291 3991 1444 4044 882-1
1463 3990 1559 4057 104
1574 4010 1659 4061 ap.
1679 3991 1868 4044 ank.

865 4074 1049 4142 Neque
1059 4090 1196 4124 unus
1207 4071 1587 4143 Aristophanes
1599 4073 1869 4124 Socratem

865 4150 1238 4216 insectabatur,
1259 4148 1354 4202 sed
1374 4163 1426 4202 et
1444 4150 1532 4201 alii
1549 4153 1741 4202 comici
1753 4191 1768 4215 ‚
1787 4170 1870 4202 ve-

865 4226 946 4282 lut
963 4231 1220 4301 Amipsias
1244 4243 1296 4282 et
1318 4229 1552 4301 Eupolis.
1577 4230 1778 4294 Seneca
1800 4229 1867 4282 de

1967 1697 2071 1746 Vit.
2096 1694 2236 1747 beat.
2263 1713 2308 1746 c.
2333 1712 2420 1765 27,
2442 1695 2617 1765 ipsum
2637 1694 2766 1746 facit
2787 1693 2963 1747 dieen-

1970 1789 2104 1827 tem:
2138 1798 2160 1820 ι
2183 1787 2295 1825 tota
2316 1773 2406 1825 illa
2430 1776 2762 1827 mimicorum
2782 1788 2967 1846 poeta-

1975 1872 2134 1905 urum
2153 1872 2343 1906 manus
2358 1855 2413 1906 in
2431 1872 2515 1904 me
2527 1868 2818 1906 venenatos
2842 1854 2963 1907 sales

1973 1951 2142 1985 «suos
2183 1933 2436 1991 effudit.
2482 1935 2637 2003 Diog.
2679 1935 2854 1985 Laert.
2896 1936 2965 2001 Π,

1971 2032 2066 2067 2ο;
2084 2009 2401 2081 Ἀριστοφάνης
2424 2008 2566 2064 ιῠτόι
2591 2014 2810 2081 κυμοέιῗ
2826 2013 2966 2069 δια-ὸν

1969 2090 2091 2141 ὕπο
2116 2086 2250 2157 λέγον
2274 2088 2461 2158 περιίστα
2489 2111 2578 2141 eon
2581 2089 2738 2144 ot'irra..
2759 2092 2897 2144 Vide
2919 2105 2967 2143 et

1965 2168 2145 2222 Nubb.
2167 2171 2322 2221 Arist.
2342 2188 2387 2220 v.
2410 2169 2506 2238 98,
2527 2186 2623 2239 99;
2644 2172 2699 2221 it.
2725 2171 2963 2225 112-118.

1966 2249 2045 2299 De
2064 2246 2164 2298 hac
2181 2260 2355 2299 autem
2364 2250 2622 2319 jactantia
2635 2251 2967 2320 Protagorion

1965 2325 2084 2378 vide
2104 2328 2318 2377 Aristot.
2340 2326 2515 2378 Rhett.
2533 2328 2579 2377 ΙΙ
2589 2327 2691 2393 ,24
2710 2341 2842 2380 extr.
2863 2331 2963 2383 OEe

1965 2406 2108 2457 Brut.
2133 2424 2180 2456 c.
2209 2406 2374 2458 8init.
2401 2405 2534 2458 Gen.
2558 2408 2625 2472 V,
2648 2405 2839 2458 δοκεῖ.

2035 2483 2087 2550 4.
2112 2484 2305 2535 Faciat.
2331 2484 2638 2555 subjectum
2662 2498 2744 2538 est
2760 2485 2963 2559 aliqui&

1965 2560 2098 2615 vide
2123 2561 2192 2616 ad
2214 2560 2695 2630 11‚15‚12‚ve11·t.

2036 2640 2085 2694 5.
2116 2642 2367 2694 Tisiam...
2399 2641 2571 2694 Plato.
2596 2642 2757 2698 Taceat
2783 2663 2841 2695 *n
2864 2652 2967 2712 Γορ-

1963 2720 2073 2786 'ye‘ac
2103 2741 2213 2773 τι...
2245 2723 2316 2775 τὸ.
2342 2718 2518 2790 σμικραὶ
2538 2738 2764 2788 atym,
2796 2721 2883 2774 καὶ
2900 2719 2963 2775 τὶ

1955 2795 2155 2865 pimini
2181 2796 2375 2867 σμικραὶ,
2401 2801 2647 2866 educens
2667 2802 2866 2852 οοιοῧσο
2888 2797 2968 2852 δἐὶ

1962 2875 2111 2948 ‘inipetu
2133 2878 2294 2945 λόγου.
2318 2878 2519 2934 Phaedr.
2544 2900 2598 2952 p.
2628 2881 2727 2951 267
2752 2883 2831 2943 Δ;
2858 2883 2960 2952 Rip.

1960 2959 2065 3010 vol.
2106 2962 2182 3026 X,
2216 2960 2339 3026 364.
2373 2960 2508 3013 Vide
2542 2975 2597 3013 et
2633 2960 2805 3031 ejusd.
2844 2961 2961 3014 dial.

1961 3058 2015 3110 p.
2047 3040 2147 3110 273
2172 3043 2215 3092 Δ
2240 3042 2282 3092 Β
2303 3041 2375 3101 C;
2400 3042 2512 3112 Bip.
2539 3041 2663 3110 367,
2689 3058 2738 3110 7.

2032 3122 2084 3172 6.
2129 3122 2498 3174 Perniciosa...
2536 3121 2854 3195 eloquentia.
2892 3124 2964 3175 Eo

1962 3202 2175 3252 nomine
2196 3201 2471 3253 Gracchos
2496 3215 2713 3254 accusat
2735 3201 2965 3254 Scaevola

1962 3279 2106 3350 apud
2132 3281 2239 3332 Cic.
2271 3277 2337 3331 de
2365 3282 2457 3333 Or.
2487 3282 2540 3346 1,
2566 3297 2603 3350 9
2628 3293 2760 3332 extr.
2780 3319 2797 3344 ‚
2830 3278 2964 3332 indi-

1962 3371 2116 3408 cante
2125 3356 2391 3409 Turnebo.
2404 3358 2537 3410 Vide
2546 3371 2822 3410 auctorem
2832 3356 2961 3411 nial.

1962 3433 2029 3487 de
2038 3439 2207 3488 Oratt.
2223 3454 2270 3486 c.
2290 3437 2376 3505 37,
2388 3454 2555 3506 usque
2573 3436 2639 3488 ad
2652 3437 2815 3488 finem
2830 3436 2960 3488 libn‘.

2034 3530 2082 3583 7.
2125 3514 2441 3567 Civitatium.
2480 3516 2655 3569 Guelf.
2694 3516 2965 3567 civitatum

1963 3607 2015 3645 et
2034 3612 2216 3645 omnes
2235 3608 2491 3664 quantum
2507 3595 2665 3647 video
2684 3594 2823 3649 libri.
2842 3597 2965 3647 Bur-

1962 3691 2183 3725 mannus
2197 3671 2404 3725 videtur
2414 3677 2644 3747 primus,
2662 3693 2842 3746 neque
2861 3693 2966 3727 mo-

1960 3754 2071 3803 nito
2092 3751 2291 3804 lectore
2311 3752 2423 3817 ille,
2442 3755 2720 3806 inseruisse
2741 3755 2761 3803 i
2771 3792 2788 3815 ‚
2808 3771 2963 3825 quem

1961 3850 2075 3884 esse
2118 3831 2500 3901 diligentiorem
2539 3833 2809 3886 scribendi
2848 3851 2963 3884 mo-

1960 3911 2087 3962 dum
2120 3911 2315 3963 docent
2343 3915 2561 3964 Vossius
2588 3916 2643 3964 in
2675 3910 2960 3965 Aristarch.

1959 3993 1993 4044 l.
2022 3996 2107 4052 lv,
2131 4012 2184 4064 p.
2214 3993 2355 4063 744;.
2377 4008 2429 4045 et
2456 3993 2723 4047 Drakenb.
2754 3993 2827 4045 ad
2854 3995 2959 4044 Ijv.

1956 4074 2200 4135 XXXIII,
2225 4090 2317 4138 2ο,
2344 4090 2363 4123 1
2381 4091 2422 4125 ι.
2444 4075 2629 4145 Neque
2649 4088 2829 4125 tamen
2853 4086 2967 4124 tuta

1957 4150 2254 4203 emendatio
2271 4170 2433 4222 quum
2448 4155 2613 4204 Varro
2632 4155 2749 4224 ipse
2768 4165 2963 4203 utram·

1958 4249 2061 4301 que
2087 4232 2300 4302 genitivi
2324 4230 2553 4285 formam
2577 4230 2835 4287 defendat
2849 4269 2868 4299 ,
2895 4229 2961 4282 de
