3200 5150
745 502 1395 575 INSTITUTIONIS
1433 507 1689 575 ORAT.
1730 508 1890 576 LIB.
1931 509 1998 591 1,
2046 533 2099 576 ι.

2333 512 2475 601 ,59

373 625 527 700 dior
552 627 767 727 stylus
790 629 1277 728 cogitationem
1312 649 1660 720 moratur;
1691 630 1882 703 rudis
1910 651 1979 704 et
2009 632 2342 705 confusus
2374 633 2477 704 in·

371 740 651 815 tellectu
679 765 895 819 caret:
924 745 1113 819 unde
1140 744 1454 845 sequitur
1476 743 1648 817 alter
1671 745 2012 837 dictandi,
2039 773 2194 845 quae
2218 773 2300 820 ex
2322 748 2431 823 his
2450 762 2469 795 ¹

371 861 846 933 transferenda
886 882 1051 934 sunt
1074 918 1094 952 ‚
1137 860 1354 934 labor.
1401 862 1641 952 Quare
1684 890 1850 935 cum
1896 890 2172 965 semper
2215 885 2283 938 et
2325 865 2476 938 ubi·
2515 903 2583 957 29

371 1000 548 1072 que,
591 995 743 1047 tum
780 975 1125 1076 praecipue
1160 976 1232 1048 in
1267 974 1570 1078 epistolis
1606 977 1878 1051 secretis
1911 998 1980 1051 et
2013 977 2475 1053 familiaribus

370 1088 741 1163 delectabit
756 1118 846 1164 ne
870 1092 1004 1164 hoc
1029 1090 1317 1192 quidem
1345 1090 1746 1190 neglectum
1777 1091 2155 1193 reliquisse.
2179 1093 2475 1194 Syllabis
2512 1120 2581 1175 30

371 1203 653 1278 nullum
689 1205 1192 1309 compendium
1235 1227 1373 1281 est:
1415 1206 1886 1307 perdiscendae
1917 1232 2165 1280 omnes
2188 1222 2261 1298 ²;
2304 1234 2473 1300 nee,

371 1340 450 1391 nt
466 1322 542 1392 fit
556 1321 1006 1422 plerumque,
1029 1310 1446 1395 difficillima
1464 1348 1762 1424 quaeque
1787 1344 2029 1397 earum
2055 1322 2473 1414 differenda,

370 1456 449 1506 ut
468 1435 540 1506 in
561 1437 970 1511 nominibus
987 1437 1366 1513 scribendis
1382 1438 2016 1542 deprehendantur.
2036 1439 2234 1532 Quin
2252 1439 2473 1513 immo
2512 1460 2573 1535 321

369 1577 459 1624 ne
495 1551 737 1651 primae
765 1552 1053 1655 quidem
1087 1554 1446 1626 memorioe
1476 1574 1739 1627 temere
1774 1553 2248 1644 credendum3
2285 1581 2474 1654 repe·

366 1687 509 1738 tere
528 1724 547 1757 ,
579 1687 646 1739 et
674 1666 796 1741 diu
823 1666 1174 1744 inculcare
1192 1726 1213 1761 ‚
1242 1669 1453 1742 fuerit
1478 1669 1747 1760 utilius;
1776 1689 1846 1742 et
1877 1669 1951 1745 in
1984 1667 2280 1743 lectione
2304 1696 2474 1768 quo-

366 1794 515 1881 que‘
541 1809 687 1857 non
722 1808 1090 1887 properare
1115 1783 1204 1857 ad
1235 1783 1787 1859 continuandam
1804 1781 1834 1829 ³
1864 1808 2021 1856 eam
2038 1839 2057 1874 ‚
2082 1783 2192 1857 vel
2216 1784 2472 1859 accele-

365 1899 659 1971 randam
674 1929 692 1988 3
710 1899 844 1975 nisi
859 1927 1085 2000 quum
1101 1900 1450 1974 inoffensa
1463 1923 1669 2000 atque
1685 1900 2074 1976 indubitata
2088 1899 2467 1975 litterarum

364 2013 545 2093 inter
576 2040 649 2087 se
683 2015 1083 2116 conjunctio
1118 2015 1556 2116 suppeditare
1589 2016 1739 2088 sine
1774 2016 1917 2089 ulla
1957 2015 2307 2116 cogitandi
2339 2016 2470 2088 sal·

364 2148 507 2207 tem
545 2157 742 2206 mora
769 2131 1036 2237 poterit.
1067 2133 1275 2205 Tunc
1309 2130 1474 2233 ipsis
1505 2131 1787 2231 syllabis
1818 2132 2029 2206 verba
2062 2129 2468 2231 complecti,
2507 2120 2517 2129 ⁶

444 2336 487 2373 ι.
510 2320 595 2373 Ex
613 2318 707 2372 his.
728 2322 898 2373 Etiam
911 2321 1085 2374 Guelf.
1109 2340 1208 2394 pro
1228 2320 1375 2374 hisce

364 2396 527 2458 habet
550 2409 627 2464 et,
651 2400 787 2452 sicut
809 2401 1073 2473 pleraeque
1099 2400 1220 2454 edd.
1245 2415 1371 2456 vett.

286 2536 293 2543 .
366 2494 530 2548 quare
570 2479 729 2533 Gosn.
777 2493 932 2553 putat
971 2483 1122 2552 Regii
1166 2492 1374 2534 tantum

364 2561 725 2631 conjecturam
754 2579 869 2615 esse
896 2581 960 2616 ex
988 2561 1081 2616 his.
1112 2562 1217 2618 Sed
1241 2563 1374 2618 Gib-

364 2656 529 2691 sonus
553 2636 621 2693 de
644 2643 753 2695 suis
776 2639 945 2694 Codd.
973 2655 1144 2710 tacet,
1172 2658 1229 2696 ut
1253 2662 1376 2716 pno-

364 2716 543 2773 babile
567 2718 684 2786 fiat,
706 2723 764 2772 in
786 2722 878 2786 iis,
903 2721 1169 2784 “homin
1191 2719 1339 2775 Bodl.
1355 2759 1372 2789 ‚

365 2814 480 2848 esse
521 2814 805 2871 receptam.
839 2831 913 2842 --
947 2802 1033 2856 Ex
1066 2800 1175 2866 his,
1208 2803 1370 2855 Cam.

364 2877 629 2929 omittunt
648 2880 708 2929 R.
732 2893 780 2944 1,
799 2898 848 2943 2,
865 2880 915 2945 4.
934 2882 1205 2935 En.—Ex
1219 2880 1312 2935 his.
1329 2885 1373 2935 E

356 2967 473 3008 tam
496 2953 634 3007 male
661 2959 869 3029 scriptis
893 2962 1302 3016 commentariis.

439 3051 487 3086 2.
511 3033 862 3090 Perdiscendoe
880 3055 1070 3092 omnes.
1092 3038 1213 3091 Scil.
1232 3058 1375 3111 quae-

361 3131 576 3184 cunque
608 3113 912 3167 efficiuntur
945 3134 1042 3187 per
1077 3119 1375 3170 universam

360 3190 766 3262 lingnam‚varie
774 3194 1059 3267 jungendis
1074 3198 1212 3250 inter
1224 3215 1281 3250 se
1296 3197 1376 3250 lit-

360 3273 933 3328 teris.—-Perdiscendoe
950 3291 1126 3330 omnes
1140 3275 1367 3349 syllaboe.

362 3352 435 3405 Ut
467 3350 862 3424 dignoscantur,
891 3371 1053 3427 quum
1088 3370 1271 3427 agetur
1303 3355 1371 3408 de

365 3431 656 3486 scribendis
689 3435 791 3500 eis,
830 3429 896 3486 de
930 3433 1220 3488 scribendis
1253 3455 1369 3487 om-

362 3510 520 3569 nibus
548 3511 775 3585 syllabis.
805 3511 1035 3586 Quidam
1065 3514 1246 3585 legunt
1274 3533 1370 3567 no-

362 3591 601 3644 minibus.
628 3591 852 3645 Videtur
885 3592 998 3645 haec
1033 3593 1367 3646 consuetudo

364 3670 528 3724 fuisse
548 3671 693 3743 apud
711 3685 910 3727 veteres
922 3713 939 3741 ,
958 3686 1017 3725 ut
1036 3677 1189 3747 pueri
1207 3674 1372 3727 doce-

363 3762 547 3812 rentur
558 3753 787 3822 primum
803 3771 959 3805 nosse
975 3769 1037 3805 ac
1052 3752 1225 3824 legere
1238 3752 1373 3806 litte·

361 3845 447 3880 ras
459 3865 475 3891 ‚
493 3826 811 3900 easdemque
826 3834 1081 3885 continuo
1101 3845 1224 3904 post
1242 3834 1371 3884 scri-

359 3908 517 3964 bere:
547 3921 658 3960 tum
678 3905 901 3982 syllabas
926 3928 988 3963 ac
1013 3910 1269 3963 vocabula
1292 3910 1371 3965 le-

359 4003 504 4060 gere,
516 3986 809 4060 eademque
819 4005 940 4042 mox
952 3991 1197 4046 scribere.
1210 3994 1367 4044 Rota.

360 4097 434 4110 --
451 4067 764 4122 Nominibus
790 4070 961 4122 Guelf.
989 4071 1224 4124 omnibus
1246 4088 1369 4122 cum

361 4148 540 4202 multis
579 4167 705 4201 sane
739 4148 906 4202 Codd.
943 4149 1039 4201 sed
1074 4147 1370 4204 defendunt

358 4241 627 4304 receptam
670 4247 702 4285 a
743 4229 980 4286 Gesnero
1027 4245 1169 4285 nom.
1211 4233 1364 4286 Voss.

1466 2322 1603 2375 Alm.
1646 2336 1699 2375 et
1733 2321 1863 2377 Obr.
1897 2322 2121 2374 fortasse
2153 2340 2214 2372 ex
2255 2314 2467 2393 Argent.

1463 2401 1582 2454 vid.
1601 2400 1732 2466 adl,
1751 2400 1815 2466 6,
1836 2398 2045 2453 5.-1n
2059 2399 2310 2452 omnibus.
2327 2402 2390 2452 R.
2411 2417 2468 2465 2,
2498 2450 2506 2462 ,

1462 2480 1526 2548 4,
1551 2480 1615 2548 5,
1638 2481 1689 2534 6.
1711 2482 1871 2534 Gaui».
1899 2479 1966 2531 In
1989 2478 2300 2532 nominibus.
2326 2481 2390 2532 R.
2424 2496 2470 2543 ι,
2541 2482 2546 2487 “

1467 2579 1525 2630 a,
1549 2581 1656 2615 sec.
1679 2579 1780 2613 ma.
1807 2562 1899 2614 En.
1916 2589 1988 2599 —
2015 2558 2157 2611 Utin
2177 2558 2471 2612 nominibus

1460 2640 1732 2693 scribendis
1758 2637 2225 2711 deprehendantur.
2256 2639 2341 2692 sic
2372 2637 2471 2690 ha-

1461 2720 1553 2772 bet
1577 2721 1702 2776 satis
1725 2720 1929 2772 firmata
1950 2737 1979 2770 a
2000 2716 2168 2771 Codd.
2190 2720 2468 2791 scriptura.

1460 2800 1699 2853 Nomina
1718 2813 1894 2852 autem
1914 2798 1967 2851 h.
1987 2798 2020 2851 l.
2044 2817 2154 2851 non
2175 2800 2469 2871 acceperim

1457 2879 1699 2951 propria,
1725 2877 1821 2931 sed
1842 2873 2104 2930 vocabula
2129 2891 2282 2930 certae
2305 2879 2469 2950 partis

1462 2960 1716 3011 orationis
1732 2996 1750 3025 ‚
1779 2957 1851 3010 ob
1879 2956 1935 3012 id
1959 2955 2106 3029 quod
2130 2955 2324 3010 dicitur
2345 2975 2471 3009 mox

1462 3039 1511 3106 S.
1550 3037 1636 3103 34.
1663 3035 1781 3090 vid.
1820 3038 1876 3102 1,
1913 3036 1946 3102 4
1963 3074 1980 3102 ,
2025 3036 2102 3089 18.
2143 3036 2471 3107 Deprehendi

1463 3127 1640 3169 autem
1657 3127 1735 3167 est
1748 3115 1963 3181 haerere,
1974 3117 2026 3170 in
2044 3129 2244 3166 arctum
2257 3114 2467 3180 deferri,

1464 3198 1601 3249 sicut
1621 3197 1735 3267 ipse
1754 3197 1947 3247 Noster
1965 3195 2060 3247 ΧΠ
2071 3233 2087 3262 ,
2105 3196 2137 3247 8
2150 3234 2167 3260 ‚
2184 3195 2243 3247 6:
2272 3217 2295 3241 κ
2313 3198 2471 3249 Dein·

1466 3295 1488 3321 ιι
1510 3274 1577 3327 de
1614 3273 2071 3346 deprehenduntur
2104 3288 2159 3327 et
2193 3293 2463 3327 causam...

1466 3371 1489 3402 α
1511 3371 1573 3408 ex
1602 3354 1909 3407 adversariis
1938 3352 2165 3408 discunt.
2190 3378 2212 3403 ι
2247 3353 2469 3427 Subjec-

1460 3448 1572 3488 turn
1601 3436 1873 3487 sententiae
1901 3441 2023 3489 sn'nt
2048 3433 2230 3507 pueri,
2267 3435 2390 3505 qui,
2424 3437 2466 3487 si

1458 3513 1765 3567 difficillima
1788 3529 2009 3586 qumque
2030 3509 2351 3587 syllabarum
2372 3509 2470 3565 dif-

1454 3591 1643 3659 fertur,
1656 3589 1930 3645 haerebtmt
1945 3595 1998 3647 in
2015 3594 2196 3646 nomin
2203 3592 2322 3645 ibus
2337 3595 2466 3645 seri-

1457 3671 1664 3725 bendis.
1711 3671 1784 3724 Ut
1817 3672 2023 3725 ironice
2067 3670 2465 3744 quodammodo

1458 3752 1661 3804 dictum
1672 3789 1689 3817 ,
1706 3753 1855 3822 quasi
1871 3770 1935 3804 eo
1953 3752 2174 3805 consilio
2190 3750 2466 3803 differrent

1460 3829 1823 3883 difficillimam
1887 3849 2152 3902 quamque
2211 3825 2466 3903 syllabam

1459 3910 1708 3980 magistri.
1735 3911 1921 3980 Neque
1948 3913 2085 3963 enim
2110 3912 2462 3962 necessarium

1458 4005 1581 4041 cum
1605 3989 1906 4043 Burmanni)
1929 4003 2029 4062 pro
2054 3999 2116 4041 ut
2132 3987 2360 4041 seribere
2379 4007 2461 4042 ne.

1529 4067 1579 4121 3.
1601 4067 2040 4121 marmanum.
2058 4071 2126 4121 Ut
2136 4072 2248 4141 jam
2259 4071 2466 4138 integra

1456 4145 1716 4201 vocabula
1733 4186 1750 4214 ,
1778 4166 1889 4201 non
1918 4165 2069 4202 mere
2099 4147 2309 4222 syllaba:
2336 4166 2463 4221 pro-

1457 4231 1793 4285 nunciemur.
