3200 5150
1136 451 1184 514 P
1193 444 1552 515 RAEFATI
1563 446 1640 515 O
2123 464 2129 473 ’
2387 481 2423 543 7

350 594 593 663 genere
621 590 896 640 novasse
922 570 1172 661 aliquid
1200 570 1465 639 videtur
1486 573 1851 654 Gibsonus,
1884 575 1972 640 ita
1991 591 2215 642 tamen
2245 594 2344 657 ut,
2372 586 2426 643 si

352 680 683 768 proximos
710 673 1515 763 ‚decessoteffleserebau
1544 697 1843 745 veterum
1872 683 2255 747 auctoritate
2288 704 2424 747 non

351 806 617 872 prorsus
649 802 921 851 careret.
950 785 1172 868 Quum
1202 784 1382 849 enim
1408 784 1612 872 vulgo
1637 787 2088 852 Institutiones
2126 790 2424 853 oratoriae

344 890 836 977 appellarentur
862 890 933 955 hi
961 889 1111 955 libri
1126 940 1143 970 ,
1173 888 1508 956 Gibsonus
1532 890 2028 980 inscriptionem
2050 891 2221 959 hanc
2244 917 2424 959 com-

336 1013 697 1087 parentem·
720 997 788 1061 in
818 994 1127 1061 Leidensi
1156 996 1460 1086 exemplo
1489 995 1705 1085 quod,
1745 1013 1820 1061 ut
1847 997 2011 1077 dixi,
2048 998 2419 1087 repetebat,
2479 1010 2484 1015 '

348 1101 624 1167 mutavit
649 1101 888 1181 altera,
926 1124 1072 1191 quae
1101 1101 1193 1168 sic
1226 1100 1424 1173 habet
1447 1148 1461 1165 .
1499 1104 1590 1166 M.
1627 1104 1698 1167 F.
1730 1103 1856 1185 Qu.
1890 1102 1976 1168 de
2005 1105 2422 1170 Institutione

345 1205 646 1272 Oratoria
694 1207 846 1272 libri
887 1208 1036 1272 XII.
1083 1209 1245 1272 Eam
1287 1198 1600 1297 deinceps
1642 1226 1873 1274 omnes
1920 1228 2419 1298 expresserunt,-

345 1311 471 1375 nisi
512 1311 701 1402 quod
737 1312 1037 1378 Rollinus
1076 1313 1399 1401 Epitomae
1435 1332 1573 1378 suae
1613 1314 1890 1402 praefixit
1929 1316 2194 1381 titulum
2234 1317 2420 1382 illum

341 1418 705 1506 antiquitus
732 1418 1241 1509 frequentatum.
1263 1419 1738 1485 vetustissimae
1766 1419 2039 1510 quidem
2065 1420 2422 1502 editiones,

343 1523 535 1588 sicuti
563 1541 796 1589 notum
815 1540 945 1603 est,
978 1523 1514 1614 inscriptionibus
1538 1546 1761 1591 carere
1789 1526 2023 1593 solent.
2056 1528 2151 1592 Ita
2176 1529 2241 1592 in
2268 1529 2424 1593 Jen-

342 1629 614 1699 soniana
641 1653 778 1695 non
800 1631 926 1696 nisi
949 1630 1034 1695 a'd
1058 1630 1303 1697 calcem
1329 1630 1525 1720 primi
1553 1631 1949 1722 initiumque
1971 1631 2249 1698 secundi
2271 1631 2425 1698 libri

343 1733 655 1822 leguntur
681 1733 859 1801 haec:
889 1738 1016 1819 Qu.
1055 1734 1140 1801 de
1182 1737 1602 1803 Institutione
1635 1738 1933 1803 Oratoria
1967 1738 2137 1804 liber
2167 1740 2421 1828 primus

282 1925 286 1928 Α
341 1838 490 1904 finit
515 1879 593 1889 —
621 1841 955 1907 secundus
986 1842 1233 1930 incipit.
1276 1844 1353 1906 In
1390 1845 1641 1908 caeteris
1677 1840 1843 1907 nihil
1875 1845 2001 1909 nisi
2035 1843 2424 1927 Quintiliani

344 1943 511 2009 liber
532 1947 792 2025 tertius,
821 1964 942 2012 etc.
965 1947 1305 2012 'Tarvisina
1326 1948 1393 2012 in
1417 1947 1749 2036 prioribus
1772 1944 1950 2013 libris
1974 1947 2174 2014 habet
2190 1951 2226 2013 J
2233 1970 2421 2014 enso-

341 2051 604 2116 nianam
636 2051 814 2116 illam
843 2052 1337 2141 inscriptionem
1355 2103 1371 2133 ,
1402 2053 1471 2118 in
1500 2053 1771 2143 reliquis
1793 2103 1809 2134 ,
1841 2053 2053 2143 iisque
2082 2053 2418 2143 pluribus,

339 2156 661 2247 pluralem
699 2159 920 2246 ponit,
962 2176 1035 2222 ut
1072 2175 1138 2222 et
1172 2156 1257 2222 ad
1288 2158 1538 2224 calcem
1575 2160 1777 2223 totius
1806 2160 2060 2248 operis3
2099 2158 2290 2248 cujus
2323 2174 2421 2223 ta-

342 2257 501 2325 men
523 2253 791 2327 titulum
819 2263 886 2326 in
916 2263 1135 2327 fronte
1163 2282 1287 2329 nec
1322 2263 1461 2351 ipsa
1498 2262 1718 2327 hebet.
1753 2262 2077 2329 Looaoellae·
2107 2254 2312 2328 editio
2351 2263 2421 2328 in

341 2367 616 2455 singulis
657 2366 841 2433 libris
885 2365 1208 2447 ostendit3
1245 2365 1331 2432 de
1370 2369 1528 2433 lust.
1569 2367 1886 2448 oratoria,
1926 2368 2169 2453 influe
2203 2369 2420 2458 plum·

341 2472 502 2553 lem,
530 2473 598 2536 in
618 2474 839 2538 frome
856 2474 1077 2561 operis
1095 2473 1523 2561 inscriptione
1540 2489 1737 2539 caret.
1761 2473 2055 2563 Reliquae
2076 2473 2420 2563 deinceps,

343 2600 505 2667 quas
534 2577 807 2669 quidem
834 2579 1004 2658 vidi,
1033 2579 1648 2669 pluralem‚ponunt
1675 2574 1744 2646 iu
1776 2580 1969 2645 titulo
2007 2595 2240 2645 omnes
2269 2597 2423 2646 ante

337 2686 742 2768 Gibsonum,
773 2689 841 2752 in
869 2688 1142 2777 singulis
1172 2703 1391 2753 tamen
1421 2688 1606 2753 libris
1633 2689 1957 2754 variantes
1990 2703 2057 2753 et
2085 2690 2261 2777 ipsae.
2292 2690 2424 2753 No-

342 2815 500 2861 men
538 2798 758 2886 operis
812 2815 1191 2886 expressum
1240 2819 1278 2862 a
1324 2798 1644 2887 scriptore
1690 2787 1826 2862 no'n
1871 2798 2148 2862 memini
2186 2809 2427 2886 praeter

339 2900 563 2966 locum
592 2902 660 2964 in
689 2903 962 2990 epistola
991 2902 1073 2968 ad
1112 2901 1573 2992 bibliopolam,
1607 2903 1723 2993 qui
1751 2925 1911 2968 sane
1940 2901 2241 2968 defendit
2268 2900 2424 2966 Gib-

265 3017 271 3026 ·
330 3007 707 3073 ‚sonianiam
735 3008 1248 3096 inscriptionem.
1274 3011 1511 3097 Neque
1530 2997 1922 3074 tarnen'tuto
1948 3005 2103 3072 inde
2127 3006 2423 3094 colligas,

344 3114 474 3180 hoc
518 3115 933 3203 potissimum
980 3115 1265 3179 nominis
1308 3115 1691 3204 impositum
1731 3113 1816 3179 ab
1862 3115 2007 3202 ipso
2054 3135 2196 3178 esse
2242 3111 2424 3176 libris

344 3221 545 3288 hisce.
586 3225 670 3288 Et
705 3220 906 3288 habet
938 3223 1106 3288 alter
1140 3220 1253 3286 ille
1282 3222 1512 3287 titulus
1545 3241 1836 3300 morem,
1872 3241 2007 3311 quo
2040 3242 2112 3285 se
2141 3231 2423 3296 tueatur,

345 3329 640 3417 ipsorum
670 3314 971 3394 veterum
1010 3325 1464 3393 Institutiones
1501 3325 1976 3416 appellantium
2007 3324 2211 3389 libros
2229 3374 2246 3404 ,
2279 3323 2426 3412 qui-

345 3433 470 3501 bus
512 3434 839 3501 elementa
875 3436 1031 3500 artis
1073 3432 1414 3524 cujusdam
1457 3441 1855 3499 enarrarent.
1908 3429 2256 3496 Credimus
2299 3429 2430 3497 hoc

347 3542 687 3606 Lactantio
725 3525 967 3608 diserte
995 3541 1541 3607 commemoranti
1578 3540 1902 3606 in‘fronte
1932 3538 2426 3605 Institutionum

350 3646 771 3726 Divinarum3
811 3663 876 3712 ct
911 3663 1129 3735 potest
1162 3646 1452 3713 conferri
1489 3645 1822 3726 Bai-thius,
1862 3644 1947 3710 de
1984 3641 2311 3737 ejusmodi
2347 3642 2428 3706 ti·-

348 3749 493 3815 tulo
527 3753 795 3840 copiose
831 3750 1173 3842 disputans
1208 3751 1514 3818 Adversa.
1550 3749 1663 3816 lib.
1701 3753 1799 3830 11,
1838 3773 1894 3816 c.
1945 3771 2040 3838 ¹7,
2079 3750 2195 3839 qni
2233 3747 2428 3811 etiam

352 3856 634 3920 Vitruvii
652 3860 860 3923 utitur
876 3859 1280 3940 auctoritate,
1302 3858 1631 3948 prooemio
1649 3856 1801 3921 libri
1820 3855 2085 3944 septimi
2098 3852 2430 3918 Architec-

355 3963 606 4028 tonicas
646 3962 1088 4031 institutiones
1126 3946 1454 4054 ponentis.
1500 3960 1866 4028 Commode
1907 3982 2116 4050 quum
2154 3956 2436 4058 liujusce

357 4065 800 4156 inscriptionis
838 4068 1075 4157 plurali
1106 4069 1465 4156 contuleris
1498 4068 1766 4135 titulum
1801 4064 1951 4131 libri
1983 4061 2430 4143 Ciceroniani5
