3200 5150
819 494 941 578 144

1378 434 1471 551 M.
1514 481 1742 549 FABII
1780 478 2335 565 QUINTILIANI

812 612 1154 688 dederunt
1171 666 1190 700 ,
1221 609 1387 709 quia
1410 606 1687 678 duabus
1711 602 1940 700 longis
1964 598 2412 700 sequentibus
2436 595 2738 695 primam
2762 592 2913 666 bre-

705 742 775 798 63
810 757 969 803 vem
996 727 1153 800 acui
1182 745 1413 815 noster
1435 745 1828 793 sermonon
1855 715 2130 815 patitur.
2157 713 2265 789 Sic
2290 710 2628 811 genitivus
2653 706 2913 781 Achilli

814 868 881 919 et
906 844 1097 919 Ulixi
1114 840 1276 914 fecit
1298 855 1349 929 ¹,
1378 838 1473 910 sic
1495 835 1629 908 alia
1655 833 1984 934 plurima.
2004 832 2211 902 Nunc
2240 826 2646 900 recentiores
2666 839 2694 871 ²
2714 823 2913 896 insti-

809 958 1097 1034 tuerunt
1137 954 1372 1056 graecis
1414 949 1824 1025 nominibus
1862 972 2113 1046 graecas
2155 940 2649 1017 declinationes
2688 939 2917 1039 potius

814 1074 1016 1148 dare:
1053 1072 1243 1173 quod
1272 1090 1508 1142 tamen
1542 1066 1777 1166 ipsum
1807 1089 1951 1134 non
1986 1086 2260 1159 semper
2288 1058 2437 1131 fieri
2465 1076 2707 1156 potest.
2737 1053 2919 1126 Mihi

814 1211 1049 1263 autem
1074 1188 1301 1287 placet
1323 1184 1624 1257 latinam·
1644 1180 1982 1252 rationem
2007 1176 2201 1277 sequi
2221 1199 2637 1273 ‚quousque
2666 1169 2918 1271 patitur

814 1305 1023 1378 decor
1040 1335 1058 1394 3
1091 1328 1321 1402 neque
1351 1299 1543 1372 enim
1564 1296 1720 1399 jam
1751 1293 2206 1396 Calypsonem
2232 1289 2522 1363 dixerim
2542 1343 2559 1377 ,
2594 1307 2674 1359 ut
2696 1287 2919 1358 ,Ταπο-

814 1447 1015 1492 nem:
1047 1442 1484 1519 quamquam
1511 1421 1787 1485 secutus
1812 1410 2131 1509 antiquos
2151 1410 2230 1480 C.
2256 1408 2483 1478 Caesar
2501 1402 2717 1474 utitur
2734 1397 2763 1444 ³
2788 1398 2918 1470 hac

709 1560 777 1629 64
817 1536 1077 1609 ratione
1113 1530 1531 1605 declinandi.
1567 1527 1705 1601 Sed
1736 1524 2208 1598 auctoritatem
2247 1517 2677 1593 consuetudo
2707 1540 2918 1613 supe·—

818 1651 1007 1723 ravit.
1044 1650 1127 1719 In
1163 1645 1458 1733 caeteris,
1503 1669 1659 1743 quae
1690 1659 2015 1740 poterunt
2046 1657 2341 1735 utroque
2375 1632 2588 1706 modo
2621 1657 2766 1704 non
2803 1630 2919 1701 in-

818 1765 1141 1838 decenter
1187 1760 1416 1834 efferri
1436 1816 1456 1846 ,
1507 1757 1633 1855 qui
1679 1781 1974 1854 graecam
2031 1754 2329 1852 figuram
2378 1749 2575 1848 sequi
2619 1744 2838 1819 malet
2852 1742 2917 1835 4,

820 1984 889 2039 de
914 2002 1080 2056 quum
1100 1983 1238 2035 forte
1261 1981 1473 2033 fortuna
1487 2015 1505 2044 ‚
1524 1977 1596 2028 ob
1617 1989 1830 2029 antece-

821 2065 953 2118 dens
976 2063 1257 2125 dederunt,
1287 2059 1474 2110 dativis
1498 2069 1639 2109 esset
1665 2073 1793 2108 usus
1809 2092 1827 2120 ‚

820 2144 890 2197 ad
912 2144 1057 2196 hunc
1085 2158 1268 2194 casum
1295 2133 1716 2189 accommodavit
1743 2152 1829 2185 re-

819 2223 1000 2294 gulam
1036 2238 1218 2285 suam,
1260 2219 1534 2269 immemor
1568 2217 1683 2285 jam
1718 2230 1831 2265 non

821 2322 939 2357 esee
969 2320 1086 2354 eam
1116 2298 1343 2352 Romani
1374 2294 1537 2348 solius
1569 2295 1829 2345 sermonis

818 2383 1024 2453 legem,
1064 2378 1160 2432 sed
1199 2378 1365 2430 Graeci
1405 2393 1516 2426 non
1552 2374 1745 2424 minus.
1783 2373 1832 2424 A

822 2458 1109 2515 Codicibns
1125 2455 1337 2528 quidem
1352 2453 1483 2507 nihil
1497 2449 1726 2524 prae'sidii
1745 2467 1833 2502 os-

820 2538 1075 2604 tenditur,
1114 2538 1204 2608 qui
1239 2536 1368 2587 mire
1404 2532 1744 2585 consentiunt
1775 2529 1832 2580 in

821 2633 1109 2692 receptam.
1147 2618 1332 2686 Neque
1367 2612 1655 2684 proficiunt
1692 2607 1832 2659 mul-

762 2705 765 2708 ’
822 2713 940 2752 tum
959 2701 1071 2751 VV.
1095 2697 1208 2748 DD.
1239 2695 1588 2763 conjecturae,
1620 2685 1834 2758 qualem

822 2778 1078 2852 proponit
1100 2771 1290 2826 Badius
1306 2808 1322 2837 ‚
1346 2769 1441 2821 ubi
1463 2780 1586 2839 post
1609 2765 1831 2831 multas,

824 2875 1000 2928 neque
1031 2872 1119 2907 eas
1150 2850 1331 2905 faciles
1347 2887 1365 2916 ‚
1396 2848 1718 2899 mutationes
1748 2859 1833 2897 ta·

824 2956 951 2990 men
980 2945 1213 2988 remanet
1253 2952 1276 2976 α
1294 2929 1519 3002 primam
1550 2926 1749 2976 brevem
1770 2919 1792 2971 η’
1814 2961 1832 2990 ‚

827 3035 942 3089 quae
981 3017 1098 3086 ipsa
1132 3009 1292 3064 verba
1327 3005 1528 3060 habent
1563 3021 1831 3066 errorem;

824 3095 957 3150 nihil
986 3097 1126 3148 enim
1152 3092 1344 3154 refert,
1373 3085 1544 3139 brevis
1575 3100 1645 3134 an
1670 3081 1834 3151 longa

824 3178 893 3230 sit
938 3169 1350 3245 antepenultima
1367 3204 1382 3231 ,
1434 3162 1503 3215 ad
1553 3173 1833 3214 accentum

824 3249 1255 3308 constituendum
1271 3285 1288 3314 ‚
1324 3244 1631 3314 ubicunque
1673 3239 1833 3310 longa

826 3348 907 3387 est
929 3330 1237 3404 penultima.
1261 3323 1539 3377 Rationem
1555 3323 1725 3393 ipsam
1749 3337 1834 3371 ac-

826 3424 1077 3465 centuum
1110 3420 1162 3459 et
1192 3406 1494 3458 Graecornm
1528 3412 1581 3451 et
1611 3400 1830 3450 Latino-

826 3510 946 3542 rum
973 3502 1236 3561 exponere
1264 3499 1375 3534 non
1402 3493 1481 3531 est
1510 3477 1671 3549 hujus
1705 3475 1828 3529 loci.

827 3567 946 3623 vid.
973 3571 1027 3633 1,
1051 3565 1117 3632 5,
1140 3564 1241 3629 30,
1264 3561 1327 3613 31
1357 3572 1411 3610 et
1434 3557 1517 3611 33.

907 3666 952 3700 ι.
972 3647 1111 3700 Sic...
1123 3642 1271 3715 fecit.
1292 3638 1378 3693 Sic
1400 3638 1629 3709 pertinet
1648 3633 1717 3687 ad
1735 3635 1835 3687 ori-

827 3728 1005 3800 ginem
1027 3721 1338 3775 diversitatis
1360 3716 1521 3789 hujus
1544 3716 1600 3765 in
1619 3712 1834 3765 flecten-

829 3806 909 3860 dis
932 3800 1236 3858 nominibus
1258 3798 1438 3868 graecis
1459 3793 1743 3846 observate
1764 3789 1831 3842 ab

828 3890 924 3953 iis,
951 3886 1042 3956 qui
1085 3880 1339 3932 “latinam
1370 3876 1603 3944 linguam
1640 3884 1833 3943 poten-

836 3989 859 4013 α
881 3968 1068 4018 tiorem
1107 3960 1282 4011 facere
1322 3951 1623 4006 studebant.
1646 3972 1669 3997 ιι
1717 3950 1834 4000 Pari

833 4062 991 4097 sensu
1019 4055 1177 4112 supra
1204 4034 1286 4087 bis
1313 4034 1359 4101 S.
1390 4030 1458 4083 60
1484 4042 1536 4082 et
1559 4028 1627 4081 62
1654 4029 1834 4100 posuit

830 4124 978 4179 Inde.
998 4121 1134 4193 fecit
1154 4128 1329 4169 antem
1352 4109 1620 4164 intellectu
1643 4108 1834 4160 dicitur

829 4218 1047 4279 prorsus
1064 4194 1432 4270 grammatico,
1449 4207 1607 4264 quem
1627 4186 1832 4260 aliquo-

1918 1978 2016 2028 ties
2035 1986 2254 2046 usurpat
2271 1987 2452 2026 noster
2471 1973 2519 2038 1,
2540 1971 2595 2038 6,
2620 1971 2702 2036 13,
2725 1969 2816 2037 14,
2837 1965 2921 2035 ns,

1923 2071 2006 2125 27.
2037 2055 2102 2105 lie
2132 2053 2346 2124 quidem
2372 2051 2503 2104 locis
2534 2051 2650 2122 ipsa
2678 2049 2840 2103 verba
2869 2058 2924 2100 et

1917 2135 2136 2185 nomina
2143 2133 2324 2204 facere
2341 2131 2609 2197 dicuntur,
2625 2149 2787 2201 qutun
2808 2147 2924 2181 cer-

1920 2223 1975 2262 to
2003 2210 2165 2261 modo
2189 2209 2491 2277 flectuntur,
2512 2210 2601 2261 hic
2624 2209 2925 2281 subjectum

1918 2291 2188 2342 sententie
2208 2302 2288 2341 est
2306 2306 2460 2342 casus
2472 2327 2489 2356 ‚
2504 2288 2762 2362 genitivus
2780 2287 2891 2340 scil.
2903 2324 2923 2354 ,

1922 2370 2013 2440 qui
2029 2368 2248 2440 fecerit,
2278 2367 2333 2420 h.
2365 2389 2440 2435 e.‚
2466 2370 2556 2439 qui
2584 2368 2802 2440 coeperit
2824 2365 2925 2418 ali-

1921 2465 2028 2517 quo
2066 2446 2228 2498 modo
2265 2446 2533 2499 declinari.
2571 2448 2649 2499 Ita
2682 2447 2926 2498 Donatus

1922 2525 1991 2579 ad
2024 2526 2233 2581 Andria»
2269 2541 2371 2580 act.
2414 2528 2469 2592 1,
2512 2543 2586 2580 sc.
2629 2544 2656 2578 2
2673 2563 2692 2592 ‚
2726 2544 2775 2578 v.
2818 2525 2884 2579 23
2905 2545 2920 2578 τ

1927 2629 1951 2653 οι
1971 2608 2230 2680 genitivus
2251 2607 2448 2678 OEdipi
2459 2604 2644 2677 faciet.
2666 2628 2689 2653 n

1996 2704 2042 2739 2.
2068 2688 2230 2740 Nunc
2252 2687 2563 2739 recentiores.
2591 2683 2725 2737 Mihi
2747 2702 2925 2736 recen-

1923 2766 2070 2819 tiores
2088 2766 2228 2818 istud
2240 2805 2257 2834 ‚
2279 2765 2424 2837 quod
2441 2780 2619 2818 tamen
2638 2778 2718 2818 est
2734 2766 2790 2816 in
2809 2782 2928 2816 om-

1920 2845 2078 2898 nibus
2114 2845 2282 2899 Codd.
2321 2858 2375 2897 et
2411 2843 2529 2897 edd.
2549 2882 2567 2911 ‚
2602 2861 2930 2916 magnopere

1920 2923 2150 2996 glossam
2186 2924 2328 2977 olere
2359 2923 2582 2976 videtur.
2616 2923 2752 2976 Sane
2786 2939 2931 2975 nunc

1921 3003 2216 3056 sufficiebat
2231 3041 2249 3070 ‚
2276 3003 2371 3056 sed
2397 3015 2604 3075 poterat
2628 3002 2816 3073 aliquis
2839 3020 2931 3054 re-

1923 3086 2127 3154 quirere
2177 3078 2516 3155 subjectum'‚
2564 3085 2653 3153 qni
2697 3080 2929 3154 proinde

1919 3163 2141 3231 margini
2169 3161 2404 3213 alliueret
2432 3179 2586 3213 suum
2610 3161 2927 3213 recentiores.

1991 3241 2040 3292 3.
2071 3242 2123 3294 C.
2154 3241 2319 3292 Coesar
2337 3239 2516 3292 utitur.
2542 3242 2704 3292 Recte
2726 3238 2832 3291 hoc
2859 3239 2930 3292 li-

1918 3318 2027 3371 bris
2042 3317 2251 3371 dnobus
2266 3317 2332 3370 de
2347 3317 2608 3389 analogia,
2618 3317 2931 3390 deperditis,

1919 3399 2213 3468 assignatur
2231 3400 2383 3450 avv.
2405 3398 2519 3450 DD.
2533 3396 2666 3450 Vide
2684 3400 2733 3464 1,
2757 3415 2808 3469 7,
2833 3397 2923 3464 34.

1989 3476 2040 3543 4.
2070 3475 2254 3528 Malet.
2280 3478 2364 3529 Sic
2391 3476 2563 3529 Guelf.
2589 3481 2743 3529 Voss.
2780 3493 2799 3528 t
2817 3514 2837 3544 ,
2872 3477 2926 3529 3.

1919 3554 2191 3609 Accedunt
2221 3557 2312 3625 qui
2337 3558 2608 3625 geminant
2634 3555 2686 3621 1,
2716 3574 2814 3627 per
2842 3574 2932 3607 er-

1919 3653 2123 3701 rorem,
2151 3633 2301 3686 Bodl.
2326 3634 2462 3687 Alm.
2487 3637 2612 3686 Loc.
2638 3637 2771 3685 Ven.
2796 3632 2926 3686 Ald-

1920 3716 2081 3766 Viart.
2123 3716 2376 3765 Nostrum
2421 3711 2551 3764 dant
2596 3713 2752 3763 etiam
2792 3709 2927 3763 Bad.

1920 3791 2088 3844 Colin.
2135 3789 2264 3845 obr.
2311 3792 2493 3844 Caeteri
2536 3788 2705 3841 malit.
2752 3791 2935 3842 Etiam.

1918 3867 2291 3922 Lochmannus
2326 3868 2483 3940 jubet
2517 3870 2722 3922 restitui
2760 3868 2940 3920 malet

1918 3949 2096 4016 Progr.
2136 3950 2260 3999 anni
2303 3949 2452 4018 1789.
2477 3976 2550 3988 --
2574 3948 2635 3999 R.
2677 3965 2733 4014 1,
2771 3963 2837 4013 2,
2871 3960 2938 3999 et

1919 4026 2079 4078 Cane.
2099 4022 2300 4077 habent
2318 4024 2493 4078 malet.
2513 4028 2624 4096 Ego
2643 4044 2768 4077 vero
2786 4045 2936 4098 prae-

1919 4103 2127 4156 tulerim
2158 4102 2341 4169 malit,
2375 4118 2593 4176 propter
2613 4123 2804 4160 vocem
2834 4123 2934 4157 se-

1920 4197 2170 4256 quentem
2192 4181 2445 4257 loquetur.
2470 4186 2560 4238 Eo.
