<?xml version="1.0" encoding="UTF-8"?>
<!DOCTYPE html PUBLIC "-//W3C//DTD XHTML 1.0 Transitional//EN"
    "http://www.w3.org/TR/xhtml1/DTD/xhtml1-transitional.dtd">
<html xmlns="http://www.w3.org/1999/xhtml" xml:lang="en" lang="en">
 <head>
  <title>
</title>
<meta http-equiv="Content-Type" content="text/html;charset=utf-8" />
  <meta name='ocr-system' content='tesseract 3.04.00' />
  <meta name='ocr-capabilities' content='ocr_page ocr_carea ocr_par ocr_line ocrx_word'/>
</head>
<body>
  <div class='ocr_page' id='page_1' title='image "./deinstitutioneo12quingoog_0079.png"; bbox 0 0 3200 5150; ppageno 0'>
   <div class='ocr_carea' id='block_1_1' title="bbox 657 446 2048 568">
    <p class='ocr_par' dir='ltr' id='par_1_1' title="bbox 657 446 2048 568">
     <span class='ocr_line' id='line_1_1' title="bbox 657 446 2048 568; baseline -0.001 -13"><span class='ocrx_word' id='word_1_1' title='bbox 657 446 1346 558; x_wconf 54' lang='lat' dir='ltr'><strong>&#39;ms&#39;rrru‘rmms</strong></span> <span class='ocrx_word' id='word_1_2' title='bbox 1380 489 1637 556; x_wconf 82' lang='lat' dir='ltr'>ORAT.</span> <span class='ocrx_word' id='word_1_3' title='bbox 1679 488 1839 555; x_wconf 78' lang='lat' dir='ltr'><strong>Lm.</strong></span> <span class='ocrx_word' id='word_1_4' title='bbox 1879 488 1947 568; x_wconf 91' lang='lat'><strong>1,</strong></span> <span class='ocrx_word' id='word_1_5' title='bbox 1996 511 2048 553; x_wconf 87' lang='lat'><strong>1.</strong></span> 
     </span>
    </p>
   </div>
   <div class='ocr_carea' id='block_1_2' title="bbox 322 615 2428 1525">
    <p class='ocr_par' dir='ltr' id='par_1_2' title="bbox 322 615 2428 1525">
     <span class='ocr_line' id='line_1_2' title="bbox 326 615 2428 718; baseline -0 -31"><span class='ocrx_word' id='word_1_6' title='bbox 326 639 473 687; x_wconf 89' lang='lat' dir='ltr'><strong>non</strong></span> <span class='ocrx_word' id='word_1_7' title='bbox 519 615 910 716; x_wconf 70' lang='lat' dir='ltr'><strong>continget,</strong></span> <span class='ocrx_word' id='word_1_8' title='bbox 946 616 1187 718; x_wconf 82' lang='lat' dir='ltr'><strong>quales</strong></span> <span class='ocrx_word' id='word_1_9' title='bbox 1229 616 1534 690; x_wconf 74' lang='lat' dir='ltr'><strong>maxime</strong></span> <span class='ocrx_word' id='word_1_10' title='bbox 1575 615 1789 691; x_wconf 81' lang='lat' dir='ltr'><strong>velim</strong></span> <span class='ocrx_word' id='word_1_11' title='bbox 1831 615 2133 689; x_wconf 88' lang='lat' dir='ltr'><strong>nutrices</strong></span> <span class='ocrx_word' id='word_1_12' title='bbox 2177 639 2428 714; x_wconf 78' lang='lat' dir='ltr'><strong>pueros</strong></span> 
     </span>
     <span class='ocr_line' id='line_1_3' title="bbox 326 729 2427 832; baseline -0 -30"><span class='ocrx_word' id='word_1_13' title='bbox 326 731 617 821; x_wconf 82' lang='lat' dir='ltr'><strong>habere3</strong></span> <span class='ocrx_word' id='word_1_14' title='bbox 646 733 1075 832; x_wconf 75' lang='lat' dir='ltr'><strong>paedagogus</strong></span> <span class='ocrx_word' id='word_1_15' title='bbox 1090 754 1162 805; x_wconf 82' lang='lat' dir='ltr'><strong>at</strong></span> <span class='ocrx_word' id='word_1_16' title='bbox 1185 759 1370 807; x_wconf 85' lang='lat' dir='ltr'><strong>unus</strong></span> <span class='ocrx_word' id='word_1_17' title='bbox 1393 753 1573 806; x_wconf 88' lang='lat' dir='ltr'><strong>certe</strong></span> <span class='ocrx_word' id='word_1_18' title='bbox 1599 733 1687 805; x_wconf 85' lang='lat' dir='ltr'><strong>sit·</strong></span> <span class='ocrx_word' id='word_1_19' title='bbox 1716 732 2032 805; x_wconf 83' lang='lat' dir='ltr'><strong>assiduus</strong></span> <span class='ocrx_word' id='word_1_20' title='bbox 2057 742 2076 775; x_wconf 89' lang='lat'><strong>¹</strong></span> <span class='ocrx_word' id='word_1_21' title='bbox 2101 787 2120 820; x_wconf 89' lang='lat'>,</span> <span class='ocrx_word' id='word_1_22' title='bbox 2148 729 2427 824; x_wconf 84' lang='lat' dir='ltr'><strong>dicendi</strong></span> 
     </span>
     <span class='ocr_line' id='line_1_4' title="bbox 324 843 2427 948; baseline -0.001 -31"><span class='ocrx_word' id='word_1_23' title='bbox 324 872 470 918; x_wconf 88' lang='lat' dir='ltr'><strong>non</strong></span> <span class='ocrx_word' id='word_1_24' title='bbox 491 848 885 947; x_wconf 76' lang='lat' dir='ltr'><strong>imperituS,</strong></span> <span class='ocrx_word' id='word_1_25' title='bbox 902 848 1058 948; x_wconf 84' lang='lat' dir='ltr'><strong>qui,</strong></span> <span class='ocrx_word' id='word_1_26' title='bbox 1081 849 1296 948; x_wconf 83' lang='lat' dir='ltr'><strong>siqua</strong></span> <span class='ocrx_word' id='word_1_27' title='bbox 1321 869 1526 920; x_wconf 90' lang='lat' dir='ltr'><strong>erunt</strong></span> <span class='ocrx_word' id='word_1_28' title='bbox 1542 847 1632 920; x_wconf 84' lang='lat' dir='ltr'><strong>ab</strong></span> <span class='ocrx_word' id='word_1_29' title='bbox 1653 847 1761 919; x_wconf 86' lang='lat' dir='ltr'><strong>his</strong></span> <span class='ocrx_word' id='word_1_30' title='bbox 1781 865 2113 946; x_wconf 85' lang='lat' dir='ltr'><strong>praesente</strong></span> <span class='ocrx_word' id='word_1_31' title='bbox 2133 843 2427 916; x_wconf 83' lang='lat' dir='ltr'><strong>alumno</strong></span> 
     </span>
     <span class='ocr_line' id='line_1_5' title="bbox 325 959 2424 1063; baseline 0 -31"><span class='ocrx_word' id='word_1_32' title='bbox 325 960 507 1033; x_wconf 83' lang='lat' dir='ltr'><strong>dicta</strong></span> <span class='ocrx_word' id='word_1_33' title='bbox 539 962 812 1054; x_wconf 87' lang='lat' dir='ltr'><strong>vitiose,</strong></span> <span class='ocrx_word' id='word_1_34' title='bbox 850 964 1145 1062; x_wconf 81' lang='lat' dir='ltr'><strong>corrigat</strong></span> <span class='ocrx_word' id='word_1_35' title='bbox 1175 964 1529 1063; x_wconf 86' lang='lat' dir='ltr'><strong>protinus,</strong></span> <span class='ocrx_word' id='word_1_36' title='bbox 1565 990 1696 1036; x_wconf 90' lang='lat' dir='ltr'><strong>nec</strong></span> <span class='ocrx_word' id='word_1_37' title='bbox 1731 961 2030 1035; x_wconf 78' lang='lat' dir='ltr'><strong>insidere</strong></span> <span class='ocrx_word' id='word_1_38' title='bbox 2063 959 2164 1033; x_wconf 90' lang='lat' dir='ltr'><strong>illi</strong></span> <span class='ocrx_word' id='word_1_39' title='bbox 2199 959 2424 1049; x_wconf 80' lang='lat' dir='ltr'><strong>sinat3</strong></span> 
     </span>
     <span class='ocr_line' id='line_1_6' title="bbox 325 1074 2425 1177; baseline -0.001 -29"><span class='ocrx_word' id='word_1_40' title='bbox 325 1077 502 1149; x_wconf 89' lang='lat' dir='ltr'><strong>dum</strong></span> <span class='ocrx_word' id='word_1_41' title='bbox 545 1099 781 1152; x_wconf 88' lang='lat' dir='ltr'><strong>tamen</strong></span> <span class='ocrx_word' id='word_1_42' title='bbox 824 1078 1274 1177; x_wconf 68' lang='lat' dir='ltr'><strong>intelligatur,</strong></span> <span class='ocrx_word' id='word_1_43' title='bbox 1313 1079 1420 1169; x_wconf 87' lang='lat' dir='ltr'><strong>id,</strong></span> <span class='ocrx_word' id='word_1_44' title='bbox 1457 1079 1650 1177; x_wconf 91' lang='lat' dir='ltr'><strong>quod</strong></span> <span class='ocrx_word' id='word_1_45' title='bbox 1689 1078 1881 1177; x_wconf 87' lang='lat' dir='ltr'><strong>prius</strong></span> <span class='ocrx_word' id='word_1_46' title='bbox 1923 1074 2101 1167; x_wconf 86' lang='lat' dir='ltr'><strong>dixi,</strong></span> <span class='ocrx_word' id='word_1_47' title='bbox 2148 1074 2425 1147; x_wconf 86' lang='lat' dir='ltr'><strong>bonurn</strong></span> 
     </span>
     <span class='ocr_line' id='line_1_7' title="bbox 323 1189 2427 1291; baseline -0.003 -25"><span class='ocrx_word' id='word_1_48' title='bbox 323 1219 503 1282; x_wconf 84' lang='lat' dir='ltr'><strong>esse3</strong></span> <span class='ocrx_word' id='word_1_49' title='bbox 530 1193 702 1285; x_wconf 87' lang='lat' dir='ltr'><strong>hoc,</strong></span> <span class='ocrx_word' id='word_1_50' title='bbox 739 1195 1154 1267; x_wconf 88' lang='lat' dir='ltr'><strong>remedium.</strong></span> <span class='ocrx_word' id='word_1_51' title='bbox 1191 1197 1252 1267; x_wconf 89' lang='lat' dir='ltr'>A</span> <span class='ocrx_word' id='word_1_52' title='bbox 1284 1195 1528 1269; x_wconf 82' lang='lat' dir='ltr'><strong>Graeco</strong></span> <span class='ocrx_word' id='word_1_53' title='bbox 1562 1219 1885 1266; x_wconf 83' lang='lat' dir='ltr'><strong>sermone</strong></span> <span class='ocrx_word' id='word_1_54' title='bbox 1919 1216 2220 1291; x_wconf 87' lang='lat' dir='ltr'><strong>puerum</strong></span> <span class='ocrx_word' id='word_1_55' title='bbox 2257 1189 2427 1261; x_wconf 89' lang='lat' dir='ltr'><strong>inci-</strong></span> 
     </span>
     <span class='ocr_line' id='line_1_8' title="bbox 324 1304 2425 1409; baseline -0.002 -28"><span class='ocrx_word' id='word_1_56' title='bbox 324 1334 486 1407; x_wconf 85' lang='lat' dir='ltr'><strong>pere</strong></span> <span class='ocrx_word' id='word_1_57' title='bbox 517 1307 744 1380; x_wconf 86' lang='lat' dir='ltr'><strong>malo:</strong></span> <span class='ocrx_word' id='word_1_58' title='bbox 782 1311 948 1408; x_wconf 86' lang='lat' dir='ltr'><strong>quia</strong></span> <span class='ocrx_word' id='word_1_59' title='bbox 976 1310 1309 1382; x_wconf 85' lang='lat' dir='ltr'><strong>Latinum</strong></span> <span class='ocrx_word' id='word_1_60' title='bbox 1329 1367 1349 1402; x_wconf 85' lang='lat'>,</span> <span class='ocrx_word' id='word_1_61' title='bbox 1380 1311 1503 1408; x_wconf 90' lang='lat' dir='ltr'><strong>qui</strong></span> <span class='ocrx_word' id='word_1_62' title='bbox 1538 1308 1860 1409; x_wconf 83' lang='lat' dir='ltr'><strong>pluribus</strong></span> <span class='ocrx_word' id='word_1_63' title='bbox 1888 1307 1965 1378; x_wconf 89' lang='lat' dir='ltr'><strong>in</strong></span> <span class='ocrx_word' id='word_1_64' title='bbox 1998 1333 2132 1378; x_wconf 87' lang='lat' dir='ltr'><strong>usu</strong></span> <span class='ocrx_word' id='word_1_65' title='bbox 2160 1325 2291 1395; x_wconf 82' lang='lat' dir='ltr'><strong>est,</strong></span> <span class='ocrx_word' id='word_1_66' title='bbox 2315 1304 2425 1377; x_wconf 83' lang='lat' dir='ltr'><strong>vel</strong></span> 
     </span>
     <span class='ocr_line' id='line_1_9' title="bbox 322 1420 2423 1525; baseline -0.001 -29"><span class='ocrx_word' id='word_1_67' title='bbox 322 1422 528 1497; x_wconf 85' lang='lat' dir='ltr'><strong>nobis</strong></span> <span class='ocrx_word' id='word_1_68' title='bbox 556 1423 955 1497; x_wconf 84' lang='lat' dir='ltr'><strong>nolentibus</strong></span> <span class='ocrx_word' id='word_1_69' title='bbox 984 1425 1303 1525; x_wconf 85' lang='lat' dir='ltr'><strong>perhibet</strong></span> <span class='ocrx_word' id='word_1_70' title='bbox 1321 1439 1350 1470; x_wconf 84' lang='lat'>²</span> <span class='ocrx_word' id='word_1_71' title='bbox 1376 1453 1395 1508; x_wconf 81' lang='grc'>;</span> <span class='ocrx_word' id='word_1_72' title='bbox 1419 1425 1633 1498; x_wconf 88' lang='lat' dir='ltr'><strong>simul</strong></span> <span class='ocrx_word' id='word_1_73' title='bbox 1657 1423 1825 1525; x_wconf 84' lang='lat' dir='ltr'><strong>quia</strong></span> <span class='ocrx_word' id='word_1_74' title='bbox 1847 1420 2228 1521; x_wconf 87' lang='lat' dir='ltr'><strong>disciplinis</strong></span> <span class='ocrx_word' id='word_1_75' title='bbox 2253 1446 2423 1520; x_wconf 90' lang='lat' dir='ltr'><strong>quo-</strong></span> 
     </span>
    </p>
   </div>
   <div class='ocr_carea' id='block_1_3' title="bbox 320 1593 1329 1903">
    <p class='ocr_par' dir='ltr' id='par_1_3' title="bbox 320 1593 1329 1903">
     <span class='ocr_line' id='line_1_10' title="bbox 401 1593 1326 1668; baseline 0.001 -21"><span class='ocrx_word' id='word_1_76' title='bbox 401 1612 445 1647; x_wconf 86' lang='lat'><strong>1.</strong></span> <span class='ocrx_word' id='word_1_77' title='bbox 475 1593 705 1649; x_wconf 78' lang='lat' dir='ltr'><strong>Velim...</strong></span> <span class='ocrx_word' id='word_1_78' title='bbox 730 1594 973 1650; x_wconf 76' lang='lat' dir='ltr'><strong>assiduus.</strong></span> <span class='ocrx_word' id='word_1_79' title='bbox 995 1595 1204 1668; x_wconf 86' lang='lat' dir='ltr'><strong>Reliqui</strong></span> <span class='ocrx_word' id='word_1_80' title='bbox 1224 1596 1326 1648; x_wconf 86' lang='lat' dir='ltr'><strong>lee-</strong></span> 
     </span>
     <span class='ocr_line' id='line_1_11' title="bbox 321 1672 1329 1746; baseline 0.001 -21"><span class='ocrx_word' id='word_1_81' title='bbox 321 1675 521 1726; x_wconf 86' lang='lat' dir='ltr'><strong>tionem</strong></span> <span class='ocrx_word' id='word_1_82' title='bbox 544 1691 575 1725; x_wconf 78' lang='lat' dir='ltr'>a</span> <span class='ocrx_word' id='word_1_83' title='bbox 598 1675 762 1744; x_wconf 74' lang='lat' dir='ltr'><strong>Regio</strong></span> <span class='ocrx_word' id='word_1_84' title='bbox 785 1672 910 1727; x_wconf 86' lang='lat' dir='ltr'><strong>inde</strong></span> <span class='ocrx_word' id='word_1_85' title='bbox 936 1673 1111 1727; x_wconf 82' lang='lat' dir='ltr'><strong>multis</strong></span> <span class='ocrx_word' id='word_1_86' title='bbox 1129 1674 1329 1746; x_wconf 75' lang='lat' dir='ltr'><strong>proba-</strong></span> 
     </span>
     <span class='ocr_line' id='line_1_12' title="bbox 320 1752 1326 1819; baseline 0 -14"><span class='ocrx_word' id='word_1_87' title='bbox 320 1766 461 1819; x_wconf 84' lang='lat' dir='ltr'><strong>tam,</strong></span> <span class='ocrx_word' id='word_1_88' title='bbox 497 1755 722 1806; x_wconf 74' lang='lat' dir='ltr'><strong>maxime</strong></span> <span class='ocrx_word' id='word_1_89' title='bbox 750 1752 822 1805; x_wconf 90' lang='lat' dir='ltr'><strong>ob</strong></span> <span class='ocrx_word' id='word_1_90' title='bbox 845 1752 1013 1806; x_wconf 85' lang='lat' dir='ltr'><strong>codd.</strong></span> <span class='ocrx_word' id='word_1_91' title='bbox 1041 1755 1326 1805; x_wconf 82' lang='lat' dir='ltr'><strong>auetorita-</strong></span> 
     </span>
     <span class='ocr_line' id='line_1_13' title="bbox 323 1831 1328 1903; baseline 0.001 -21"><span class='ocrx_word' id='word_1_92' title='bbox 323 1843 457 1898; x_wconf 81' lang='lat' dir='ltr'><strong>tem‚</strong></span> <span class='ocrx_word' id='word_1_93' title='bbox 480 1834 569 1903; x_wconf 83' lang='lat' dir='ltr'><strong>qui</strong></span> <span class='ocrx_word' id='word_1_94' title='bbox 590 1831 803 1902; x_wconf 86' lang='lat' dir='ltr'><strong>quidem</strong></span> <span class='ocrx_word' id='word_1_95' title='bbox 823 1831 953 1884; x_wconf 85' lang='lat' dir='ltr'><strong>nihil</strong></span> <span class='ocrx_word' id='word_1_96' title='bbox 972 1834 1199 1897; x_wconf 80' lang='lat' dir='ltr'><strong>variant,</strong></span> <span class='ocrx_word' id='word_1_97' title='bbox 1224 1833 1328 1885; x_wconf 87' lang='lat' dir='ltr'><strong>nisi</strong></span> 
     </span>
    </p>
   </div>
   <div class='ocr_carea' id='block_1_4' title="bbox 214 1896 1327 1983">
    <p class='ocr_par' dir='ltr' id='par_1_4' title="bbox 214 1896 1327 1983">
     <span class='ocr_line' id='line_1_14' title="bbox 214 1896 1327 1983; baseline -0.001 -20"><span class='ocrx_word' id='word_1_98' title='bbox 214 1896 219 1901; x_wconf 19' lang='lat' dir='ltr'><em>U</em></span> <span class='ocrx_word' id='word_1_99' title='bbox 323 1909 470 1983; x_wconf 84' lang='lat' dir='ltr'><strong>quod</strong></span> <span class='ocrx_word' id='word_1_100' title='bbox 495 1911 774 1964; x_wconf 73' lang='lat' dir='ltr'><strong>Poullainii</strong></span> <span class='ocrx_word' id='word_1_101' title='bbox 801 1909 929 1963; x_wconf 86' lang='lat' dir='ltr'><strong>Cod.</strong></span> <span class='ocrx_word' id='word_1_102' title='bbox 963 1909 1053 1962; x_wconf 77' lang='lat' dir='ltr'><strong>dat</strong></span> <span class='ocrx_word' id='word_1_103' title='bbox 1081 1910 1327 1983; x_wconf 64' lang='lat' dir='ltr'><strong>paedago-</strong></span> 
     </span>
    </p>
   </div>
   <div class='ocr_carea' id='block_1_5' title="bbox 308 1988 1328 3715">
    <p class='ocr_par' dir='ltr' id='par_1_5' title="bbox 308 1988 1328 3715">
     <span class='ocr_line' id='line_1_15' title="bbox 316 1988 1328 2066; baseline -0.004 -23"><span class='ocrx_word' id='word_1_104' title='bbox 316 2009 540 2066; x_wconf 61' lang='lat' dir='ltr'><strong>gosque,</strong></span> <span class='ocrx_word' id='word_1_105' title='bbox 568 2009 726 2063; x_wconf 86' lang='lat' dir='ltr'><strong>quam</strong></span> <span class='ocrx_word' id='word_1_106' title='bbox 751 2008 939 2043; x_wconf 76' lang='lat' dir='ltr'><strong>vocem</strong></span> <span class='ocrx_word' id='word_1_107' title='bbox 962 2008 1060 2062; x_wconf 87' lang='lat' dir='ltr'><strong>pro</strong></span> <span class='ocrx_word' id='word_1_108' title='bbox 1080 1988 1328 2063; x_wconf 76' lang='lat' dir='ltr'><strong>paedaqo-</strong></span> 
     </span>
     <span class='ocr_line' id='line_1_16' title="bbox 316 2070 1326 2143; baseline 0 -20"><span class='ocrx_word' id='word_1_109' title='bbox 316 2089 415 2143; x_wconf 72' lang='lat' dir='ltr'><strong>qus</strong></span> <span class='ocrx_word' id='word_1_110' title='bbox 454 2073 510 2122; x_wconf 89' lang='lat' dir='ltr'><strong>in</strong></span> <span class='ocrx_word' id='word_1_111' title='bbox 552 2072 756 2142; x_wconf 80' lang='lat' dir='ltr'><strong>aliquot</strong></span> <span class='ocrx_word' id='word_1_112' title='bbox 797 2070 1180 2142; x_wconf 78' lang='lat' dir='ltr'><strong>exemplaribus</strong></span> <span class='ocrx_word' id='word_1_113' title='bbox 1222 2070 1326 2142; x_wconf 78' lang='lat' dir='ltr'><strong>legi</strong></span> 
     </span>
     <span class='ocr_line' id='line_1_17' title="bbox 314 2151 1325 2220; baseline 0.003 -20"><span class='ocrx_word' id='word_1_114' title='bbox 314 2161 541 2201; x_wconf 75' lang='lat' dir='ltr'><strong>testatur</strong></span> <span class='ocrx_word' id='word_1_115' title='bbox 584 2151 779 2220; x_wconf 77' lang='lat' dir='ltr'><strong>Regius</strong></span> <span class='ocrx_word' id='word_1_116' title='bbox 795 2188 812 2216; x_wconf 85' lang='lat'>‚</span> <span class='ocrx_word' id='word_1_117' title='bbox 856 2160 1110 2202; x_wconf 73' lang='lat' dir='ltr'><strong>vetustum</strong></span> <span class='ocrx_word' id='word_1_118' title='bbox 1146 2163 1325 2203; x_wconf 83' lang='lat' dir='ltr'><strong>tamen</strong></span> 
     </span>
     <span class='ocr_line' id='line_1_18' title="bbox 319 2227 1325 2301; baseline 0.003 -23"><span class='ocrx_word' id='word_1_119' title='bbox 319 2227 587 2300; x_wconf 75' lang='lat' dir='ltr'><strong>exemplar</strong></span> <span class='ocrx_word' id='word_1_120' title='bbox 601 2227 777 2300; x_wconf 81' lang='lat' dir='ltr'><strong>(hand</strong></span> <span class='ocrx_word' id='word_1_121' title='bbox 795 2228 956 2281; x_wconf 84' lang='lat' dir='ltr'><strong>dubie</strong></span> <span class='ocrx_word' id='word_1_122' title='bbox 969 2229 1325 2301; x_wconf 67' lang='lat' dir='ltr'><strong>Poggianum)</strong></span> 
     </span>
     <span class='ocr_line' id='line_1_19' title="bbox 320 2308 1322 2381; baseline 0.001 -22"><span class='ocrx_word' id='word_1_123' title='bbox 320 2308 444 2359; x_wconf 79' lang='lat' dir='ltr'><strong>dare</strong></span> <span class='ocrx_word' id='word_1_124' title='bbox 464 2308 733 2381; x_wconf 72' lang='lat' dir='ltr'><strong>receptam</strong></span> <span class='ocrx_word' id='word_1_125' title='bbox 751 2309 1049 2361; x_wconf 88' lang='lat' dir='ltr'><strong>lectionem.</strong></span> <span class='ocrx_word' id='word_1_126' title='bbox 1066 2310 1322 2361; x_wconf 73' lang='lat' dir='ltr'><strong>Caeterum</strong></span> 
     </span>
     <span class='ocr_line' id='line_1_20' title="bbox 318 2386 1322 2460; baseline 0.004 -24"><span class='ocrx_word' id='word_1_127' title='bbox 318 2404 641 2459; x_wconf 74' lang='lat' dir='ltr'><strong>magnopere</strong></span> <span class='ocrx_word' id='word_1_128' title='bbox 655 2387 898 2460; x_wconf 84' lang='lat' dir='ltr'><strong>displicet</strong></span> <span class='ocrx_word' id='word_1_129' title='bbox 912 2406 994 2454; x_wconf 80' lang='lat' dir='ltr'><strong>ea,</strong></span> <span class='ocrx_word' id='word_1_130' title='bbox 1006 2389 1102 2440; x_wconf 84' lang='lat' dir='ltr'><strong>etsi</strong></span> <span class='ocrx_word' id='word_1_131' title='bbox 1117 2386 1322 2440; x_wconf 73' lang='lat' dir='ltr'><strong>aGoth.</strong></span> 
     </span>
     <span class='ocr_line' id='line_1_21' title="bbox 320 2465 1321 2538; baseline 0.001 -21"><span class='ocrx_word' id='word_1_132' title='bbox 320 2479 534 2538; x_wconf 83' lang='lat' dir='ltr'><strong>quoque</strong></span> <span class='ocrx_word' id='word_1_133' title='bbox 584 2482 638 2521; x_wconf 90' lang='lat' dir='ltr'><strong>et</strong></span> <span class='ocrx_word' id='word_1_134' title='bbox 682 2466 857 2522; x_wconf 83' lang='lat' dir='ltr'><strong>Guelf.</strong></span> <span class='ocrx_word' id='word_1_135' title='bbox 905 2468 1123 2520; x_wconf 81' lang='lat' dir='ltr'><strong>firmata.</strong></span> <span class='ocrx_word' id='word_1_136' title='bbox 1178 2465 1321 2535; x_wconf 84' lang='lat' dir='ltr'><strong>Quid</strong></span> 
     </span>
     <span class='ocr_line' id='line_1_22' title="bbox 319 2545 1320 2619; baseline -0.002 -21"><span class='ocrx_word' id='word_1_137' title='bbox 319 2547 459 2598; x_wconf 87' lang='lat' dir='ltr'><strong>enim</strong></span> <span class='ocrx_word' id='word_1_138' title='bbox 496 2559 573 2600; x_wconf 91' lang='lat' dir='ltr'><strong>est</strong></span> <span class='ocrx_word' id='word_1_139' title='bbox 618 2546 764 2618; x_wconf 87' lang='lat' dir='ltr'><strong>quod</strong></span> <span class='ocrx_word' id='word_1_140' title='bbox 803 2559 1020 2619; x_wconf 86' lang='lat' dir='ltr'><strong>repente</strong></span> <span class='ocrx_word' id='word_1_141' title='bbox 1058 2545 1320 2597; x_wconf 75' lang='lat' dir='ltr'><strong>nutricum</strong></span> 
     </span>
     <span class='ocr_line' id='line_1_23' title="bbox 316 2627 1321 2697; baseline 0.001 -21"><span class='ocrx_word' id='word_1_142' title='bbox 316 2627 507 2696; x_wconf 85' lang='lat' dir='ltr'><strong>repetit</strong></span> <span class='ocrx_word' id='word_1_143' title='bbox 551 2627 877 2679; x_wconf 79' lang='lat' dir='ltr'><strong>mentionem</strong></span> <span class='ocrx_word' id='word_1_144' title='bbox 893 2628 918 2676; x_wconf 64' lang='grc' dir='ltr'><strong>’ἰ</strong></span> <span class='ocrx_word' id='word_1_145' title='bbox 956 2627 1024 2679; x_wconf 84' lang='lat' dir='ltr'><strong>Et</strong></span> <span class='ocrx_word' id='word_1_146' title='bbox 1064 2627 1156 2697; x_wconf 86' lang='lat' dir='ltr'><strong>qui</strong></span> <span class='ocrx_word' id='word_1_147' title='bbox 1195 2637 1321 2678; x_wconf 82' lang='lat' dir='ltr'><strong>sunt</strong></span> 
     </span>
     <span class='ocr_line' id='line_1_24' title="bbox 312 2703 1320 2776; baseline -0.001 -19"><span class='ocrx_word' id='word_1_148' title='bbox 312 2706 497 2776; x_wconf 78' lang='lat' dir='ltr'><strong>pueri?</strong></span> <span class='ocrx_word' id='word_1_149' title='bbox 518 2708 656 2760; x_wconf 82' lang='lat' dir='ltr'><strong>Nam</strong></span> <span class='ocrx_word' id='word_1_150' title='bbox 679 2703 996 2759; x_wconf 86' lang='lat' dir='ltr'><strong>erudiendos</strong></span> <span class='ocrx_word' id='word_1_151' title='bbox 1017 2707 1147 2758; x_wconf 83' lang='lat' dir='ltr'><strong>istos</strong></span> <span class='ocrx_word' id='word_1_152' title='bbox 1170 2707 1320 2776; x_wconf 76' lang='lat' dir='ltr'><strong>inge-</strong></span> 
     </span>
     <span class='ocr_line' id='line_1_25' title="bbox 316 2783 1322 2856; baseline -0.001 -18"><span class='ocrx_word' id='word_1_153' title='bbox 316 2802 453 2838; x_wconf 85' lang='lat' dir='ltr'><strong>nuos</strong></span> <span class='ocrx_word' id='word_1_154' title='bbox 467 2822 486 2850; x_wconf 79' lang='grc'><em>,</em></span> <span class='ocrx_word' id='word_1_155' title='bbox 512 2788 603 2856; x_wconf 84' lang='lat' dir='ltr'><strong>qui</strong></span> <span class='ocrx_word' id='word_1_156' title='bbox 632 2785 854 2838; x_wconf 78' lang='lat' dir='ltr'><strong>habeant</strong></span> <span class='ocrx_word' id='word_1_157' title='bbox 877 2787 1109 2838; x_wconf 81' lang='lat' dir='ltr'><strong>nutrices</strong></span> <span class='ocrx_word' id='word_1_158' title='bbox 1123 2822 1141 2851; x_wconf 87' lang='lat'>‚</span> <span class='ocrx_word' id='word_1_159' title='bbox 1164 2783 1322 2837; x_wconf 87' lang='lat' dir='ltr'><strong>intel·</strong></span> 
     </span>
     <span class='ocr_line' id='line_1_26' title="bbox 314 2864 1317 2938; baseline 0.002 -22"><span class='ocrx_word' id='word_1_160' title='bbox 314 2864 477 2935; x_wconf 69' lang='lat' dir='ltr'><strong>ligere</strong></span> <span class='ocrx_word' id='word_1_161' title='bbox 495 2865 726 2918; x_wconf 74' lang='lat' dir='ltr'><strong>alienum</strong></span> <span class='ocrx_word' id='word_1_162' title='bbox 746 2881 824 2918; x_wconf 84' lang='lat' dir='ltr'><strong>est</strong></span> <span class='ocrx_word' id='word_1_163' title='bbox 842 2866 1108 2938; x_wconf 51' lang='lat' dir='ltr'><strong>profect&amp;</strong></span> <span class='ocrx_word' id='word_1_164' title='bbox 1122 2866 1317 2934; x_wconf 75' lang='lat' dir='ltr'><strong>Regius</strong></span> 
     </span>
     <span class='ocr_line' id='line_1_27' title="bbox 315 2941 1318 2998; baseline 0.003 -3"><span class='ocrx_word' id='word_1_165' title='bbox 315 2944 474 2995; x_wconf 79' lang='lat' dir='ltr'><strong>etiam</strong></span> <span class='ocrx_word' id='word_1_166' title='bbox 502 2941 569 2995; x_wconf 90' lang='lat' dir='ltr'><strong>de</strong></span> <span class='ocrx_word' id='word_1_167' title='bbox 596 2943 814 2998; x_wconf 81' lang='lat' dir='ltr'><strong>servulis</strong></span> <span class='ocrx_word' id='word_1_168' title='bbox 839 2958 991 2996; x_wconf 80' lang='lat' dir='ltr'><strong>antea</strong></span> <span class='ocrx_word' id='word_1_169' title='bbox 1014 2946 1318 2997; x_wconf 79' lang='lat' dir='ltr'><strong>memoratis</strong></span> 
     </span>
     <span class='ocr_line' id='line_1_28' title="bbox 313 3022 1318 3094; baseline 0.002 -21"><span class='ocrx_word' id='word_1_170' title='bbox 313 3022 395 3093; x_wconf 71' lang='lat'><strong>(5.</strong></span> <span class='ocrx_word' id='word_1_171' title='bbox 434 3022 502 3094; x_wconf 93' lang='lat'><strong>7)</strong></span> <span class='ocrx_word' id='word_1_172' title='bbox 529 3025 792 3094; x_wconf 76' lang='lat' dir='ltr'><strong>cogitavit.</strong></span> <span class='ocrx_word' id='word_1_173' title='bbox 819 3025 941 3075; x_wconf 85' lang='lat' dir='ltr'><strong>Jam</strong></span> <span class='ocrx_word' id='word_1_174' title='bbox 970 3025 1018 3076; x_wconf 81' lang='lat' dir='ltr'><strong>si</strong></span> <span class='ocrx_word' id='word_1_175' title='bbox 1047 3022 1231 3074; x_wconf 76' lang='lat' dir='ltr'><strong>horum</strong></span> <span class='ocrx_word' id='word_1_176' title='bbox 1265 3037 1318 3075; x_wconf 89' lang='lat' dir='ltr'><strong>et</strong></span> 
     </span>
     <span class='ocr_line' id='line_1_29' title="bbox 314 3100 1316 3174; baseline -0.002 -20"><span class='ocrx_word' id='word_1_177' title='bbox 314 3103 575 3155; x_wconf 79' lang='lat' dir='ltr'><strong>nutricum</strong></span> <span class='ocrx_word' id='word_1_178' title='bbox 592 3104 828 3156; x_wconf 85' lang='lat' dir='ltr'><strong>meminit</strong></span> <span class='ocrx_word' id='word_1_179' title='bbox 839 3100 897 3153; x_wconf 88' lang='lat' dir='ltr'><strong>h.</strong></span> <span class='ocrx_word' id='word_1_180' title='bbox 913 3102 951 3153; x_wconf 85' lang='lat' dir='ltr'><strong>l.</strong></span> <span class='ocrx_word' id='word_1_181' title='bbox 961 3101 1146 3174; x_wconf 83' lang='lat' dir='ltr'><strong>quidni</strong></span> <span class='ocrx_word' id='word_1_182' title='bbox 1159 3104 1316 3154; x_wconf 83' lang='lat' dir='ltr'><strong>etiam</strong></span> 
     </span>
     <span class='ocr_line' id='line_1_30' title="bbox 309 3183 1318 3256; baseline -0.002 -22"><span class='ocrx_word' id='word_1_183' title='bbox 309 3183 741 3256; x_wconf 69' lang='lat' dir='ltr'><strong>poedaqoyorum,</strong></span> <span class='ocrx_word' id='word_1_184' title='bbox 770 3200 903 3255; x_wconf 82' lang='lat' dir='ltr'><strong>quos</strong></span> <span class='ocrx_word' id='word_1_185' title='bbox 926 3183 1163 3254; x_wconf 76' lang='lat' dir='ltr'><strong>proxime</strong></span> <span class='ocrx_word' id='word_1_186' title='bbox 1188 3194 1318 3233; x_wconf 84' lang='lat' dir='ltr'><strong>trae-</strong></span> 
     </span>
     <span class='ocr_line' id='line_1_31' title="bbox 313 3261 1315 3316; baseline 0.002 -2"><span class='ocrx_word' id='word_1_187' title='bbox 313 3275 507 3315; x_wconf 81' lang='lat' dir='ltr'><strong>taverat</strong></span> <span class='ocrx_word' id='word_1_188' title='bbox 524 3266 548 3314; x_wconf 76' lang='lat' dir='ltr'>P</span> <span class='ocrx_word' id='word_1_189' title='bbox 577 3265 828 3316; x_wconf 75' lang='lat' dir='ltr'><strong>Proeterea</strong></span> <span class='ocrx_word' id='word_1_190' title='bbox 857 3264 1025 3316; x_wconf 88' lang='lat' dir='ltr'><strong>fertne</strong></span> <span class='ocrx_word' id='word_1_191' title='bbox 1053 3261 1159 3314; x_wconf 86' lang='lat' dir='ltr'><strong>hoe</strong></span> <span class='ocrx_word' id='word_1_192' title='bbox 1186 3280 1315 3316; x_wconf 81' lang='lat' dir='ltr'><strong>usus</strong></span> 
     </span>
     <span class='ocr_line' id='line_1_32' title="bbox 310 3342 1317 3415; baseline 0.001 -22"><span class='ocrx_word' id='word_1_193' title='bbox 310 3342 668 3394; x_wconf 74' lang='lat' dir='ltr'><strong>Romanorum</strong></span> <span class='ocrx_word' id='word_1_194' title='bbox 684 3380 702 3409; x_wconf 86' lang='lat'><strong>‚</strong></span> <span class='ocrx_word' id='word_1_195' title='bbox 723 3362 883 3415; x_wconf 76' lang='lat' dir='ltr'><strong>prosa</strong></span> <span class='ocrx_word' id='word_1_196' title='bbox 906 3343 1166 3412; x_wconf 75' lang='lat' dir='ltr'><strong>utentium</strong></span> <span class='ocrx_word' id='word_1_197' title='bbox 1189 3360 1317 3414; x_wconf 79' lang='lat' dir='ltr'><strong>prae-</strong></span> 
     </span>
     <span class='ocr_line' id='line_1_33' title="bbox 309 3420 1314 3494; baseline -0.001 -20"><span class='ocrx_word' id='word_1_198' title='bbox 309 3423 486 3474; x_wconf 80' lang='lat' dir='ltr'><strong>sertim</strong></span> <span class='ocrx_word' id='word_1_199' title='bbox 507 3458 524 3486; x_wconf 91' lang='lat'>‚</span> <span class='ocrx_word' id='word_1_200' title='bbox 561 3436 620 3474; x_wconf 87' lang='lat' dir='ltr'><strong>ut</strong></span> <span class='ocrx_word' id='word_1_201' title='bbox 652 3432 709 3484; x_wconf 75' lang='lat' dir='ltr'><strong>qt</strong></span> <span class='ocrx_word' id='word_1_202' title='bbox 742 3421 1094 3494; x_wconf 72' lang='lat' dir='ltr'><strong>subjungatur</strong></span> <span class='ocrx_word' id='word_1_203' title='bbox 1126 3421 1200 3480; x_wconf 78' lang='lat' dir='ltr'><strong>ita</strong></span> <span class='ocrx_word' id='word_1_204' title='bbox 1236 3420 1314 3473; x_wconf 80' lang='lat' dir='ltr'><strong>al-</strong></span> 
     </span>
     <span class='ocr_line' id='line_1_34' title="bbox 310 3499 1317 3556; baseline 0.003 -6"><span class='ocrx_word' id='word_1_205' title='bbox 310 3499 408 3552; x_wconf 71' lang='lat' dir='ltr'><strong>ter‘i</strong></span> <span class='ocrx_word' id='word_1_206' title='bbox 438 3501 700 3554; x_wconf 84' lang='lat' dir='ltr'><strong>vocabulo</strong></span> <span class='ocrx_word' id='word_1_207' title='bbox 735 3504 791 3555; x_wconf 88' lang='lat' dir='ltr'><strong>in</strong></span> <span class='ocrx_word' id='word_1_208' title='bbox 825 3506 1092 3556; x_wconf 73' lang='lat' dir='ltr'><strong>sententiae</strong></span> <span class='ocrx_word' id='word_1_209' title='bbox 1124 3504 1273 3554; x_wconf 86' lang='lat' dir='ltr'><strong>initio</strong></span> <span class='ocrx_word' id='word_1_210' title='bbox 1292 3503 1317 3554; x_wconf 82' lang='lat'><strong>?</strong></span> 
     </span>
     <span class='ocr_line' id='line_1_35' title="bbox 308 3577 1312 3653; baseline 0.003 -22"><span class='ocrx_word' id='word_1_211' title='bbox 308 3577 479 3650; x_wconf 87' lang='lat' dir='ltr'><strong>(quod</strong></span> <span class='ocrx_word' id='word_1_212' title='bbox 521 3594 847 3652; x_wconf 79' lang='lat' dir='ltr'><strong>postremum</strong></span> <span class='ocrx_word' id='word_1_213' title='bbox 889 3596 1078 3653; x_wconf 72' lang='lat' dir='ltr'><strong>urgent</strong></span> <span class='ocrx_word' id='word_1_214' title='bbox 1121 3580 1312 3634; x_wconf 82' lang='lat' dir='ltr'><strong>Badius</strong></span> 
     </span>
     <span class='ocr_line' id='line_1_36' title="bbox 310 3657 1313 3715; baseline 0.003 -6"><span class='ocrx_word' id='word_1_215' title='bbox 310 3671 363 3709; x_wconf 87' lang='lat' dir='ltr'><strong>et</strong></span> <span class='ocrx_word' id='word_1_216' title='bbox 391 3659 468 3710; x_wconf 83' lang='lat' dir='ltr'><strong>vir</strong></span> <span class='ocrx_word' id='word_1_217' title='bbox 493 3657 683 3712; x_wconf 86' lang='lat' dir='ltr'><strong>doetus</strong></span> <span class='ocrx_word' id='word_1_218' title='bbox 708 3663 765 3712; x_wconf 88' lang='lat' dir='ltr'><strong>in</strong></span> <span class='ocrx_word' id='word_1_219' title='bbox 792 3661 1085 3713; x_wconf 77' lang='lat' dir='ltr'><strong>Miscellan.</strong></span> <span class='ocrx_word' id='word_1_220' title='bbox 1112 3659 1313 3715; x_wconf 84' lang='lat' dir='ltr'><strong>Obser-</strong></span> 
     </span>
    </p>
   </div>
   <div class='ocr_carea' id='block_1_6' title="bbox 308 3741 1349 3813">
    <p class='ocr_par' dir='ltr' id='par_1_6' title="bbox 308 3741 1349 3813">
     <span class='ocr_line' id='line_1_37' title="bbox 308 3741 1349 3813; baseline 0.003 -23"><span class='ocrx_word' id='word_1_221' title='bbox 308 3752 468 3803; x_wconf 54' lang='grc' dir='ltr'><strong>νειμ,</strong></span> <span class='ocrx_word' id='word_1_222' title='bbox 497 3752 534 3790; x_wconf 84' lang='lat' dir='ltr'><strong>t.</strong></span> <span class='ocrx_word' id='word_1_223' title='bbox 564 3741 618 3804; x_wconf 83' lang='lat'><strong>1,</strong></span> <span class='ocrx_word' id='word_1_224' title='bbox 650 3759 704 3811; x_wconf 87' lang='lat' dir='ltr'><strong>p.</strong></span> <span class='ocrx_word' id='word_1_225' title='bbox 740 3741 890 3812; x_wconf 83' lang='lat'>139.)</span> <span class='ocrx_word' id='word_1_226' title='bbox 922 3741 1311 3813; x_wconf 76' lang='lat' dir='ltr'><strong>simplicissima</strong></span> <span class='ocrx_word' id='word_1_227' title='bbox 1342 3787 1349 3802; x_wconf 83' lang='grc'><strong>,</strong></span> 
     </span>
    </p>
   </div>
   <div class='ocr_carea' id='block_1_7' title="bbox 300 3815 1310 4272">
    <p class='ocr_par' dir='ltr' id='par_1_7' title="bbox 300 3815 1310 4272">
     <span class='ocr_line' id='line_1_38' title="bbox 306 3815 1307 3889; baseline 0.004 -22"><span class='ocrx_word' id='word_1_228' title='bbox 306 3815 441 3869; x_wconf 69' lang='grc' dir='ltr'><strong>τόιίο</strong></span> <span class='ocrx_word' id='word_1_229' title='bbox 459 3816 666 3869; x_wconf 77' lang='lat' dir='ltr'><strong>videtur</strong></span> <span class='ocrx_word' id='word_1_230' title='bbox 685 3837 842 3889; x_wconf 79' lang='lat' dir='ltr'><strong>quam</strong></span> <span class='ocrx_word' id='word_1_231' title='bbox 861 3822 1029 3872; x_wconf 85' lang='lat' dir='ltr'><strong>secuti</strong></span> <span class='ocrx_word' id='word_1_232' title='bbox 1047 3834 1169 3872; x_wconf 86' lang='lat' dir='ltr'><strong>sunt</strong></span> <span class='ocrx_word' id='word_1_233' title='bbox 1183 3818 1307 3884; x_wconf 81' lang='lat' dir='ltr'><strong>Bad.</strong></span> 
     </span>
     <span class='ocr_line' id='line_1_39' title="bbox 305 3894 1309 3968; baseline 0.004 -20"><span class='ocrx_word' id='word_1_234' title='bbox 305 3894 505 3968; x_wconf 78' lang='lat' dir='ltr'><strong>Gryph.</strong></span> <span class='ocrx_word' id='word_1_235' title='bbox 557 3896 703 3948; x_wconf 87' lang='lat' dir='ltr'><strong>Gibs.</strong></span> <span class='ocrx_word' id='word_1_236' title='bbox 750 3896 907 3968; x_wconf 87' lang='lat' dir='ltr'><strong>(sine</strong></span> <span class='ocrx_word' id='word_1_237' title='bbox 950 3902 1200 3952; x_wconf 78' lang='lat' dir='ltr'><strong>varietate</strong></span> <span class='ocrx_word' id='word_1_238' title='bbox 1245 3919 1309 3952; x_wconf 82' lang='lat' dir='ltr'><strong>ex</strong></span> 
     </span>
     <span class='ocr_line' id='line_1_40' title="bbox 305 3973 1310 4046; baseline 0.004 -19"><span class='ocrx_word' id='word_1_239' title='bbox 305 3973 611 4046; x_wconf 75' lang='lat' dir='ltr'><strong>Andreona)</strong></span> <span class='ocrx_word' id='word_1_240' title='bbox 619 3974 870 4030; x_wconf 82' lang='lat' dir='ltr'><strong>Obrecht.</strong></span> <span class='ocrx_word' id='word_1_241' title='bbox 882 3977 1075 4029; x_wconf 85' lang='lat' dir='ltr'><strong>Rollin.</strong></span> <span class='ocrx_word' id='word_1_242' title='bbox 1092 3991 1143 4030; x_wconf 89' lang='lat' dir='ltr'><strong>et</strong></span> <span class='ocrx_word' id='word_1_243' title='bbox 1158 3978 1310 4031; x_wconf 87' lang='lat' dir='ltr'><strong>multi</strong></span> 
     </span>
     <span class='ocr_line' id='line_1_41' title="bbox 306 4054 1303 4125; baseline 0.005 -19"><span class='ocrx_word' id='word_1_244' title='bbox 306 4067 597 4123; x_wconf 66' lang='lat' dir='ltr'><strong>preterea:</strong></span> <span class='ocrx_word' id='word_1_245' title='bbox 638 4054 793 4108; x_wconf 79' lang='lat' dir='ltr'><strong>velim</strong></span> <span class='ocrx_word' id='word_1_246' title='bbox 834 4054 1016 4109; x_wconf 76' lang='lat' dir='ltr'><strong>habere</strong></span> <span class='ocrx_word' id='word_1_247' title='bbox 1056 4058 1303 4125; x_wconf 63' lang='lat' dir='ltr'><strong>nutrices,</strong></span> 
     </span>
     <span class='ocr_line' id='line_1_42' title="bbox 300 4132 1309 4207; baseline 0.006 -24"><span class='ocrx_word' id='word_1_248' title='bbox 300 4150 516 4203; x_wconf 68' lang='lat' dir='ltr'><strong>puer-05,</strong></span> <span class='ocrx_word' id='word_1_249' title='bbox 547 4132 857 4207; x_wconf 67' lang='lat' dir='ltr'><strong>poedaqoyos</strong></span> <span class='ocrx_word' id='word_1_250' title='bbox 876 4155 891 4184; x_wconf 84' lang='lat'><strong>.-</strong></span> <span class='ocrx_word' id='word_1_251' title='bbox 926 4145 985 4185; x_wconf 73' lang='grc' dir='ltr'><strong>αι</strong></span> <span class='ocrx_word' id='word_1_252' title='bbox 1013 4154 1148 4187; x_wconf 74' lang='lat' dir='ltr'><strong>unus</strong></span> <span class='ocrx_word' id='word_1_253' title='bbox 1178 4149 1309 4189; x_wconf 83' lang='lat' dir='ltr'><strong>certe</strong></span> 
     </span>
     <span class='ocr_line' id='line_1_43' title="bbox 301 4210 1306 4272; baseline 0.007 -9"><span class='ocrx_word' id='word_1_254' title='bbox 301 4210 369 4272; x_wconf 57' lang='lat' dir='ltr'><strong>sit</strong></span> <span class='ocrx_word' id='word_1_255' title='bbox 403 4212 647 4266; x_wconf 73' lang='lat' dir='ltr'><strong>assiduus.</strong></span> <span class='ocrx_word' id='word_1_256' title='bbox 686 4215 770 4269; x_wconf 84' lang='lat' dir='ltr'><strong>Sic</strong></span> <span class='ocrx_word' id='word_1_257' title='bbox 807 4232 869 4268; x_wconf 78' lang='lat' dir='ltr'><strong>ea</strong></span> <span class='ocrx_word' id='word_1_258' title='bbox 900 4215 1001 4271; x_wconf 78' lang='lat' dir='ltr'><strong>tria</strong></span> <span class='ocrx_word' id='word_1_259' title='bbox 1030 4213 1306 4270; x_wconf 82' lang='lat' dir='ltr'><strong>hominum</strong></span> 
     </span>
    </p>
   </div>
   <div class='ocr_carea' id='block_1_8' title="bbox 1395 1592 2425 4294">
    <p class='ocr_par' dir='ltr' id='par_1_8' title="bbox 1397 1592 2425 4031">
     <span class='ocr_line' id='line_1_44' title="bbox 1411 1592 2424 1667; baseline -0.004 -19"><span class='ocrx_word' id='word_1_260' title='bbox 1411 1612 1637 1667; x_wconf 76' lang='lat' dir='ltr'><strong>genera,</strong></span> <span class='ocrx_word' id='word_1_261' title='bbox 1668 1593 1861 1665; x_wconf 84' lang='lat' dir='ltr'><strong>quibus</strong></span> <span class='ocrx_word' id='word_1_262' title='bbox 1884 1593 2095 1646; x_wconf 75' lang='lat' dir='ltr'><strong>futurus</strong></span> <span class='ocrx_word' id='word_1_263' title='bbox 2118 1604 2316 1656; x_wconf 79' lang='lat' dir='ltr'><strong>orator,</strong></span> <span class='ocrx_word' id='word_1_264' title='bbox 2340 1592 2424 1644; x_wconf 88' lang='lat' dir='ltr'><strong>in-</strong></span> 
     </span>
     <span class='ocr_line' id='line_1_45' title="bbox 1410 1671 2424 1744; baseline -0.004 -16"><span class='ocrx_word' id='word_1_265' title='bbox 1410 1677 1528 1730; x_wconf 81' lang='lat' dir='ltr'><strong>fans</strong></span> <span class='ocrx_word' id='word_1_266' title='bbox 1552 1673 1729 1727; x_wconf 78' lang='lat' dir='ltr'><strong>adhuc</strong></span> <span class='ocrx_word' id='word_1_267' title='bbox 1746 1713 1763 1741; x_wconf 82' lang='lat'><strong>‚</strong></span> <span class='ocrx_word' id='word_1_268' title='bbox 1785 1678 2001 1727; x_wconf 83' lang='lat' dir='ltr'><strong>interest</strong></span> <span class='ocrx_word' id='word_1_269' title='bbox 2017 1710 2035 1739; x_wconf 87' lang='lat'><strong>‚</strong></span> <span class='ocrx_word' id='word_1_270' title='bbox 2058 1671 2245 1725; x_wconf 83' lang='lat' dir='ltr'><strong>ordine</strong></span> <span class='ocrx_word' id='word_1_271' title='bbox 2267 1690 2424 1744; x_wconf 87' lang='lat' dir='ltr'><strong>repe-</strong></span> 
     </span>
     <span class='ocr_line' id='line_1_46' title="bbox 1412 1754 2422 1824; baseline -0.004 -15"><span class='ocrx_word' id='word_1_272' title='bbox 1412 1770 1618 1822; x_wconf 82' lang='lat' dir='ltr'><strong>tentur,</strong></span> <span class='ocrx_word' id='word_1_273' title='bbox 1661 1769 1713 1807; x_wconf 90' lang='lat' dir='ltr'><strong>et</strong></span> <span class='ocrx_word' id='word_1_274' title='bbox 1750 1755 1982 1824; x_wconf 80' lang='lat' dir='ltr'><strong>legitima</strong></span> <span class='ocrx_word' id='word_1_275' title='bbox 2018 1754 2116 1805; x_wconf 87' lang='lat' dir='ltr'><strong>erit</strong></span> <span class='ocrx_word' id='word_1_276' title='bbox 2157 1766 2422 1805; x_wconf 80' lang='lat' dir='ltr'><strong>structura</strong></span> 
     </span>
     <span class='ocr_line' id='line_1_47' title="bbox 1413 1831 2425 1907; baseline -0.003 -20"><span class='ocrx_word' id='word_1_277' title='bbox 1413 1836 1805 1907; x_wconf 79' lang='lat' dir='ltr'><strong>conjunctionis</strong></span> <span class='ocrx_word' id='word_1_278' title='bbox 1828 1845 1900 1885; x_wconf 82' lang='lat' dir='ltr'><strong>at.</strong></span> <span class='ocrx_word' id='word_1_279' title='bbox 1926 1831 2033 1885; x_wconf 87' lang='lat' dir='ltr'><strong>Sed</strong></span> <span class='ocrx_word' id='word_1_280' title='bbox 2056 1831 2251 1885; x_wconf 81' lang='lat' dir='ltr'><strong>residet</strong></span> <span class='ocrx_word' id='word_1_281' title='bbox 2274 1852 2425 1885; x_wconf 83' lang='lat' dir='ltr'><strong>scru-</strong></span> 
     </span>
     <span class='ocr_line' id='line_1_48' title="bbox 1412 1914 2421 1988; baseline 0 -21"><span class='ocrx_word' id='word_1_282' title='bbox 1412 1916 1610 1987; x_wconf 77' lang='lat' dir='ltr'><strong>pulus,</strong></span> <span class='ocrx_word' id='word_1_283' title='bbox 1641 1934 1799 1988; x_wconf 82' lang='lat' dir='ltr'><strong>quem</strong></span> <span class='ocrx_word' id='word_1_284' title='bbox 1836 1915 2004 1984; x_wconf 76' lang='lat' dir='ltr'><strong>tetigit</strong></span> <span class='ocrx_word' id='word_1_285' title='bbox 2037 1914 2245 1983; x_wconf 76' lang='lat' dir='ltr'><strong>Regius.</strong></span> <span class='ocrx_word' id='word_1_286' title='bbox 2287 1914 2421 1981; x_wconf 78' lang='lat' dir='ltr'><strong>Quis</strong></span> 
     </span>
     <span class='ocr_line' id='line_1_49' title="bbox 1416 1988 2422 2047; baseline -0.003 -1"><span class='ocrx_word' id='word_1_287' title='bbox 1416 1996 1555 2047; x_wconf 91' lang='lat' dir='ltr'><strong>enim</strong></span> <span class='ocrx_word' id='word_1_288' title='bbox 1584 2012 1719 2046; x_wconf 79' lang='lat' dir='ltr'><strong>unus</strong></span> <span class='ocrx_word' id='word_1_289' title='bbox 1746 1992 1834 2045; x_wconf 85' lang='lat' dir='ltr'><strong>illc</strong></span> <span class='ocrx_word' id='word_1_290' title='bbox 1862 1988 2093 2045; x_wconf 75' lang='lat' dir='ltr'><strong>assiduus</strong></span> <span class='ocrx_word' id='word_1_291' title='bbox 2116 1993 2248 2043; x_wconf 76' lang='lat' dir='ltr'><strong>erit?</strong></span> <span class='ocrx_word' id='word_1_292' title='bbox 2280 2013 2303 2037; x_wconf 71' lang='grc' dir='ltr'>κ</span> <span class='ocrx_word' id='word_1_293' title='bbox 2322 1994 2422 2043; x_wconf 84' lang='lat' dir='ltr'><strong>Hie</strong></span> 
     </span>
     <span class='ocr_line' id='line_1_50' title="bbox 1419 2069 2421 2144; baseline 0.002 -24"><span class='ocrx_word' id='word_1_294' title='bbox 1419 2091 1713 2144; x_wconf 72' lang='lat' dir='ltr'><strong>«quoque,</strong></span> <span class='ocrx_word' id='word_1_295' title='bbox 1757 2075 1827 2123; x_wconf 79' lang='lat' dir='ltr'><strong>ait</strong></span> <span class='ocrx_word' id='word_1_296' title='bbox 1865 2072 2094 2141; x_wconf 80' lang='lat' dir='ltr'><strong>Regius,</strong></span> <span class='ocrx_word' id='word_1_297' title='bbox 2136 2070 2274 2123; x_wconf 80' lang='lat' dir='ltr'><strong>foret</strong></span> <span class='ocrx_word' id='word_1_298' title='bbox 2313 2069 2421 2122; x_wconf 87' lang='lat' dir='ltr'><strong>hoe</strong></span> 
     </span>
     <span class='ocr_line' id='line_1_51' title="bbox 1419 2150 2424 2224; baseline -0.002 -20"><span class='ocrx_word' id='word_1_299' title='bbox 1419 2175 1443 2199; x_wconf 76' lang='grc' dir='ltr'>ι</span> <span class='ocrx_word' id='word_1_300' title='bbox 1461 2152 1634 2204; x_wconf 77' lang='lat' dir='ltr'><strong>modo</strong></span> <span class='ocrx_word' id='word_1_301' title='bbox 1667 2150 2003 2224; x_wconf 65' lang='lat' dir='ltr'><strong>paedagogus.</strong></span> <span class='ocrx_word' id='word_1_302' title='bbox 2026 2174 2049 2199; x_wconf 75' lang='grc' dir='ltr'><strong>ιο</strong></span> <span class='ocrx_word' id='word_1_303' title='bbox 2095 2152 2424 2222; x_wconf 70' lang='lat' dir='ltr'><strong>Priepostera</strong></span> 
     </span>
     <span class='ocr_line' id='line_1_52' title="bbox 1412 2230 2424 2305; baseline -0.005 -19"><span class='ocrx_word' id='word_1_304' title='bbox 1412 2252 1539 2286; x_wconf 82' lang='lat' dir='ltr'><strong>sane</strong></span> <span class='ocrx_word' id='word_1_305' title='bbox 1566 2235 1736 2299; x_wconf 79' lang='lat' dir='ltr'><strong>ratio,</strong></span> <span class='ocrx_word' id='word_1_306' title='bbox 1764 2235 1841 2299; x_wconf 80' lang='lat' dir='ltr'><strong>si,</strong></span> <span class='ocrx_word' id='word_1_307' title='bbox 1871 2232 2121 2303; x_wconf 83' lang='lat' dir='ltr'><strong>quoniam</strong></span> <span class='ocrx_word' id='word_1_308' title='bbox 2146 2230 2424 2305; x_wconf 73' lang='lat' dir='ltr'><strong>poedaqoqi</strong></span> 
     </span>
     <span class='ocr_line' id='line_1_53' title="bbox 1412 2307 2422 2382; baseline -0.005 -18"><span class='ocrx_word' id='word_1_309' title='bbox 1412 2311 1540 2364; x_wconf 87' lang='lat' dir='ltr'><strong>boni</strong></span> <span class='ocrx_word' id='word_1_310' title='bbox 1564 2330 1675 2364; x_wconf 88' lang='lat' dir='ltr'><strong>non</strong></span> <span class='ocrx_word' id='word_1_311' title='bbox 1704 2313 2019 2380; x_wconf 72' lang='lat' dir='ltr'><strong>contingunt</strong></span> <span class='ocrx_word' id='word_1_312' title='bbox 2035 2347 2052 2374; x_wconf 79' lang='lat'>‚</span> <span class='ocrx_word' id='word_1_313' title='bbox 2072 2307 2422 2382; x_wconf 70' lang='lat' dir='ltr'><strong>poedaqoyum</strong></span> 
     </span>
     <span class='ocr_line' id='line_1_54' title="bbox 1410 2386 2422 2460; baseline -0.002 -18"><span class='ocrx_word' id='word_1_314' title='bbox 1410 2403 1588 2443; x_wconf 84' lang='lat' dir='ltr'><strong>tamen</strong></span> <span class='ocrx_word' id='word_1_315' title='bbox 1635 2408 1802 2442; x_wconf 77' lang='lat' dir='ltr'><strong>unum</strong></span> <span class='ocrx_word' id='word_1_316' title='bbox 1846 2387 2115 2441; x_wconf 79' lang='lat' dir='ltr'><strong>assiduum</strong></span> <span class='ocrx_word' id='word_1_317' title='bbox 2161 2386 2422 2460; x_wconf 73' lang='lat' dir='ltr'><strong>adjungas</strong></span> 
     </span>
     <span class='ocr_line' id='line_1_55' title="bbox 1411 2466 2423 2540; baseline -0.002 -18"><span class='ocrx_word' id='word_1_318' title='bbox 1411 2468 1520 2522; x_wconf 85' lang='lat' dir='ltr'><strong>filio</strong></span> <span class='ocrx_word' id='word_1_319' title='bbox 1560 2484 1679 2521; x_wconf 78' lang='lat' dir='ltr'><strong>tuo.</strong></span> <span class='ocrx_word' id='word_1_320' title='bbox 1718 2471 1881 2540; x_wconf 84' lang='lat' dir='ltr'><strong>Atqui</strong></span> <span class='ocrx_word' id='word_1_321' title='bbox 1921 2467 2080 2540; x_wconf 79' lang='lat' dir='ltr'><strong>plane</strong></span> <span class='ocrx_word' id='word_1_322' title='bbox 2121 2467 2254 2519; x_wconf 86' lang='lat' dir='ltr'><strong>nulli</strong></span> <span class='ocrx_word' id='word_1_323' title='bbox 2290 2466 2423 2521; x_wconf 86' lang='lat' dir='ltr'><strong>boni</strong></span> 
     </span>
     <span class='ocr_line' id='line_1_56' title="bbox 1409 2544 2422 2621; baseline -0.001 -21"><span class='ocrx_word' id='word_1_324' title='bbox 1409 2546 1686 2621; x_wconf 70' lang='lat' dir='ltr'><strong>paedagogi</strong></span> <span class='ocrx_word' id='word_1_325' title='bbox 1709 2544 2045 2619; x_wconf 66' lang='lat' dir='ltr'><strong>contigerunt</strong></span> <span class='ocrx_word' id='word_1_326' title='bbox 2070 2545 2181 2599; x_wconf 88' lang='lat' dir='ltr'><strong>tibi.</strong></span> <span class='ocrx_word' id='word_1_327' title='bbox 2213 2548 2354 2600; x_wconf 79' lang='lat' dir='ltr'><strong>Nam</strong></span> <span class='ocrx_word' id='word_1_328' title='bbox 2375 2547 2422 2599; x_wconf 88' lang='lat' dir='ltr'><strong>si</strong></span> 
     </span>
     <span class='ocr_line' id='line_1_57' title="bbox 1409 2627 2418 2702; baseline -0.001 -20"><span class='ocrx_word' id='word_1_329' title='bbox 1409 2647 1520 2682; x_wconf 88' lang='lat' dir='ltr'><strong>non</strong></span> <span class='ocrx_word' id='word_1_330' title='bbox 1552 2642 1633 2682; x_wconf 80' lang='lat' dir='ltr'><strong>est</strong></span> <span class='ocrx_word' id='word_1_331' title='bbox 1666 2629 1986 2702; x_wconf 65' lang='lat' dir='ltr'><strong>pedagogus</strong></span> <span class='ocrx_word' id='word_1_332' title='bbox 2023 2627 2253 2682; x_wconf 77' lang='lat' dir='ltr'><strong>assiduus</strong></span> <span class='ocrx_word' id='word_1_333' title='bbox 2293 2628 2380 2681; x_wconf 85' lang='lat' dir='ltr'><strong>ille</strong></span> <span class='ocrx_word' id='word_1_334' title='bbox 2399 2665 2418 2696; x_wconf 79' lang='lat'>‚</span> 
     </span>
     <span class='ocr_line' id='line_1_58' title="bbox 1409 2706 2424 2782; baseline 0.001 -21"><span class='ocrx_word' id='word_1_335' title='bbox 1409 2706 1541 2761; x_wconf 83' lang='lat' dir='ltr'><strong>dura</strong></span> <span class='ocrx_word' id='word_1_336' title='bbox 1569 2710 1813 2782; x_wconf 84' lang='lat' dir='ltr'><strong>profecto</strong></span> <span class='ocrx_word' id='word_1_337' title='bbox 1837 2711 1904 2761; x_wconf 86' lang='lat' dir='ltr'><strong>sit</strong></span> <span class='ocrx_word' id='word_1_338' title='bbox 1927 2708 2239 2762; x_wconf 76' lang='lat' dir='ltr'><strong>substantivi</strong></span> <span class='ocrx_word' id='word_1_339' title='bbox 2264 2710 2424 2762; x_wconf 71' lang='lat' dir='ltr'><strong>omis-</strong></span> 
     </span>
     <span class='ocr_line' id='line_1_59' title="bbox 1408 2785 2418 2859; baseline -0.002 -18"><span class='ocrx_word' id='word_1_340' title='bbox 1408 2790 1488 2841; x_wconf 81' lang='lat' dir='ltr'><strong>sio</strong></span> <span class='ocrx_word' id='word_1_341' title='bbox 1508 2788 1577 2842; x_wconf 78' lang='lat' dir='ltr'><strong>atl</strong></span> <span class='ocrx_word' id='word_1_342' title='bbox 1592 2785 1647 2840; x_wconf 75' lang='grc' dir='ltr'><strong><em>τό</em></strong></span> <span class='ocrx_word' id='word_1_343' title='bbox 1666 2808 1816 2841; x_wconf 78' lang='lat' dir='ltr'><strong>unus.</strong></span> <span class='ocrx_word' id='word_1_344' title='bbox 1842 2790 2025 2841; x_wconf 82' lang='lat' dir='ltr'><strong>Haereo</strong></span> <span class='ocrx_word' id='word_1_345' title='bbox 2049 2789 2209 2859; x_wconf 74' lang='lat' dir='ltr'><strong>igitur</strong></span> <span class='ocrx_word' id='word_1_346' title='bbox 2231 2791 2418 2841; x_wconf 81' lang='lat' dir='ltr'><strong>etiam·</strong></span> 
     </span>
     <span class='ocr_line' id='line_1_60' title="bbox 1408 2865 2418 2920; baseline 0.001 -1"><span class='ocrx_word' id='word_1_347' title='bbox 1408 2885 1537 2919; x_wconf 87' lang='lat' dir='ltr'><strong>num</strong></span> <span class='ocrx_word' id='word_1_348' title='bbox 1564 2869 1622 2920; x_wconf 86' lang='lat' dir='ltr'><strong>in</strong></span> <span class='ocrx_word' id='word_1_349' title='bbox 1652 2866 1756 2919; x_wconf 83' lang='lat' dir='ltr'><strong>hoc</strong></span> <span class='ocrx_word' id='word_1_350' title='bbox 1789 2867 1929 2919; x_wconf 86' lang='lat' dir='ltr'><strong>loco.</strong></span> <span class='ocrx_word' id='word_1_351' title='bbox 1965 2870 2026 2919; x_wconf 86' lang='lat' dir='ltr'><strong>In</strong></span> <span class='ocrx_word' id='word_1_352' title='bbox 2056 2865 2216 2920; x_wconf 77' lang='lat' dir='ltr'><strong>Goth.</strong></span> <span class='ocrx_word' id='word_1_353' title='bbox 2246 2870 2418 2920; x_wconf 80' lang='lat' dir='ltr'><strong>varie-</strong></span> 
     </span>
     <span class='ocr_line' id='line_1_61' title="bbox 1407 2945 2414 3017; baseline 0.001 -20"><span class='ocrx_word' id='word_1_354' title='bbox 1407 2958 1547 3011; x_wconf 81' lang='lat' dir='ltr'><strong>tate,</strong></span> <span class='ocrx_word' id='word_1_355' title='bbox 1570 2956 1746 2997; x_wconf 83' lang='lat' dir='ltr'><strong>autem</strong></span> <span class='ocrx_word' id='word_1_356' title='bbox 1774 2964 1873 3017; x_wconf 85' lang='lat' dir='ltr'><strong>pro</strong></span> <span class='ocrx_word' id='word_1_357' title='bbox 1901 2956 1988 3010; x_wconf 84' lang='lat' dir='ltr'><strong>at,</strong></span> <span class='ocrx_word' id='word_1_358' title='bbox 2023 2945 2229 2997; x_wconf 79' lang='lat' dir='ltr'><strong>nullum</strong></span> <span class='ocrx_word' id='word_1_359' title='bbox 2257 2945 2414 2999; x_wconf 80' lang='lat' dir='ltr'><strong>video</strong></span> 
     </span>
     <span class='ocr_line' id='line_1_62' title="bbox 1405 3024 2416 3095; baseline 0.002 -20"><span class='ocrx_word' id='word_1_360' title='bbox 1405 3024 1738 3095; x_wconf 75' lang='lat' dir='ltr'><strong>praesidium3</strong></span> <span class='ocrx_word' id='word_1_361' title='bbox 1761 3025 2000 3076; x_wconf 84' lang='lat' dir='ltr'><strong>Jensonii</strong></span> <span class='ocrx_word' id='word_1_362' title='bbox 2023 3026 2158 3075; x_wconf 81' lang='lat' dir='ltr'><strong>ratio</strong></span> <span class='ocrx_word' id='word_1_363' title='bbox 2182 3038 2261 3077; x_wconf 81' lang='lat' dir='ltr'><strong>est</strong></span> <span class='ocrx_word' id='word_1_364' title='bbox 2285 3044 2416 3077; x_wconf 87' lang='lat' dir='ltr'><strong>nos-</strong></span> 
     </span>
     <span class='ocr_line' id='line_1_63' title="bbox 1408 3101 2415 3174; baseline 0.002 -20"><span class='ocrx_word' id='word_1_365' title='bbox 1408 3116 1518 3167; x_wconf 79' lang='lat' dir='ltr'><strong>tra,</strong></span> <span class='ocrx_word' id='word_1_366' title='bbox 1565 3104 1667 3154; x_wconf 88' lang='lat' dir='ltr'><strong>nisi</strong></span> <span class='ocrx_word' id='word_1_367' title='bbox 1713 3101 1861 3172; x_wconf 84' lang='lat' dir='ltr'><strong>quod</strong></span> <span class='ocrx_word' id='word_1_368' title='bbox 1908 3117 2031 3174; x_wconf 86' lang='lat' dir='ltr'><strong>post</strong></span> <span class='ocrx_word' id='word_1_369' title='bbox 2079 3101 2259 3154; x_wconf 78' lang='lat' dir='ltr'><strong>habere</strong></span> <span class='ocrx_word' id='word_1_370' title='bbox 2303 3122 2415 3156; x_wconf 85' lang='lat' dir='ltr'><strong>non</strong></span> 
     </span>
     <span class='ocr_line' id='line_1_64' title="bbox 1406 3180 2417 3252; baseline 0.003 -19"><span class='ocrx_word' id='word_1_371' title='bbox 1406 3180 1608 3233; x_wconf 88' lang='lat' dir='ltr'><strong>incidit.</strong></span> <span class='ocrx_word' id='word_1_372' title='bbox 1641 3183 1782 3234; x_wconf 76' lang='lat' dir='ltr'><strong>Infra</strong></span> <span class='ocrx_word' id='word_1_373' title='bbox 1814 3200 1860 3234; x_wconf 87' lang='lat' dir='ltr'><strong>e.</strong></span> <span class='ocrx_word' id='word_1_374' title='bbox 1896 3181 2100 3252; x_wconf 29' lang='grc' dir='ltr'><strong>3,.14ι</strong></span> <span class='ocrx_word' id='word_1_375' title='bbox 2144 3183 2417 3237; x_wconf 70' lang='lat' dir='ltr'><strong>«assiduus</strong></span> 
     </span>
     <span class='ocr_line' id='line_1_65' title="bbox 1412 3259 2414 3327; baseline 0.002 -14"><span class='ocrx_word' id='word_1_376' title='bbox 1412 3283 1435 3307; x_wconf 74' lang='grc' dir='ltr'><strong>α</strong></span> <span class='ocrx_word' id='word_1_377' title='bbox 1454 3259 1751 3313; x_wconf 84' lang='lat' dir='ltr'><strong>studiorum</strong></span> <span class='ocrx_word' id='word_1_378' title='bbox 1793 3274 2050 3313; x_wconf 74' lang='lat' dir='ltr'><strong>exactor·</strong></span> <span class='ocrx_word' id='word_1_379' title='bbox 2072 3297 2090 3327; x_wconf 90' lang='lat'>‚</span> <span class='ocrx_word' id='word_1_380' title='bbox 2137 3263 2295 3313; x_wconf 77' lang='lat' dir='ltr'><strong>etiam</strong></span> <span class='ocrx_word' id='word_1_381' title='bbox 2345 3261 2414 3316; x_wconf 86' lang='lat' dir='ltr'><strong>de</strong></span> 
     </span>
     <span class='ocr_line' id='line_1_66' title="bbox 1402 3338 2409 3413; baseline 0.005 -23"><span class='ocrx_word' id='word_1_382' title='bbox 1402 3338 1711 3413; x_wconf 66' lang='lat' dir='ltr'><strong>padagogo.</strong></span> <span class='ocrx_word' id='word_1_383' title='bbox 1760 3368 1829 3382; x_wconf 92' lang='lat'>-</span> <span class='ocrx_word' id='word_1_384' title='bbox 1878 3338 2107 3394; x_wconf 77' lang='lat' dir='ltr'><strong>Velim...</strong></span> <span class='ocrx_word' id='word_1_385' title='bbox 2163 3341 2409 3396; x_wconf 70' lang='lat' dir='ltr'><strong>assiduus.</strong></span> 
     </span>
     <span class='ocr_line' id='line_1_67' title="bbox 1401 3413 2413 3492; baseline 0 -18"><span class='ocrx_word' id='word_1_386' title='bbox 1401 3417 1557 3474; x_wconf 79' lang='lat' dir='ltr'><strong>Adde</strong></span> <span class='ocrx_word' id='word_1_387' title='bbox 1592 3418 1663 3473; x_wconf 77' lang='lat' dir='ltr'><strong>ad</strong></span> <span class='ocrx_word' id='word_1_388' title='bbox 1693 3421 1889 3473; x_wconf 84' lang='lat' dir='ltr'><strong>Notam</strong></span> <span class='ocrx_word' id='word_1_389' title='bbox 1922 3421 2282 3492; x_wconf 86' lang='lat' dir='ltr'><strong>superiorem:</strong></span> <span class='ocrx_word' id='word_1_390' title='bbox 2317 3413 2413 3474; x_wconf 77' lang='lat' dir='ltr'><strong>sed</strong></span> 
     </span>
     <span class='ocr_line' id='line_1_68' title="bbox 1403 3497 2406 3566; baseline 0.003 -16"><span class='ocrx_word' id='word_1_391' title='bbox 1403 3517 1449 3551; x_wconf 83' lang='lat' dir='ltr'><strong>e.</strong></span> <span class='ocrx_word' id='word_1_392' title='bbox 1477 3517 1534 3566; x_wconf 83' lang='lat'><strong>2,</strong></span> <span class='ocrx_word' id='word_1_393' title='bbox 1556 3498 1787 3553; x_wconf 75' lang='lat' dir='ltr'><strong>assiduus</strong></span> <span class='ocrx_word' id='word_1_394' title='bbox 1810 3497 1876 3552; x_wconf 89' lang='lat' dir='ltr'><strong>de</strong></span> <span class='ocrx_word' id='word_1_395' title='bbox 1901 3501 2071 3558; x_wconf 77' lang='lat' dir='ltr'><strong>amieo</strong></span> <span class='ocrx_word' id='word_1_396' title='bbox 2095 3499 2179 3553; x_wconf 85' lang='lat' dir='ltr'><strong>vel</strong></span> <span class='ocrx_word' id='word_1_397' title='bbox 2199 3499 2406 3554; x_wconf 82' lang='lat' dir='ltr'><strong>liberto.</strong></span> 
     </span>
     <span class='ocr_line' id='line_1_69' title="bbox 1403 3577 2408 3650; baseline 0.003 -19"><span class='ocrx_word' id='word_1_398' title='bbox 1403 3577 1565 3650; x_wconf 89' lang='lat' dir='ltr'><strong>Quod</strong></span> <span class='ocrx_word' id='word_1_399' title='bbox 1591 3594 1769 3633; x_wconf 80' lang='lat' dir='ltr'><strong>autem</strong></span> <span class='ocrx_word' id='word_1_400' title='bbox 1795 3578 1850 3633; x_wconf 88' lang='lat' dir='ltr'><strong>h.</strong></span> <span class='ocrx_word' id='word_1_401' title='bbox 1883 3579 1917 3631; x_wconf 88' lang='lat' dir='ltr'><strong>l.</strong></span> <span class='ocrx_word' id='word_1_402' title='bbox 1948 3578 2069 3633; x_wconf 85' lang='lat' dir='ltr'><strong>dico</strong></span> <span class='ocrx_word' id='word_1_403' title='bbox 2098 3598 2235 3633; x_wconf 76' lang='lat' dir='ltr'><strong>unus</strong></span> <span class='ocrx_word' id='word_1_404' title='bbox 2260 3581 2408 3634; x_wconf 76' lang='lat' dir='ltr'><strong>assid.</strong></span> 
     </span>
     <span class='ocr_line' id='line_1_70' title="bbox 1402 3658 2408 3727; baseline 0.002 -15"><span class='ocrx_word' id='word_1_405' title='bbox 1402 3660 1510 3712; x_wconf 81' lang='lat' dir='ltr'><strong>sive</strong></span> <span class='ocrx_word' id='word_1_406' title='bbox 1529 3658 1858 3713; x_wconf 76' lang='lat' dir='ltr'><strong>substantivo</strong></span> <span class='ocrx_word' id='word_1_407' title='bbox 1870 3698 1887 3727; x_wconf 82' lang='lat'>‚</span> <span class='ocrx_word' id='word_1_408' title='bbox 1907 3659 2174 3713; x_wconf 88' lang='lat' dir='ltr'><strong>intellecto</strong></span> <span class='ocrx_word' id='word_1_409' title='bbox 2194 3661 2378 3714; x_wconf 81' lang='lat' dir='ltr'><strong>saltem</strong></span> <span class='ocrx_word' id='word_1_410' title='bbox 2391 3700 2408 3726; x_wconf 81' lang='lat'>‚</span> 
     </span>
     <span class='ocr_line' id='line_1_71' title="bbox 1403 3737 2406 3812; baseline 0.008 -22"><span class='ocrx_word' id='word_1_411' title='bbox 1403 3756 1517 3791; x_wconf 79' lang='lat' dir='ltr'><strong>esse</strong></span> <span class='ocrx_word' id='word_1_412' title='bbox 1560 3737 1785 3806; x_wconf 86' lang='lat' dir='ltr'><strong>durum,</strong></span> <span class='ocrx_word' id='word_1_413' title='bbox 1820 3738 1987 3793; x_wconf 78' lang='lat' dir='ltr'><strong>habes</strong></span> <span class='ocrx_word' id='word_1_414' title='bbox 2024 3739 2078 3791; x_wconf 84' lang='lat' dir='ltr'><strong>h.</strong></span> <span class='ocrx_word' id='word_1_415' title='bbox 2118 3742 2236 3812; x_wconf 89' lang='lat' dir='ltr'><strong>ipso</strong></span> <span class='ocrx_word' id='word_1_416' title='bbox 2270 3741 2406 3798; x_wconf 76' lang='lat' dir='ltr'><strong>libro</strong></span> 
     </span>
     <span class='ocr_line' id='line_1_72' title="bbox 1399 3819 2402 3894; baseline 0.002 -23"><span class='ocrx_word' id='word_1_417' title='bbox 1399 3836 1447 3871; x_wconf 85' lang='lat' dir='ltr'><strong>c.</strong></span> <span class='ocrx_word' id='word_1_418' title='bbox 1495 3837 1584 3886; x_wconf 87' lang='lat'><strong>11,</strong></span> <span class='ocrx_word' id='word_1_419' title='bbox 1622 3819 1846 3894; x_wconf 64' lang='lat' dir='ltr'><strong>diligens</strong></span> <span class='ocrx_word' id='word_1_420' title='bbox 1873 3819 2064 3892; x_wconf 75' lang='lat' dir='ltr'><strong>aliquis</strong></span> <span class='ocrx_word' id='word_1_421' title='bbox 2098 3837 2161 3871; x_wconf 84' lang='lat' dir='ltr'><strong>ac</strong></span> <span class='ocrx_word' id='word_1_422' title='bbox 2192 3821 2402 3892; x_wconf 72' lang='lat' dir='ltr'><strong>peritus.</strong></span> 
     </span>
     <span class='ocr_line' id='line_1_73' title="bbox 1399 3897 2402 3971; baseline 0.003 -21"><span class='ocrx_word' id='word_1_423' title='bbox 1399 3897 1560 3967; x_wconf 81' lang='lat' dir='ltr'><strong>Quod</strong></span> <span class='ocrx_word' id='word_1_424' title='bbox 1586 3898 1662 3952; x_wconf 87' lang='lat' dir='ltr'><strong>ibi</strong></span> <span class='ocrx_word' id='word_1_425' title='bbox 1689 3899 1908 3971; x_wconf 73' lang='lat' dir='ltr'><strong>aliquis,</strong></span> <span class='ocrx_word' id='word_1_426' title='bbox 1938 3899 2043 3951; x_wconf 87' lang='lat' dir='ltr'><strong>hoe</strong></span> <span class='ocrx_word' id='word_1_427' title='bbox 2068 3912 2251 3952; x_wconf 89' lang='lat' dir='ltr'><strong>nostro</strong></span> <span class='ocrx_word' id='word_1_428' title='bbox 2281 3900 2402 3953; x_wconf 89' lang='lat' dir='ltr'><strong>loco</strong></span> 
     </span>
     <span class='ocr_line' id='line_1_74' title="bbox 1397 3977 2187 4031; baseline -0.001 -2"><span class='ocrx_word' id='word_1_429' title='bbox 1397 3977 1555 4030; x_wconf 81' lang='lat' dir='ltr'><strong>fuerit</strong></span> <span class='ocrx_word' id='word_1_430' title='bbox 1577 3995 1735 4031; x_wconf 85' lang='lat' dir='ltr'><strong>unus.</strong></span> <span class='ocrx_word' id='word_1_431' title='bbox 1766 3979 1940 4031; x_wconf 68' lang='lat' dir='ltr'><strong>Suu).</strong></span> <span class='ocrx_word' id='word_1_432' title='bbox 1966 3978 2021 4028; x_wconf 91' lang='lat' dir='ltr'><strong>in</strong></span> <span class='ocrx_word' id='word_1_433' title='bbox 2041 3977 2187 4029; x_wconf 77' lang='lat' dir='ltr'><strong>Proef.</strong></span> 
     </span>
    </p>

    <p class='ocr_par' dir='ltr' id='par_1_9' title="bbox 1395 4054 2404 4294">
     <span class='ocr_line' id='line_1_75' title="bbox 1472 4054 2404 4129; baseline 0.004 -20"><span class='ocrx_word' id='word_1_434' title='bbox 1472 4074 1521 4110; x_wconf 77' lang='lat'><strong>2.</strong></span> <span class='ocrx_word' id='word_1_435' title='bbox 1562 4058 1870 4110; x_wconf 76' lang='lat' dir='ltr'><strong>Latinum...</strong></span> <span class='ocrx_word' id='word_1_436' title='bbox 1908 4054 2154 4129; x_wconf 71' lang='lat' dir='ltr'><strong>perhibet.</strong></span> <span class='ocrx_word' id='word_1_437' title='bbox 2179 4059 2404 4113; x_wconf 81' lang='lat' dir='ltr'><strong>Verissi-</strong></span> 
     </span>
     <span class='ocr_line' id='line_1_76' title="bbox 1395 4135 2399 4209; baseline 0.004 -21"><span class='ocrx_word' id='word_1_438' title='bbox 1395 4155 1536 4189; x_wconf 86' lang='lat' dir='ltr'><strong>mam</strong></span> <span class='ocrx_word' id='word_1_439' title='bbox 1549 4135 1688 4188; x_wconf 84' lang='lat' dir='ltr'><strong>hanc</strong></span> <span class='ocrx_word' id='word_1_440' title='bbox 1702 4140 2014 4209; x_wconf 82' lang='lat' dir='ltr'><strong>scripturam</strong></span> <span class='ocrx_word' id='word_1_441' title='bbox 2029 4139 2209 4209; x_wconf 84' lang='lat' dir='ltr'><strong>recepi</strong></span> <span class='ocrx_word' id='word_1_442' title='bbox 2224 4159 2253 4190; x_wconf 89' lang='lat' dir='ltr'><strong>e</strong></span> <span class='ocrx_word' id='word_1_443' title='bbox 2267 4140 2399 4192; x_wconf 87' lang='lat' dir='ltr'><strong>cod.</strong></span> 
     </span>
     <span class='ocr_line' id='line_1_77' title="bbox 1395 4215 2398 4294; baseline -0.004 -22"><span class='ocrx_word' id='word_1_444' title='bbox 1395 4217 1569 4272; x_wconf 87' lang='lat' dir='ltr'><strong>Guelf.</strong></span> <span class='ocrx_word' id='word_1_445' title='bbox 1596 4218 1690 4272; x_wconf 85' lang='lat' dir='ltr'><strong>ubi</strong></span> <span class='ocrx_word' id='word_1_446' title='bbox 1711 4218 1871 4293; x_wconf 81' lang='lat' dir='ltr'><strong>plane</strong></span> <span class='ocrx_word' id='word_1_447' title='bbox 1891 4219 1981 4272; x_wconf 82' lang='lat' dir='ltr'><strong>sic.</strong></span> <span class='ocrx_word' id='word_1_448' title='bbox 2005 4215 2109 4271; x_wconf 85' lang='lat' dir='ltr'><strong>Sed</strong></span> <span class='ocrx_word' id='word_1_449' title='bbox 2132 4236 2246 4271; x_wconf 83' lang='lat' dir='ltr'><strong>eam</strong></span> <span class='ocrx_word' id='word_1_450' title='bbox 2271 4238 2398 4294; x_wconf 73' lang='lat' dir='ltr'><strong>pro-</strong></span> 
     </span>
    </p>
   </div>
   <div class='ocr_carea' id='block_1_9' title="bbox 2345 458 2443 555">
    <p class='ocr_par' dir='ltr' id='par_1_10' title="bbox 2345 458 2443 555">
     <span class='ocr_line' id='line_1_78' title="bbox 2345 458 2443 555; baseline -0.01 0"><span class='ocrx_word' id='word_1_451' title='bbox 2345 458 2443 555; x_wconf 79' lang='lat'><strong>53&#39;</strong></span> 
     </span>
    </p>
   </div>
   <div class='ocr_carea' id='block_1_10' title="bbox 2470 1219 2531 1253">
    <p class='ocr_par' dir='ltr' id='par_1_11' title="bbox 2470 1219 2531 1253">
     <span class='ocr_line' id='line_1_79' title="bbox 2470 1219 2531 1253; baseline 0 0"><span class='ocrx_word' id='word_1_452' title='bbox 2470 1219 2531 1253; x_wconf 75' lang='lat'><strong>12</strong></span> 
     </span>
    </p>
   </div>
  </div>
 </body>
</html>
