3200 5150
783 490 902 558 ¹7²

1344 468 1435 532 M.
1476 465 1705 533 mnu
1740 464 2294 551 Qnm‘rmAm

777 590 1177 692 gravissimo
1210 611 1455 663 vacent
1475 646 1494 679 ,
1519 590 1750 690 ‘idque
1785 591 2028 665 Graeco
2061 601 2509 689 argument&
2544 588 2864 678 innuit²;

778 720 973 783 ἠϊθέους
992 705 1021 750 ³
1050 706 1244 779 enim
1274 706 1520 779 eadem
1551 704 1637 778 de
1667 732 1874 778 causa
1902 705 2036 777 dici
2066 705 2386 777 affirmat.
2424 706 2568 777 Nec
2596 704 2659 776 ei
2688 704 2874 777 cedit

772 819 1133 892 Modestus
1150 818 1185 882 4
1211 819 1613 893 inventione
1637 848 1652 891 :
1689 846 1855 893 nam
1874 875 1895 909 ,
1928 820 2094 918 quia
2117 818 2298 892 Caelo
2321 821 2657 891 Saturnus
2678 818 2873 917 geni-

777 933 941 1005 talia
968 933 1370 1024 absciderit,
1417 934 1552 1006 hoc
1582 934 1874 1006 nomine
1903 933 2315 1033 appellatoS,
2363 933 2487 1032 qui
2514 958 2726 1004 uxore
2755 959 2870 1003 ca-

665 1058 734 1130 37
774 1063 1002 1132 reant,
1037 1040 1133 1114 ait
1151 1041 1203 1114 ⁵.
1239 1044 1321 1113 L.
1353 1041 1625 1113 AElius⁶
1656 1045 2015 1142 pituitam,
2052 1040 2217 1141 quia
2247 1060 2434 1141 petat
2463 1040 2696 1111 vitam.
2733 1036 2875 1111 Sed

854 1275 898 1310 1.
925 1255 1263 1329 Argumenta.
1289 1260 1414 1309 Post
1435 1257 1540 1309 hoe
1563 1256 1783 1309 verbum

770 1335 945 1388 Guelf.
984 1337 1081 1387 ins.
1109 1335 1302 1387 innuit.
1343 1336 1504 1389 Goth.
1539 1336 1784 1407 (tacente

770 1414 1043 1486 Gesnero)
1063 1416 1240 1488 juvit,
1281 1434 1405 1468 cum
1439 1420 1594 1468 Voss.
1638 1434 1658 1467 ι
1680 1455 1697 1482 ,
1730 1428 1784 1471 et

770 1492 891 1544 edd.
923 1491 1132 1563 (usque
1156 1493 1224 1545 ad
1246 1493 1445 1567 Gryph.
1471 1495 1563 1565 qui
1581 1496 1781 1565 primus

769 1572 947 1623 omisit
979 1570 1263 1642 verbum),
1290 1586 1547 1642 quantum
1588 1571 1778 1637 video,

771 1650 1032 1702 omnibus.
1077 1651 1301 1704 Codices
1342 1649 1555 1722 quidem
1592 1668 1715 1702 cum
1748 1666 1780 1701 a

767 1729 915 1784 Gibs.
943 1743 1055 1782 tum
1087 1750 1118 1783 a
1146 1734 1319 1783 Burm.
1346 1731 1589 1796 silentur,
1614 1730 1781 1800 negli-

768 1810 946 1878 gentia
960 1828 1113 1872 sane3
1135 1828 1298 1880 quum
1313 1829 1380 1863 ue
1399 1809 1546 1861 editt.
1566 1809 1782 1880 quidem

770 1885 888 1938 ullae
903 1902 1281 1940 memorentur.
1304 1889 1442 1940 Nam
1453 1888 1783 1938 verissimum

768 1980 903 2037 puto
932 1966 1037 2019 hoe
1070 1966 1477 2039 explementum.
1513 1965 1681 2018 Nolui
1703 1979 1780 2017 ta-

771 2063 894 2097 men
928 2063 1131 2117 paucos
1159 2047 1311 2116 sequi
1337 2042 1590 2109 Codices,
1617 2062 1781 2114 quum

771 2134 854 2174 tot
865 2122 1165 2176 viderentur
1184 2123 1413 2174 obstare.
1425 2123 1685 2173 —Turic.
1706 2123 1783 2173 in-

774 2202 897 2254 serit
917 2202 1014 2254 itui
1029 2217 1080 2256 et
1088 2196 1401 2274 juvit‘etiam
1416 2202 1582 2268 Jens.‚
1605 2213 1757 2252 tacen
1768 2228 1782 2241 ·

774 2293 825 2334 te
850 2281 1104 2334 Gesnero.

847 2376 894 2411 2.
919 2360 1123 2412 Innuit.
1148 2360 1344 2413 Sensus
1359 2358 1596 2431 postulat
1619 2369 1677 2409 ut
1700 2357 1779 2408 in-

773 2438 891 2491 nuit
915 2440 1252 2504 restituatur,
1282 2453 1335 2492 et
1368 2441 1423 2492 in
1458 2458 1519 2491 ea
1550 2439 1780 2493 lectione

772 2521 1110 2578 consentiunt
1151 2522 1317 2572 nostri
1351 2517 1521 2572 Codd.
1561 2520 1668 2570 RR.
1720 2534 1739 2568 ι
1761 2554 1779 2584 ,

774 2614 802 2650 2
820 2636 838 2664 ,
867 2597 896 2650 5
914 2636 931 2663 ,
959 2598 1025 2663 6,
1056 2600 1145 2669 qui
1179 2611 1354 2651 tamen
1388 2597 1595 2649 habent
1623 2597 1777 2649 inuit.

770 2676 866 2732 Ed.
900 2678 1060 2730 Cum
1097 2677 1287 2730 innuit.
1320 2680 1662 2750 Quapropter
1692 2696 1778 2730 re-

771 2757 1065 2828 posuimus.
1094 2759 1186 2809 En.

851 2834 901 2886 3.
932 2833 1150 2891 Ἢϊθίους.
1171 2834 1304 2888 Vide
1322 2837 1503 2888 Timaei
1520 2835 1779 2908 Sophiste

771 2914 1000 2966 Lexicon
1028 2916 1082 2966 in
1111 2914 1165 2965 h.
1197 2933 1244 2965 v.
1277 2914 1368 2967 ubi
1396 2913 1740 2980 Ruhnkenius
1759 2951 1779 2980 ‚

768 3006 958 3063 praeter
970 2992 1373 3066 lexicographos
1386 2994 1575 3047 allatos
1585 3032 1603 3057 ,
1619 2993 1780 3046 docet

770 3069 892 3123 loco
927 3071 1202 3126 Platonico
1237 3072 1510 3143 alteroque
1536 3074 1780 3145 Dionysii

769 3150 886 3206 Hal.
909 3151 1104 3205 coelibes
1121 3155 1195 3204 sic
1216 3152 1487 3224 appellari.
1509 3151 1779 3204 Plutarchi

767 3227 944 3281 locum
983 3244 1238 3282 memorat
1266 3229 1487 3283 Budaeus
1523 3233 1579 3282 in
1611 3231 1773 3283 Com-

767 3320 928 3359 ment.
946 3309 1034 3360 Gr.
1056 3311 1112 3360 L.
1133 3327 1187 3380 p.
1214 3307 1328 3379 (ed.
1348 3308 1499 3380 Bas.)
1522 3309 1655 3380 874,
1679 3307 1775 3362 sed

769 3405 927 3457 quem
951 3425 967 3452 ,
1021 3406 1358 3459 nequaquam
1403 3389 1772 3459 designatum,

770 3484 997 3536 quaerere
1033 3486 1144 3519 non
1179 3481 1344 3520 vacet.
1383 3467 1683 3540 Stephanus
1715 3469 1773 3519 in

766 3544 1039 3596 Thesauro
1066 3545 1306 3600 dubitare
1337 3546 1543 3598 videtur
1569 3546 1637 3598 de
1670 3546 1771 3600 hac
1790 3589 1803 3600 .

767 3623 1163 3693 significatione.
1200 3627 1429 3696 Usurpat
1466 3626 1538 3676 ita
1576 3637 1630 3675 et
1665 3627 1774 3676 De-

766 3703 958 3755 mosth.
1009 3718 1194 3756 contra
1237 3707 1403 3758 Neoer.
1425 3742 1444 3769 ,
1492 3723 1545 3775 p.
1591 3703 1768 3758 Reisk.

769 3781 919 3836 1352.
945 3781 1308 3853 Φιλόστρατον...
1334 3782 1473 3835 ἐίθσον
1499 3780 1567 3833 ἔτι
1590 3779 1719 3835 ὄντα.

834 3863 886 3930 4.
912 3863 1189 3918 Modestus.
1224 3886 1246 3910 c·
1263 3862 1435 3915 Julius
1459 3861 1735 3915 Modestus
1750 3902 1768 3930 ,

770 3963 793 3998 ᾳ
811 3943 871 3996 C.
895 3943 1022 3996 sulii
1044 3945 1235 4017 Hygini
1256 3943 1479 4012 Augusti
1507 3940 1681 3993 liberti
1702 3942 1769 3995 li-

770 4042 792 4065 «
812 4019 992 4073 bertus
1023 4024 1078 4074 in
1112 4021 1297 4074 studiis
1333 4034 1492 4091 atque
1524 4018 1769 4074 doctrina

770 4120 793 4144 α
812 4101 1027 4170 vestigia
1051 4102 1261 4172 patroni
1284 4112 1514 4152 secutus,
1537 4124 1559 4147 ιι
1588 4100 1730 4153 Suet.
1749 4139 1767 4167 ,

761 4176 946 4231 illustr.
984 4181 1107 4247 Gn,
1148 4198 1194 4232 c.
1232 4199 1314 4233 2ο.
1353 4181 1499 4251 Saepe
1535 4198 1659 4234 eum
1698 4180 1769 4236 ad

1872 1268 2046 1327 partes
2069 1269 2224 1307 vocat
2246 1257 2302 1307 in
2324 1254 2676 1325 grammaticis
2696 1250 2877 1303 Chari-

1872 1334 1980 1385 sius
2015 1334 2313 1405 Sosipater3
2348 1335 2505 1385 etiam
2534 1331 2734 1385 Gellius
2758 1333 2875 1401 ejus

1870 1413 2212 1484 quaestionum
2230 1412 2563 1484 confiaumm
2584 1410 2746 1463 libros
2766 1428 2877 1461 me·

1870 1505 2069 1558 morat,
2087 1495 2180 1557 111,
2200 1510 2252 1561 9,
2271 1507 2326 1544 et
2341 1492 2593 1544 Martialis
2612 1492 2689 1556 X,
2711 1508 2797 1554 21,
2827 1506 2877 1555 1,

1867 1575 2004 1625 inter
2024 1572 2196 1624 cleros
2219 1574 2586 1643 grammaticos
2615 1573 2871 1623 nominat.

1941 1648 1990 1703 5.
2024 1653 2273 1715 Careant,
2307 1652 2397 1702 ait.
2432 1652 2515 1703 Sic
2546 1649 2721 1701 Guelf.
2751 1667 2877 1701 cum

1869 1730 2135 1801 plerisque
2164 1731 2332 1783 codd.
2369 1745 2422 1783 et
2453 1731 2572 1783 edd.
2608 1748 2778 1801 usque
2805 1728 2877 1782 ad

1870 1806 2069 1881 Gryph.
2088 1810 2200 1862 fere
2220 1809 2481 1861 omnibus.
2504 1809 2623 1875 Ille,
2640 1811 2877 1879 itemque

1870 1891 2188 1941 recentiores
2203 1926 2220 1955 ,
2267 1907 2330 1947 ex
2375 1893 2682 1963 conjectura
2726 1888 2877 1957 Regii

1870 1965 2110 2019 scribunt
2136 1978 2225 2033 at,
2256 1967 2612 2038 dirimuntque
2644 1967 2786 2018 hunc
2817 1968 2877 2018 iu

1870 2045 2126 2097 modum:
2155 2056 2379 2097 careant.
2412 2045 2485 2097 At
2510 2052 2622 2097 eae‘t.
2652 2046 2877 2113 Regium

1870 2123 2019 2176 nullo
2054 2123 2252 2179 Codice
2288 2137 2505 2176 auctore
2542 2125 2617 2175 sic
2649 2123 2837 2193 legisse
2856 2160 2878 2189 ‚

1870 2215 2092 2275 apparet
2150 2221 2213 2255 ex
2270 2205 2436 2275 ipsius
2496 2215 2641 2254 nota.
2698 2203 2877 2255 Secuti

1869 2294 2048 2333 tamen
2079 2300 2200 2334 eum
2222 2285 2333 2354 jam
2362 2294 2475 2333 tum
2501 2284 2683 2333 Locat.
2711 2284 2872 2333 Rusc-

1868 2358 2037 2412 codd.
2086 2361 2178 2431 qui
2224 2359 2468 2425 silentur,
2515 2372 2637 2413 sunt
2677 2361 2872 2412 Joann.

1867 2441 2021 2491 Voss.
2054 2456 2101 2503 ι,
2123 2438 2258 2490 Alm.
2285 2440 2371 2490 Ait
2394 2438 2618 2507 Regius,
2640 2443 2875 2491 reieren-

1868 2516 1995 2570 dum
2009 2536 2123 2571 esse
2138 2518 2207 2571 ad
2224 2519 2492 2591 superius:
2517 2518 2879 2592 ingenioseque

1869 2600 2001 2653 visus
2022 2611 2096 2654 est
2112 2600 2203 2653 sibi
2224 2599 2403 2652 dicere.
2434 2599 2746 2670 cujusmodi
2771 2598 2875 2673 hy-

1867 2679 2128 2753 perbaton
2171 2681 2255 2731 vix
2300 2692 2470 2750 poetae
2520 2681 2871 2750 permittatur.

1866 2762 2054 2831 Neque
2095 2758 2384 2832 appellatos
2418 2760 2492 2810 sic
2530 2757 2692 2810 habet
2728 2757 2871 2811 uude

1867 2839 2129 2912 pendeat,
2170 2840 2272 2890 nisi
2312 2837 2453 2890 forte
2491 2837 2679 2890 eodem
2699 2876 2718 2903 ,
2761 2855 2871 2908 quo

1864 2918 2139 2990 pituitam,
2158 2918 2338 2970 refers.
2360 2920 2429 2970 At
2447 2915 2693 2970 inseritur
2708 2917 2868 2982 cedit,

1870 2996 2017 3067 quod
2050 3009 2192 3049 vetat
2229 2996 2333 3047 huc
2370 3013 2539 3065 usque
2570 2998 2871 3066 pertingere

1867 3079 1973 3130 vim
1984 3077 2133 3130 verbi
2142 3077 2324 3132 dicere.
2342 3078 2509 3128 Etiam
2526 3075 2649 3128 Bad.
2666 3078 2721 3128 in
2742 3088 2871 3128 nota

1867 3155 2060 3210 diserte
2080 3158 2247 3228 rejicit
2265 3158 2609 3214 mutationem
2631 3157 2794 3226 Regii.

1935 3236 1986 3289 6.
2016 3237 2075 3287 L.
2105 3235 2292 3289 AElius.
2319 3235 2492 3287 Guelf.
2519 3233 2725 3286 Melius.
2752 3235 2873 3287 Cae-

1861 3318 1959 3367 teri
1985 3314 2224 3387 plerique
2252 3314 2440 3367 ιιι-ὕας
2464 3314 2557 3367 vel·
2581 3313 2781 3377 lelius,
2812 3326 2868 3366 et

1861 3394 2052 3448 Badius
2082 3418 2104 3442 ιι
2124 3394 2368 3468 audpeuli
2389 3418 2411 3441 ιι
2428 3432 2445 3459 ,
2467 3396 2666 3464 inquit,
2695 3417 2715 3439 ι
2730 3396 2873 3446 inter

1867 3476 1966 3526 -L.
2011 3487 2063 3526 et
2103 3476 2166 3526 AE
2204 3485 2499 3544 posuerunt
2531 3486 2806 3543 punctum.
2836 3495 2861 3518 ο

1861 3552 2058 3603 Eorum
2080 3564 2256 3603 tamen
2278 3569 2389 3602 nou
2411 3568 2628 3620 magna,
2655 3553 2867 3621 opinor,

1861 3629 2080 3682 audacia
2103 3631 2232 3695 fuit,
2257 3648 2420 3701 quum
2441 3633 2731 3701 presertim
2754 3647 2867 3682 non

1860 3711 2019 3780 pauci
2035 3707 2205 3761 Codd.
2227 3710 2471 3760 omittant
2488 3710 2549 3760 1..
2565 3726 2673 3779 quo
2689 3710 2861 3762 minus

1860 3786 2102 3854 dubites,
2144 3789 2271 3858 quin
2312 3786 2517 3838 AElimn
2531 3824 2549 3852 ,
2593 3801 2705 3839 non
2746 3787 2861 3839 Ia-

1859 3864 2010 3930 lium‚
2027 3864 2285 3918 volueriut
2300 3864 2424 3916 dare
2439 3863 2860 3934 antiquissimi-li-

1855 3943 2031 3996 brarii.
2059 3943 2188 4010 Sed,
2216 3954 2275 3995 ut
2296 3943 2468 3996 dicam
2493 3941 2641 4015 quod
2661 3945 2856 4010 sentio,

1858 4042 2177 4095 magnopere
2197 4022 2323 4075 mihi
2342 4022 2610 4075 blanditur
2626 4022 2858 4076 Guelfer-

1856 4102 2036 4175 bytani
2056 4105 2313 4173 scriptura
2331 4102 2537 4155 Metius.
2554 4105 2740 4156 Omnis
2759 4101 2857 4153 alia

1855 4182 1990 4234 ratio
2010 4179 2285 4254 abruptior
2300 4196 2354 4234 et
2370 4181 2737 4252 confi-agesim-
2753 4192 2859 4244 est,
