3200 5150
839 405 962 483 440
1394 403 1487 466 Μ.
1528 401 1758 465 FABII
1799 399 2359 483 QUINTILIANI

836 524 1042 597 ciales
1064 545 1299 614 erunt,
1336 524 1409 596 in
1444 524 1640 596 omni
1671 544 1905 594 autem
1935 520 2215 620 speciali
2248 518 2491 618 utique
2519 518 2697 590 inest
2723 545 2911 618 gene-

737 689 798 725 ,ο
837 639 1028 729 ralis,
1064 661 1142 711 ut
1172 667 1328 738 quae
1353 639 1436 710 sit
1463 639 1670 737 prior.
1706 641 1802 710 Ac
1828 637 2095 726 nescio,
2126 662 2214 706 an
2245 634 2317 706 in
2352 634 2573 706 causis
2605 661 2908 733 quoque,

722 1597 797 1633 ·11

835 753 1180 852 quidquid
1204 755 1275 825 in
1301 754 1757 852 quaestionem
1787 753 1975 823 venit
1997 750 2348 852 qualitatis
2370 764 2388 794 ¹
2407 807 2429 837 ,
2471 749 2792 848 generale
2822 750 2911 821 sit.

835 868 1015 941 Milo
1041 869 1357 941 Clodium
1381 870 1670 957 occidit,·
1681 873 1847 969 jure
1875 868 2122 939 occidit
2154 867 2619 937 insidiatorem
2644 893 2663 934 .·
2698 890 2912 936 nonne

836 983 969 1054 hoc
1004 984 1354 1082 quaeritur,
1383 989 1498 1055 An
1526 990 1610 1056 sit
1621 988 1742 1084 jus
1759 997 1789 1031 ²
1821 983 2284 1055 insidiatorem
2308 979 2714 1053 occidendi?
2740 979 2913 1070 Quid

836 1098 910 1169 in
953 1100 1404 1197 conjecturis?
1445 1127 1588 1171 non
1632 1096 1796 1170 illa³
1844 1096 2224 1196 generalia,
2261 1096 2386 1166 An
2428 1121 2640 1167 causa
2680 1093 2915 1191 sceleris

837 1212 1123 1284 odium?
1163 1213 1547 1312 cupiditas?
1579 1214 1698 1285 An
1740 1217 2090 1285 tormentis
2133 1210 2591 1283 credendum?
2642 1209 2915 1281 Testibus

835 1351 931 1395 on
952 1332 1367 1424 arqumentis
1386 1330 1615 1426 major
1619 1328 1800 1428 fides
1820 1323 2134 1398 habenda
2152 1326 2186 1396 Ρ
2206 1328 2265 1396 N
2271 1352 2388 1396 am
2394 1320 2772 1426 finitione4
2792 1324 2918 1423 qui·

838 1439 1002 1511 dem
1046 1440 1591 1540 comprehendi⁵
1637 1441 1812 1513 nihil
1860 1468 2005 1513 non
2054 1441 2127 1513 in
2179 1440 2631 1528 universum,
2676 1460 2916 1511 certum

840 1555 987 1626 erit.
1026 1556 1337 1647 Quidam
1372 1556 1671 1656 putant⁶
1701 1557 1907 1629 etiam
1944 1583 2056 1628 eas
2089 1582 2288 1655 posse
2328 1553 2534 1628 theses
2563 1552 2919 1654 aliquando

839 1670 1224 1761 nominari,
1255 1698 1411 1770 quae
1444 1672 1757 1770 personis
1794 1671 2154 1770 causisque
2197 1669 2717 1756 contineantur,
2754 1666 2920 1739 aliter

841 1788 1336 1860 tantummodo
1370 1790 1664 1889 positas;
1701 1810 1779 1861 ut
1815 1816 2021 1861 causa
2048 1788 2165 1875 sit,
2202 1813 2417 1887 quum
2455 1789 2716 1857 Orestes
2745 1810 2922 1855 accu-

842 1920 1074 1975 satur:
1110 1903 1353 1994 thesis»,
1393 1908 1511 1976 An
1552 1902 1807 1977 Orestes
1844 1921 2020 1977 reete
2060 1907 2141 1976 sit
2174 1898 2573 1975 absolutus?
2600 1898 2797 1999 cujus
2826 1924 2921 1995 ge—

923 2142 942 2176 ι
955 2164 966 2176 .
981 2124 1046 2176 In
1065 2126 1396 2197 quoestionem
1409 2127 1556 2179 venit
1564 2127 1847 2200 qualitatis.

846 2204 1020 2258 Guelf.
1063 2205 1116 2254 in
1149 2216 1322 2277 quoest.
1361 2207 1504 2256 venit
1533 2206 1676 2258 velut
1705 2206 1849 2279 qual.

847 2284 981 2335 Alm.
1023 2283 1078 2333 in
1111 2296 1285 2356 quoest.
1328 2284 1471 2336 velut
1505 2285 1649 2357 qual.
1675 2288 1849 2338 Turio.

847 2362 1065 2427 eadem,
1098 2362 1193 2414 sed
1224 2365 1343 2415 voci
1376 2363 1519 2414 velut
1547 2367 1853 2435 impositum

845 2439 1009 2492 habet
1037 2441 1190 2491 venit.
1221 2444 1485 2515 Apparet,
1512 2444 1741 2512 primum
1774 2462 1853 2493 er·

847 2532 1046 2584 ratum,
1072 2532 1131 2569 ut
1152 2518 1293 2569 velut
1315 2519 1631 2571 scriberetur
1652 2539 1750 2594 pro
1776 2539 1855 2572 ve-

846 2600 952 2662 nit,
979 2611 1103 2672 post
1125 2598 1450 2666 dubitatum,
1470 2612 1648 2651 utrum
1671 2619 1853 2652 verum

849 2690 1018 2743 esset,
1046 2676 1258 2728 tandem
1287 2679 1546 2732 coaluisse
1574 2692 1853 2751 utramque

832 2757 1176 2830 scripturam.
1214 2788 1285 2797 —
1319 2760 1427 2810 RB.
1469 2777 1521 2822 1,
1557 2778 1621 2824 π,
1652 2759 1853 2812 habent

846 2839 933 2888 ita.
971 2835 1066 2889 Ed.
1101 2837 1260 2888 Cam».
1296 2837 1438 2888 venit
1459 2836 1622 2904 ,νεῖαι
1658 2841 1751 2891 En.
1782 2868 1854 2878 —

851 2914 1142 2984 Qualitatis.
1159 2915 1549 2985 Significatione
1562 2916 1653 2970 illa
1675 2917 1852 2968 rheto-

845 2997 955 3047 rica
982 2994 1349 3066 accipiendum
1371 2992 1477 3046 hoc
1498 2994 1819 3048 vocabulum
1835 3034 1853 3061 ,

849 3092 956 3146 qua
972 3084 1162 3125 statum
1182 3073 1450 3146 qualitatis
1465 3073 1705 3126 dicimus.
1716 3074 1851 3127 Vide

845 3155 894 3205 11
913 3190 930 3220 ,
972 3152 1006 3204 6
1026 3190 1043 3218 ,
1092 3169 1153 3203 ιο
1174 3190 1191 3219 ,
1227 3152 1320 3206 uhi
1357 3155 1514 3205 etiam
1549 3155 1853 3224 conjectum

848 3230 1164 3301 exemplum.

923 3327 970 3361 2.
1005 3309 1086 3362 Sit
1100 3311 1207 3380 jus.
1242 3311 1402 3362 Goth.
1434 3313 1578 3363 Jens.
1610 3309 1851 3379 (tacente

847 3387 1035 3459 Gesn.)
1057 3406 1128 3437 an
1158 3387 1253 3439 hoc
1279 3390 1402 3460 sitj.
1428 3407 1552 3441 cum
1568 3394 1723 3442 voss.
1750 3408 1777 3442 2
1800 3405 1852 3442 et

851 3465 972 3519 edd.
993 3466 1238 3518 omnibus
1255 3481 1376 3519 ante
1386 3470 1583 3520 Cet-vic.
1599 3471 1687 3539 qui
1705 3471 1854 3522 omit-

850 3550 913 3597 n't
937 3546 1049 3598 hoc.
1072 3546 1224 3598 Basil.
1250 3548 1303 3598 in
1325 3566 1485 3618 marg.
1508 3548 1733 3618 ablegat.
1754 3549 1853 3601 Re·

848 3639 1007 3679 vocat
1029 3628 1084 3678 in
1114 3637 1313 3677 textum
1336 3627 1561 3700 Gryph.;
1587 3628 1682 3681 sed
1706 3629 1852 3681 Stoe-

849 3709 984 3771 riuS,
999 3723 1120 3756 cum
1141 3722 1313 3774 eoque
1331 3709 1648 3760 recentiores
1670 3726 1853 3760 omnes

851 3788 1118 3837 omittunt.
1136 3813 1205 3825 —
1219 3786 1280 3835 R.
1303 3802 1329 3835 2
1343 3821 1359 3850 ,
1373 3805 1442 3836 an
1462 3785 1557 3836 hoc
1570 3786 1634 3838 sit
1632 3790 1739 3858 jus.
1758 3789 1849 3839 Eo.

920 3864 972 3914 3.
997 3864 1123 3915 Non
1153 3861 1264 3914 itta.
1297 3864 1372 3913 lta
1398 3864 1459 3915 R.
1490 3881 1537 3914 2.
1562 3865 1633 3916 At
1655 3865 1716 3916 R.
1751 3883 1769 3916 1
1802 3880 1854 3917 et

846 3944 1008 3995 Cam.
1032 3941 1234 3994 habent
1256 3960 1384 3993 num
1411 3941 1520 3994 itta.
1546 3946 1637 3995 En.

922 4022 972 4086 4.
995 4021 1270 4074 Finitione.
1293 4023 1421 4072 Item
1440 4019 1738 4075 rhetoribus
1760 4043 1851 4096 ap·

848 4098 1059 4172 pellata.
1083 4099 1213 4151 Vide
1238 4101 1334 4162 Ill,
1359 4101 1418 4162 6,
1446 4099 1493 4150 5.

2014 2126 2062 2179 5.
2109 2122 2483 2197 Comprehendi
2522 2121 2669 2174 nihil
2706 2139 2822 2174 non.
2859 2122 2921 2171 Ita

1940 2204 2098 2277 plane
2122 2204 2297 2256 Guelf.
2325 2215 2377 2253 et
2400 2199 2561 2253 Goth.
2591 2219 2717 2252 cum
2738 2200 2892 2252 Turio.
2907 2233 2921 2260 ‚

1940 2286 2041 2335 nisi
2063 2282 2208 2355 quod
2226 2281 2313 2334 hic
2332 2280 2638 2353 comprendi
2655 2279 2761 2331 dat.
2779 2277 2922 2331 Credi-

1943 2363 2049 2417 bile
2074 2376 2152 2415 est
2176 2364 2333 2414 etiam
2356 2360 2593 2431 reliquos
2617 2359 2785 2413 Codd.
2807 2358 2922 2410 idem

1943 2444 2213 2516 praeferre,
2239 2440 2385 2513 quod
2412 2443 2466 2492 in
2492 2440 2733 2492 Vallensi
2759 2438 2923 2490 diserte

1942 2534 2320 2575 commemorat
2344 2518 2551 2573 Badius.
2579 2517 2718 2573 Eild.
2741 2519 2921 2592 quidem

1942 2618 2064 2657 ante
2086 2603 2207 2656 Ald.
2237 2621 2448 2669 omneS,
2474 2615 2533 2653 ut
2559 2617 2615 2654 et
2643 2604 2786 2654 Jens.
2810 2600 2918 2671 (tac.

1941 2684 2125 2755 Gesn.)
2147 2681 2618 2755 comprehendendi
2646 2680 2803 2745 nihil,
2827 2680 2923 2732 abs-

1944 2784 2045 2836 que
2078 2783 2215 2828 non,
2243 2762 2392 2834 quod
2420 2765 2764 2834 conjectura,
2789 2780 2850 2812 an
2873 2778 2923 2811 ex

1941 2843 2072 2897 Cod.
2089 2881 2106 2910 ,
2138 2843 2359 2895 inseruit
2387 2843 2614 2911 Regius;
2643 2841 2919 2893 rectissime.

1940 2922 2087 2976 Alter
2122 2939 2270 2974 error
2303 2940 2371 2974 ne
2410 2923 2646 2990 tangitur
2678 2918 2873 2990 quidem
2898 2936 2923 2967 a

1938 3003 2133 3071 Regio,
2149 2998 2245 3053 sed
2264 2998 2445 3051 scribit
2462 3000 2578 3070 ipse
2599 3001 2657 3054 in
2675 3011 2799 3053 nota
2813 3014 2924 3050 com·

1937 3079 2204 3151 prehendi.

2013 3159 2062 3210 6.
2093 3157 2319 3227 Quidam
2340 3167 2561 3228 putant,
2593 3170 2697 3209 etc.
2722 3158 2836 3208 Haec
2859 3166 2923 3206 est

1940 3238 2302 3290 Fortunatiani
2358 3250 2411 3288 et
2465 3235 2677 3308 sulpitii
2726 3235 2924 3287 Victoris

1942 3317 2158 3386 opinio,
2189 3332 2347 3385 quam
2375 3332 2409 3365 a
2439 3315 2655 3367 Zenone
2685 3315 2924 3385 accepisse

1939 3393 2216 3446 videntur:
2255 3392 2359 3444 illis
2398 3395 2539 3444 enim
2576 3393 2728 3446 thesis
2759 3406 2831 3445 est
2858 3408 2923 3442 res

1942 3471 2255 3525 rationalem
2310 3471 2750 3543 disceptationem
2808 3471 2922 3521 acci·

1940 3554 2122 3624 piens»,
2146 3555 2298 3622 cujus
2323 3552 2389 3602 sit
2413 3550 2530 3602 finis
2551 3550 2810 3621 inspectio.
2830 3548 2925 3618 Hy-

1940 3630 2161 3703 pothesis
2176 3649 2300 3683 vero
2319 3648 2402 3682 res
2421 3630 2733 3682 rationalem
2751 3628 2927 3697 ἀίξαι)-

1944 3713 2197 3762 tationem
2226 3712 2524 3781 accipienS,
2554 3712 2708 3780 cnjus
2738 3709 2801 3763 sit
2826 3706 2923 3758 finis

1929 3788 2189 3862 judicatio
2210 3801 2367 3858 atque
2386 3789 2549 3851 actio,
2573 3790 2681 3842 sive
2703 3786 2923 3851 erit,sire

1922 3870 2115 3920 .minus
2140 3866 2352 3920 definita
2380 3867 2636 3937 personis.
2667 3865 2826 3916 lidem
2850 3879 2923 3914 su·

1942 3948 2174 4018 pet-iores
2190 3944 2522 4000 definitiones
2538 3943 2917 3996 calumniantur.

1942 4027 2105 4077 Tunx.
2129 4055 2202 4065 —
2222 4025 2479 4079 Etiam...
2508 4022 2676 4075 theses.
2706 4025 2856 4075 Cim.
2879 4031 2921 4071 et

1940 4102 2105 4156 Andr.
2133 4106 2382 4158 omittunt
2405 4100 2459 4156 τδ
2477 4121 2632 4173 posse.
2654 4105 2830 4155 Vim.
