3200 5150
633 497 1283 565 INSTITUTIONIS
1319 497 1575 563 ORAT.
1615 499 1778 566 LIB.
1819 500 1948 579 111,
1984 501 2047 567 8.

2260 501 2389 589 539

295 619 577 693 minerit
615 644 759 692 non
803 619 1091 692 suadere
1131 639 1498 720 tamquam
1540 619 1949 710 inhonesta,
1983 642 2064 694 ut
2099 621 2391 722 quidam

297 732 791 807 declamatores
815 735 1100 808 Sextum
1130 735 1550 835 Pompeium
1572 749 1593 780 ¹
1631 736 1721 809 ad
1752 736 2145 835 piraticam,
2177 763 2394 837 prop—

299 869 401 921 ter
430 850 564 922 hoc
603 850 870 949 ipsum,
902 849 1092 949 quod
1131 849 1350 948 turpis
1388 871 1458 922 et
1493 850 1793 923 crudelis
1821 850 1941 939 sit,
1981 851 2394 950 impellunt;

295 963 418 1042 sed
457 963 728 1036 dandus
766 963 900 1036 illis
937 963 1391 1038 deformibus·
1413 964 1672 1057 culm-2,
1712 966 1924 1065 idque
1962 966 2172 1038 etiam
2208 966 2399 1065 apud

300 1078 559 1167 malos;
591 1105 821 1179 neque
847 1079 1038 1152 enim
1054 1077 1084 1125 ³
1111 1101 1211 1153 est
1232 1080 1608 1182 quisquam
1632 1101 1778 1153 tam
1803 1080 2066 1170 malus,
2089 1101 2164 1152 ut
2185 1079 2400 1152 videri

300 1192 539 1268 velit4.‘
568 1196 680 1268 Sic
713 1197 1014 1269 Catilina
1055 1197 1242 1296 apud
1279 1197 1687 1270 Sallustium
1727 1196 2058 1297 loquitur,
2099 1195 2219 1268 ut⁵
2251 1222 2398 1269 rem
2439 1207 2508 1275 45

304 1310 897 1384 sceleratissimam
934 1337 1076 1384 non
1113 1313 1410 1403 malitia,
1451 1312 1571 1384 sed
1600 1312 2080 1412 indignatione
2093 1309 2152 1400 ⁶,
2175 1311 2405 1384 videa-

300 1445 418 1497 tur
439 1424 694 1499 audere
717 1457 735 1515 ;
766 1426 861 1499 sic
889 1429 1139 1501 Atreus
1167 1427 1357 1527 apud
1388 1426 1683 1499 Varium
1703 1441 1729 1488 7
1760 1453 1776 1498 :

586 1610 600 1625 .
618 1612 633 1627 .
649 1571 741 1628 ..J
746 1590 847 1628 am
876 1568 1008 1630 fero
1033 1576 1052 1638 <
1064 1569 1307 1652 iuquit)
1329 1565 1769 1630 infandissima
1785 1613 1804 1644 ,

538 1667 549 1678 ⁸
586 1667 623 1724 J
627 1687 729 1725 am
752 1664 953 1728 facere
975 1688 1168 1749 cogor
1183 1665 1229 1728 ⁸.

383 1851 429 1887 1.
457 1835 672 1888 Sextum
699 1835 1035 1908 Pompeium.
1066 1839 1314 1892 Poterant

311 1933 437 1967 sane
452 1915 616 1967 multa
634 1934 733 1988 pro
755 1916 845 1968 tali
863 1916 1086 1970 consilio
1108 1918 1313 1983 afferri,

311 2008 371 2044 ut
392 2006 539 2064 patet
561 2012 625 2045 ex
647 1996 710 2046 iis
736 2013 849 2065 quae
873 1994 1088 2066 collegit
1106 2016 1136 2049 e
1156 1999 1318 2068 scrip

312 2072 515 2124 toribus
547 2073 932 2128 Freinshemius
959 2078 1015 2128 in
1042 2076 1313 2150 supplem.

313 2151 434 2204 libri
456 2152 565 2203 Liv.
589 2152 828 2220 CXXIII,
852 2173 899 2207 c.
933 2172 977 2207 ι.

390 2249 438 2283 2.
470 2229 637 2283 Color.
656 2230 790 2284 Vide
814 2232 849 2285 l.
874 2235 964 2299 IV,
992 2253 1040 2287 c.
1067 2251 1128 2300 2,
1155 2234 1200 2305 §.
1234 2233 1319 2287 88.

388 2312 439 2363 3.
460 2312 645 2382 Neque
662 2311 819 2362 enim.
841 2312 924 2366 sic
943 2312 1117 2366 Guelf.
1137 2314 1323 2368 Ceteri

319 2390 430 2443 Nec
452 2389 609 2440 enim.
626 2388 761 2441 Vide
784 2392 882 2457 111,
907 2392 967 2457 8,
990 2390 1043 2444 6.

391 2468 441 2533 4.
466 2468 537 2521 Ut
554 2466 716 2520 videri
734 2468 871 2521 velit.
889 2470 967 2521 Ita
984 2471 1162 2523 Turic.
1182 2468 1320 2524 Alm-

318 2545 492 2600 Guelf.
526 2549 681 2601 Voss.
724 2564 771 2615 1,
800 2547 961 2602 Goth.
987 2550 1142 2604 Voss.
1180 2566 1240 2617 2,
1270 2562 1324 2603 et

322 2625 441 2678 edd.
468 2644 596 2679 meae
619 2639 742 2679 ante
764 2627 963 2702 Gryph.
992 2646 1192 2682 omnes.
1225 2630 1326 2681 Hic

320 2707 522 2778 primus
567 2707 788 2758 inseruit
826 2707 1025 2773 malus,
1064 2722 1191 2780 post
1238 2719 1325 2770 ut,-

324 2783 469 2855 quod
482 2783 735 2856 deinceps
749 2799 829 2838 est
844 2788 899 2838 in
915 2786 1161 2840 omnibus
1171 2826 1191 2855 ,
1208 2786 1327 2840 lan·

320 2861 563 2934 guidiore
585 2866 862 2917 sententia.

397 2942 447 2996 5.
470 2941 779 2996 Sallustium
799 2943 1048 3017 loquitur,
1067 2954 1143 2997 ut.
1164 2945 1329 2999 omit-

323 3036 443 3076 tunt
474 3020 711 3096 loquitur
725 3024 903 3076 Tur-ic.
938 3036 993 3077 et
1021 3023 1160 3076 Alm.
1178 3062 1195 3090 ,
1229 3023 1329 3076 soli

326 3114 584 3173 quantum
633 3099 810 3153 video.
865 3101 1329 3159 continuabantne

323 3184 483 3251 igitur
500 3182 822 3248 orationem,
837 3199 946 3232 non
960 3183 1334 3252 interpungen-

329 3273 407 3312 tes
442 3273 566 3332 post
596 3259 811 3325 audere,
840 3272 901 3311 ut
933 3262 1092 3312 etiam
1116 3259 1223 3312 hoc
1250 3279 1334 3312 re-

326 3342 552 3397 ferretur
565 3339 702 3393 adid
716 3339 862 3412 quod
877 3341 1116 3412 sequitur
1129 3340 1334 3413 inquit’

274 3462 281 3469 .
326 3419 544 3472 Mollior
568 3431 745 3472 tamen
771 3418 979 3473 videtur
1002 3431 1230 3492 recepta.
1260 3446 1334 3460 —-

331 3497 493 3569 Apud
522 3496 845 3552 Sallustium.
880 3501 937 3551 Β.
971 3499 1119 3565 Cst.‚
1152 3516 1199 3551 c.
1238 3497 1333 3565 ιδ,

335 3575 479 3648 apud
498 3576 721 3644 Teller„
748 3578 892 3651 apud
913 3579 1151 3633 Curtium
1176 3593 1262 3630 20.

406 3654 458 3708 6.
492 3656 592 3709 Sed
623 3657 996 3730 indignatione.
1025 3660 1164 3713 Nam
1193 3659 1336 3712 cati·

336 3737 443 3791 lina
478 3735 584 3787 illic
619 3735 947 3806 indignatur,
980 3736 1126 3809 quod
1160 3736 1336 3790 videat

338 3834 504 3887 remp.
532 3828 585 3867 et
607 3813 751 3868 urbis
780 3818 1110 3886 magistratus
1132 3819 1185 3869 in
1208 3834 1338 3889 pau-

340 3914 526 3947 corum
558 3914 669 3948 esse
700 3906 992 3967 potestate,
1020 3914 1185 3966 quum
1214 3895 1337 3947 reli-

314 3977 434 4057 qui
456 3977 560 4028 sint
581 3974 683 4027 illis
706 3974 938 4028 obnoxii.
958 3977 1121 4028 Tum«.

415 4072 465 4126 7.
513 4054 747 4111 Varium.
789 4052 950 4107 Goth.
993 4052 1117 4124 (tac.
1156 4052 1339 4124 Gesn.)

350 4133 572 4198 Varum,
598 4153 720 4188 cum
740 4136 892 4187 Voss.
921 4150 950 4184 2
975 4145 1028 4185 et
1056 4130 1174 4184 edd.
1206 4131 1340 4182 mul-

348 4216 410 4267 tis
444 4227 563 4290 ante
594 4212 736 4275 Leid-
773 4212 875 4269 Sed
910 4213 966 4269 V
959 4229 1129 4267 artum
1161 4210 1334 4269 Guelf

1401 1839 1432 1891 J
1436 1856 1545 1890 ens.
1567 1835 1693 1909 (tac.
1714 1837 1901 1899 Gesn.)
1916 1855 2038 1888 cum
2050 1838 2204 1889 Tarv.
2220 1837 2406 1888 Venet.

1401 1920 1609 1970 Primus
1623 1935 1864 1970 meorum
1875 1915 2045 1970 Aldus
2069 1915 2124 1969 V
2116 1915 2287 1967 arium
2302 1914 2414 1982 dat,

1405 1999 1497 2068 qui
1530 2010 1583 2049 et
1619 1999 1675 2050 in
1710 1998 1971 2068 scriptura
2007 1995 2234 2049 Van-um
2267 1994 2412 2048 latet.

1406 2078 1585 2129 Turic-
1602 2089 1656 2129 et
1668 2076 1860 2146 reliqui
1874 2077 2004 2147 quin
2015 2093 2199 2129 verum
2220 2091 2417 2127 nomen

1407 2154 1675 2222 habeant,
1706 2172 1816 2207 non
1844 2152 2050 2205 dubito.
2080 2153 2222 2204 Infra
2247 2153 2329 2214 X,
2363 2169 2419 2217 1,

1410 2236 1514 2304 98,
1550 2234 1646 2287 ubi
1679 2234 1833 2286 multi
1866 2231 2091 2288 Codices
2131 2249 2232 2303 pro
2273 2230 2421 2284 Varii

1415 2313 1623 2384 Thyest.
1683 2311 1814 2365 dant
1872 2312 2253 2364 nominativum
2305 2309 2417 2361 viri.

1410 2391 1571 2452 Goth.
1607 2394 1737 2445 item
1771 2390 1828 2445 V
1818 2409 1964 2455 arus
1996 2389 2171 2442 Guelf.
2209 2388 2265 2442 V
2257 2405 2418 2440 arna

1409 2473 1608 2524 -ΒΒ.
1631 2471 1694 2536 3,
1712 2470 1775 2537 4,
1801 2468 2037 2524 Varium.
2063 2468 2126 2520 R.
2150 2485 2208 2534 2,
2226 2467 2421 2533 Ceut,

1416 2551 1635 2607 Varum.
1655 2553 1717 2605 R.
1741 2567 1789 2617 ι,
1807 2548 2048 2603 Van-um.
2070 2550 2163 2601 Eu.
2179 2546 2426 2620 -Apud

1418 2632 1474 2689 V
1467 2632 1655 2683 arium.
1685 2631 1743 2682 1..
1764 2632 1983 2693 Varius,
2010 2627 2211 2698 Virgilii
2235 2641 2287 2679 et
2309 2628 2422 2679 Ho-

1412 2712 1532 2765 ratii
1554 2709 1853 2775 familiaris,
1873 2709 2011 2780 epici
2035 2720 2087 2758 et
2111 2708 2296 2776 tragici
2315 2724 2426 2757 car·

1414 2790 1568 2841 minis
1606 2800 1812 2852 auctor,
1851 2790 2004 2857 cujus
2036 2803 2199 2857 opera
2231 2803 2423 2854 magno

1414 2865 1707 2918 litterarum
1766 2865 2081 2917 detrimento
2141 2863 2423 2915 intercide·

1415 2943 1704 2997 runt.Vide
1717 2945 1794 3010 X,
1816 2959 1860 3007 t,
1875 2943 2115 3011 983item
2131 2944 2179 2995 J.
2202 2944 2264 2993 R.
2283 2947 2423 2995 Vos-

1418 3026 1554 3077 sium
1573 3023 1641 3075 ad
1654 3026 1799 3093 Vin-g.
1820 3023 1930 3076 Ecl.
1948 3023 2049 3087 IX,
2069 3020 2154 3074 35.
2180 3022 2307 3093 Ejus
2326 3034 2426 3073 tra·

1418 3102 1619 3174 goedia,
1644 3101 1927 3175 Thyestes,
1963 3099 2227 3154 celebrata
2259 3102 2426 3172 scrip·

1421 3180 1659 3248 toribus,
1688 3199 1859 3254 nuper
1890 3183 1943 3232 in
1974 3181 2185 3232 Batavis
2217 3194 2428 3250 reperta

1414 3260 1737 3334 jactabatur,
1755 3258 1850 3314 sed
1869 3260 2144 3331 supposita
2162 3270 2311 3310 tanto
2331 3276 2426 3309 no-

1422 3341 1578 3406 mini,
1602 3351 1662 3390 ut
1691 3340 1866 3391 statim
1890 3352 2218 3408 agnoverunt
2242 3339 2426 3391 critici.

1419 3420 1592 3490 Hujus
1628 3419 1796 3489 ipsius
1831 3414 2023 3469 fabulae
2055 3434 2235 3468 versus
2271 3429 2397 3469 sunt
2411 3453 2429 3482 ,

1423 3515 1652 3569 quorum
1669 3495 1723 3547 h.
1747 3494 1781 3547 l.
1801 3493 2061 3547 habemus
2080 3494 2390 3564 fragmenta.

1494 3577 1544 3630 8.
1571 3576 1697 3647 Ιατῃ
1716 3573 1944 3646 fera...
1973 3590 2142 3647 cogor.
2177 3573 2431 3645 Disposui

1419 3656 1776 3726 fragmentum
1811 3672 1842 3705 e
1878 3654 2138 3707 sententia
2169 3654 2431 3722 Rutgersii

1422 3737 1477 3789 iu
1498 3732 1840 3788 Lectionibus
1858 3734 2168 3797 Venusinis,
2190 3750 2233 3783 c.
2258 3731 2319 3798 3,
2338 3730 2432 3783 fla-

1422 3818 1623 3886 gitante
1643 3828 1830 3867 metro.
1853 3813 2075 3866 Gesner-i
2097 3813 2429 3880 conjectura,

1415 3894 1560 3966 ferre
1583 3894 1816 3965 optantis
1838 3889 2073 3962 profero
2097 3907 2127 3940 a
2150 3886 2293 3940 libris
2316 3906 2429 3943 non

1428 3972 1707 4044 adjuvatur
1731 3968 1937 4041 (Guelf.
1967 3987 2064 4041 pro
2092 3986 2155 4021 eo
2189 3984 2337 4032 vero,
2372 3971 2428 4020 in

1429 4070 1534 4122 quo
1554 4050 1684 4103 latet
1701 4062 1913 4121 recepta
1925 4046 2081 4120 ipsa),
2098 4004 2428 4103 etrobusiius

1424 4130 1635 4184 videtur
1656 4148 1699 4181 si
1685 4125 1892 4201 facem
1915 4140 2144 4191 tantum,
2167 4142 2278 4179 non
2300 4127 2424 4181 item

1416 4210 1583 4279 ferre,
1606 4227 1659 4260 se
1675 4208 1794 4277 cogi
1808 4205 1964 4261 dicat.
1981 4206 2272 4261 continuos
2287 4207 2428 4263 enim
