3200 5150
885 506 1013 587 340

1452 506 1544 568 M.
1584 504 1810 568 FABH
1850 503 2403 587 QUINTtLtANt

778 635 842 688 ¹6
878 628 1088 729 hujus
1111 626 1506 728 quaestionis
1533 625 1854 726 proprius
1879 648 1980 697 est
1997 639 2046 716 ¹,
2077 626 2330 699 dicam.
2358 627 2628 699 Omnia
2648 626 2938 728 subjecis-

873 769 945 813 se
986 741 1234 814 oratori
1269 740 1542 813 videtur
1571 739 1998 831 AristoteleS,
2036 767 2263 840 quum
2299 740 2495 832 dixit,
2524 748 2668 813 vim
2695 768 2819 816 esse
2846 744 2938 814 di-

870 859 1068 928 cendi
1081 870 1135 944 ²,
1156 857 1331 957 quid
1356 862 1427 927 in
1455 881 1731 955 quaque
1755 882 1828 927 re
1850 861 2057 956 possit
2086 883 2218 929 esse
2239 853 2724 956 persuasibile;
2748 877 2811 928 et
2832 858 2938 927 Pa·

866 969 1112 1044 trocles
1127 968 1182 1057 3,
1205 970 1492 1068 quinon
1513 969 1807 1067 quidem
1828 970 2092 1071 adjicit,
2121 978 2192 1042 in
2216 997 2492 1071 quaque
2515 997 2624 1059 re,
2649 971 2767 1044 sed
2786 970 2938 1043 nihil

863 1084 1269 1183 excipiendo
1288 1140 1308 1173 ,
1341 1083 1528 1156 idem
1561 1084 1894 1173 ostendit3
1926 1091 2069 1157 vim
2101 1087 2291 1158 enim
2317 1107 2513 1158 vocat
2542 1072 2933 1172 inveniendi,

861 1202 1053 1300 quod
1073 1197 1202 1270 sits*
1228 1205 1298 1270 in
1317 1205 1633 1271 oratione
1656 1198 2128 1298 persuasibile,
2154 1200 2277 1299 qui
2300 1201 2472 1272 fines
2497 1220 2567 1271 et
2587 1200 2715 1298 ipsi
2741 1200 2933 1271 solam

855 1313 1419 1411 complectuntur
1433 1314 1934 1414 inventionem.
1953 1315 2167 1405 Quod
2184 1316 2430 1387 vitium
2449 1315 2728 1413 fugiens
2742 1314 2937 1387 Theo-

858 1428 1065 1499 dorus
1082 1427 1138 1518 ⁵,
1172 1433 1323 1499 vim
1360 1450 1557 1528 putat
1594 1432 1982 1501 inveniendi
2019 1447 2084 1503 et
2115 1430 2478 1532 eloquendi
2510 1457 2671 1502 cum
2709 1448 2933 1502 ornatu

646 1533 666 1551 ‘
756 1575 815 1629 ¹7
854 1541 1235 1629 credibilia,
1281 1549 1349 1614 in
1390 1549 1581 1616 omni
1620 1550 1955 1618 oratione.
1999 1546 2171 1635 Sed,
2202 1573 2426 1644 quum
2466 1546 2719 1618 eodem
2745 1545 2934 1617 modo

852 1657 1237 1749 credibilia,
1260 1685 1402 1756 quo
1423 1659 1932 1757 persuasibilia,
1959 1661 2168 1733 etiam
2194 1688 2339 1734 non
2365 1680 2592 1733 orator
2610 1661 2930 1749 inveniat,

927 1846 970 1880 1.
997 1830 1100 1898 Qui
1114 1829 1369 1902 proprius.
1394 1833 1473 1883 De
1497 1831 1716 1882 materia
1738 1828 1854 1882 rhe-

848 1913 1066 1975 toriceS,
1090 1928 1138 1960 c.
1168 1927 1226 1961 αι
1256 1911 1418 1983 hujus
1443 1910 1578 1962 libri.

921 2006 967 2039 2.
1020 1987 1077 2041 V
1071 1987 1200 2040 im...
1247 1988 1469 2040 dicendi.
1515 1991 1853 2060 Quamquam

845 2061 1028 2117 omnes
1062 2066 1165 2118 hoc
1204 2065 1331 2118 dant
1368 2067 1518 2133 libri,
1550 2087 1734 2120 verum
1773 2081 1851 2118 ta-

842 2160 963 2197 men
980 2162 1093 2197 esse
1107 2148 1291 2215 nequit
1305 2146 1524 2198 dicendi.
1535 2146 1669 2199 Vide
1695 2145 1738 2216 ς.
1770 2163 1786 2195 ι
1798 2147 1850 2211 3,

841 2227 935 2277 ubi
950 2240 1091 2277 recte
1106 2226 1297 2277 dicitur
1316 2226 1616 2277 inveniendi
1635 2240 1686 2277 et
1705 2224 1851 2298 apud

839 2308 995 2359 Arist.
1026 2320 1108 2357 est
1133 2306 1386 2373 θιαρῖσαι.
1408 2305 1542 2357 Vide
1570 2318 1755 2357 notam
1782 2303 1850 2356 ad

839 2390 888 2455 S.
921 2405 982 2438 22
1001 2425 1018 2451 ,
1044 2387 1116 2438 vis
1141 2386 1366 2438 videndi.

912 2469 961 2520 3.
987 2466 1260 2518 Patrocles.
1277 2464 1410 2516 Vide
1429 2468 1527 2527 111,
1551 2464 1617 2529 6,
1641 2463 1726 2530 44.
1750 2468 1848 2516 Ar-

840 2549 906 2602 tis
931 2547 1239 2617 scriptorem
1260 2545 1450 2609 fuisse,
1475 2556 1697 2615 apparet
1714 2545 1849 2596 Nos-

840 2629 905 2677 tri
929 2626 1077 2677 locis.
1107 2627 1431 2676 Memoratur
1456 2642 1485 2675 a
1510 2622 1768 2676 Strabone
1793 2637 1845 2675 et

839 2706 1007 2757 Plinio
1044 2704 1207 2774 (Hist.
1247 2707 1368 2756 Nat.
1395 2706 1466 2756 VI
1483 2744 1499 2770 ,
1539 2722 1564 2754 2
1580 2704 1626 2773 1)
1665 2706 1844 2755 Patro-

840 2786 977 2852 cles,
1010 2784 1312 2836 indicorum
1345 2786 1587 2855 scriptor,
1628 2783 1846 2853 praefec·

839 2879 924 2917 tus
940 2865 1120 2916 classis
1135 2863 1338 2916 Seleuci
1354 2876 1405 2914 et
1420 2860 1697 2926 Antiochi,
1714 2861 1844 2913 alius

839 2963 967 2998 sane
991 2962 1020 2994 a
1045 2946 1260 2995 Nostro.
1286 2940 1528 3004 Suidam,
1551 2941 1607 2989 in
1622 2939 1844 3001 Ἀντίπα-

837 3044 964 3092 τρος,
986 3020 1124 3074 idem
1147 3039 1342 3072 nomen
1361 3031 1752 3082 recensentem,
1767 3019 1844 3070 in·

839 3118 919 3155 ter
934 3114 1171 3153 oratores
1186 3100 1466 3169 Antipatro
1483 3095 1550 3147 ab
1568 3094 1849 3147 Athenien·

839 3182 983 3234 sibus
1024 3178 1232 3231 deditos
1252 3215 1269 3241 ,
1311 3173 1554 3228 emendat
1592 3173 1847 3226 Ruhnke-

838 3262 957 3310 nius
982 3259 1049 3310 ad
1073 3258 1351 3321 Rutilium,
1376 3275 1430 3327 p.
1458 3254 1555 3319 33,
1580 3270 1844 3324 reponens

840 3334 1163 3399 Στρωοκλὶοι,
1190 3335 1335 3405 quod
1359 3346 1602 3385 retractat
1627 3351 1680 3403 p.
1708 3332 1840 3381 Hist.

838 3417 964 3467 Crit.
992 3415 1055 3466 82
1075 3451 1092 3477 ,
1117 3426 1197 3464 sat
1220 3412 1388 3463 laudis
1417 3414 1649 3462 retinens
1676 3412 1731 3460 in
1760 3428 1845 3462 re·

838 3496 980 3566 liqna
1010 3494 1118 3544 loci
1142 3492 1488 3543 correctione.
1518 3490 1717 3541 Contra
1744 3490 1842 3539 Pa-

839 3574 1059 3627 troclem
1079 3571 1247 3622 oratio
1269 3566 1539 3640 Hyperidae
1560 3569 1750 3618 citatur
1772 3565 1840 3618 ab

837 3654 1254 3725 Harpocratione
1270 3663 1322 3702 et
1331 3646 1562 3699 Polluce.
1573 3646 1839 3708 Patrocles

834 3733 1204 3788 Demosthenis
1229 3739 1506 3782 accusator
1524 3738 1602 3776 est
1621 3744 1717 3797 pro
1738 3727 1838 3777 Co-

835 3833 997 3879 rona,
1026 3833 1079 3883 p.
1109 3810 1202 3862 261
1239 3805 1413 3859 Reisk.
1448 3806 1619 3858 Etiam
1653 3818 1837 3873 tragoe-

832 3892 973 3944 diam
1004 3891 1213 3960 scripsit
1244 3885 1432 3956 aliquis
1460 3882 1565 3934 hoc
1589 3885 1834 3945 nomine3

829 3971 947 4024 vide
971 3968 1171 4022 Fabric.
1199 3965 1339 4018 Harl.
1357 4001 1373 4026 ,
1397 3963 1499 4015 vol.
1527 3966 1605 4030 11,
1629 3983 1681 4033 p.
1710 3963 1831 4016 313.

827 4054 960 4103 Item
992 4049 1135 4120 apud
1167 4044 1580 4116 Xenophontem
1613 4055 1691 4093 est
1728 4041 1832 4093 hoc

825 4147 1024 4182 nomen
1049 4131 1104 4178 in
1123 4128 1253 4177 Hist.
1275 4126 1363 4176 Gr.
1377 4162 1393 4187 ,
1418 4122 1452 4173 l.
1469 4123 1568 4186 vl,
1590 4122 1647 4171 in
1672 4121 1791 4175 fine.

899 4208 949 4275 4.
980 4204 1133 4280 Quod
1152 4205 1232 4258 sit.
1256 4202 1429 4256 Guelf.
1455 4199 1585 4274 quid
1607 4201 1685 4250 sit.

2018 1830 2067 1883 5.
2093 1830 2405 1883 Theodorus.
2432 1832 2514 1884 Sic
2532 1829 2709 1882 Guelf.
2733 1849 2846 1883 cum
2865 1843 2935 1881 sat

1944 1912 2121 1964 multis
2134 1951 2151 1979 ,
2174 1925 2233 1964 ut
2251 1912 2475 1975 videtur,
2494 1909 2844 1965 CoddsGoth.
2868 1924 2936 1962 ta·

1942 2009 2095 2055 men,
2118 1995 2274 2042 Voss.
2310 2004 2448 2057 tres,
2478 1992 2670 2043 Joann.
2715 1993 2859 2042 Bern.
2890 2002 2934 2042 et

1941 2069 2198 2122 vallensis
2219 2069 2347 2121 dant
2366 2069 2635 2134 Eudorus,
2658 2088 2858 2134 errore,
2883 2081 2934 2120 ut

1940 2162 2093 2219 putat
2106 2151 2265 2202 Gesn.
2280 2185 2297 2211 ‚
2316 2167 2345 2200 e
2364 2150 2621 2219 scriptura
2645 2148 2935 2199 Theudoria

1941 2240 2076 2278 orto.
2107 2229 2332 2292 Mirum,
2356 2245 2479 2277 mox
2506 2226 2551 2295 §.
2580 2243 2639 2276 21
2676 2228 2733 2278 in
2761 2226 2934 2278 eodem

1938 2307 2152 2357 nomine
2176 2324 2287 2357 non
2310 2307 2513 2356 variari.
2540 2303 2817 2355 Eudorum
2838 2305 2937 2374 qui-

1938 2382 2061 2435 dem
2084 2383 2347 2436 rhetorem
2370 2386 2459 2454 qui
2479 2396 2734 2453 praeterea
2753 2401 2937 2435 memo·

1937 2475 2075 2513 raret
2087 2500 2104 2526 ,
2123 2463 2298 2513 inveni
2317 2464 2577 2513 neminem
2592 2478 2609 2525 ;
2626 2480 2935 2533 quamquam

1935 2539 2066 2593 nihil
2089 2539 2336 2611 impedit,
2358 2558 2464 2611 quo
2484 2542 2659 2593 minus
2678 2543 2935 2613 peripate-

1937 2621 2070 2671 ticus
2110 2623 2226 2691 ejus
2268 2622 2495 2671 nominis
2536 2621 2641 2686 (an
2682 2618 2935 2692 Pythago-

1933 2700 2077 2770 reus)
2093 2713 2255 2751 artem
2278 2718 2491 2770 quoque
2512 2702 2807 2771 scripserim
2828 2700 2936 2752 vide

1934 2783 1973 2831 F
1975 2779 2136 2832 abric.
2162 2779 2334 2846 HarL,
2353 2779 2457 2830 vol.
2478 2782 2527 2844 1,
2552 2799 2605 2850 p.
2629 2780 2754 2845 845.
2776 2781 2936 2848 Magis

1934 2871 2108 2908 tamen
2154 2857 2329 2929 placet
2360 2870 2585 2929 ‘recepta
2600 2895 2618 2924 ,
2659 2876 2829 2928 quum
2866 2860 2935 2910 sic

1932 2938 2155 2987 maxime
2175 2950 2456 3008 appareat,
2477 2955 2638 3007 quare
2659 2956 2788 2989 mox
2808 2937 2851 3007 §.
2875 2951 2931 2986 21

1933 3016 2117 3083 Quint.
2145 3015 2317 3066 eidem
2341 3018 2542 3068 nomini
2567 3016 2832 3069 addiderit
2854 3034 2937 3088 pa·

1933 3096 2040 3146 triae
2064 3093 2519 3163 significationem,
2541 3125 2614 3134 —
2636 3095 2796 3149 Solus
2820 3114 2939 3147 nos-

1933 3185 2011 3222 ter
2030 3174 2091 3224 R.
2110 3171 2243 3224 Cod.
2270 3190 2297 3223 2
2321 3172 2481 3224 habet
2498 3174 2777 3236 Eudorus,-
2799 3172 2937 3245 quod

1935 3269 2127 3302 nomen
2146 3264 2453 3323 corruptum
2474 3272 2535 3304 ex
2550 3272 2684 3307 voce
2710 3253 2939 3306 Theodo-

1933 3348 2016 3380 rus
2035 3333 2291 3383 existimo.
2312 3334 2404 3383 En.
2422 3362 2493 3370 —
2512 3331 2833 3385 Theodorus.
2854 3334 2939 3385 Vi-

1931 3410 1998 3462 de
2015 3413 2220 3463 initium
2241 3427 2395 3465 notae.
2414 3412 2675 3465 Eumdem
2688 3413 2800 3465 hoc
2821 3414 2935 3465 loco

1929 3489 2173 3558 intelligi,
2195 3509 2349 3560 quem
2370 3511 2492 3543 mox
2510 3491 2556 3561 §.
2582 3510 2610 3544 2
2624 3510 2669 3557 1,
2691 3492 2937 3563 equidem

1929 3588 2038 3621 non
2058 3584 2207 3641 puto.
2230 3572 2416 3641 Neque
2437 3573 2578 3624 enim
2596 3573 2842 3625 secundo
2863 3573 2935 3623 lo·

1930 3666 1994 3699 co
2015 3650 2196 3716 Quint.
2216 3646 2422 3701 videtur
2445 3650 2724 3704 additurus
2744 3653 2907 3704 fuisse
2922 3675 2935 3702 :

1932 3726 2220 3791 Gadareus,
2245 3729 2345 3778 nisi
2368 3727 2435 3779 ab
2456 3728 2562 3780 hoc
2577 3730 2843 3783 voluisset
2860 3741 2937 3783 se*

1925 3822 2156 3875 gregare.
2182 3808 2362 3857 Restat
2384 3825 2537 3875 ergo,
2563 3825 2727 3878 quem
2752 3825 2937 3879 agnos-

1926 3902 2106 3934 camus
2125 3881 2212 3934 hic
2224 3921 2241 3948 ,
2258 3883 2570 3937 Theodorus
2590 3888 2936 3959 Byzantinus,

1924 3962 2129 4013 Platoni
2156 3963 2211 4013 in
2238 3961 2456 4014 Phaedro
2484 3980 2848 4032 memoratus,
2880 3985 2932 4037 p.

1926 4041 2026 4093 266
2050 4045 2122 4104 E;
2150 4043 2379 4113 itemque
2407 4046 2603 4096 Nostro
2632 4047 2703 4097 111
2723 4083 2741 4110 ,
2779 4064 2826 4114 ι,
2858 4064 2875 4097 1
2894 4063 2936 4110 ι,

1920 4121 2044 4171 artis
2074 4133 2125 4170 et
2151 4121 2265 4191 ipse
2293 4123 2543 4192 scriptor,
2571 4121 2640 4174 de
2669 4143 2787 4194 quo
2818 4124 2935 4176 vide

1918 4201 2025 4252 Cic.
2054 4201 2193 4253 Brut.
2221 4218 2266 4252 c.
2301 4217 2391 4266 12,
2417 4215 2469 4253 et
2491 4204 2637 4257 Orat.
2663 4222 2716 4256 c.
2754 4221 2839 4257 12.
