3200 5150
840 522 961 569 102

1399 502 1493 565 M.
1532 498 1759 565 FABII
1797 500 2355 583 QUINTILIANI

830 622 1077 694 docere
1105 646 1260 722 quae
1288 620 1557 711 didicit,
1590 613 1736 695 non
1766 621 1892 694 erit
1919 643 2287 695 contentus
2313 618 2580 695 tradere
2605 622 2679 694 in
2707 623 2925 695 nomi·

829 736 1042 809 nibus
1065 737 1193 808 tria
1210 745 1478 836 'genera
1494 793 1513 826 ‚
1553 757 1623 810 et
1644 763 1801 837 quae
1826 737 1962 809 sint
1991 737 2266 810 duobus
2304 736 2717 811 omnibusve
2741 765 2928 811 com·

728 869 796 937 24
832 851 1099 924 munia.
1135 853 1281 925 Nec
1313 853 1540 925 statim
1577 850 1985 952 diligentem
2013 853 2316 953 putabo,
2350 853 2473 952 qui
2501 858 2921 954 promiscua,

829 996 984 1069 quae
1025 975 1332 1071 epicoena
1380 985 1397 1016 ¹
1454 971 1819 1057 dicuntur,
1868 969 2276 1061 ostenderit,
2322 970 2395 1043 in
2434 970 2691 1070 quibus
2734 996 2924 1043 sexus

828 1106 1121 1184 uterque
1154 1112 1280 1186 per
1312 1085 1608 1158 alterum
1642 1099 1672 1132 ³
1708 1106 1993 1185 apparet
2017 1142 2036 1177 ,
2086 1107 2207 1159 aut
2249 1112 2405 1184 quae
2437 1085 2781 1158 feminina
2809 1112 2926 1185 po-

825 1200 1071 1275 sitione
1098 1228 1348 1291 mares,
1383 1200 1679 1273 neutrali
1686 1203 1991 1300 feminas
2016 1200 2445 1300 significant3
2471 1200 2705 1300 qualia
2732 1221 2923 1289 sunt,

727 1322 793 1378 25
827 1318 1191 1409 Muroena,
1239 1337 1306 1389 et
1358 1316 1781 1417 Glycerium.
1841 1316 2274 1389 Scrutabitur
2303 1313 2334 1360 ³
2383 1315 2577 1388 mille
2632 1342 2928 1415 praecep-

828 1452 936 1502 tor
962 1458 1120 1504 acer
1150 1452 1356 1530 atque
1384 1430 1656 1504 subtilis
1693 1431 2007 1531 origines·
2024 1432 2402 1505 nominum
2425 1462 2444 1521 ;
2493 1451 2571 1503 ut
2598 1456 2752 1530 quae
2785 1428 2822 1493 4
2850 1457 2926 1505 ex

827 1545 1073 1618 habitu
1129 1547 1433 1647 corporis
1485 1548 1698 1646 Rufos
1752 1548 2163 1647 Lonqosquc
2214 1548 2534 1619 fecerunt
2576 1545 2756 1643 (ubi
2807 1546 2930 1619 erit

826 1659 1022 1733 aliu'd
1067 1663 1430 1753 secretim,
1487 1683 1567 1735 ut
1620 1661 1909 1751 Sulloe⁵‚
1954 1660 2251 1750 Burrlu‘,
2308 1660 2590 1750 Galbae,
2637 1661 2927 1750 Planci,

826 1779 1105 1867 Pansoe,
1135 1779 1408 1865 Scauri,
1446 1778 1807 1877 taliffque),
1842 1799 1910 1850 et
1945 1804 2028 1850 ex
2064 1804 2229 1850 casu
2262 1776 2733 1867 nascentium3
2766 1775 2925 1849 hinc

827 1895 1143 1993 Aqrippa
1159 1891 1225 1983 ⁶,
1259 1913 1327 1965 et
1364 1897 1629 1994 Opiter,
1667 1915 1734 1966 et
1758 1895 2047 1981 Cordus,
2089 1913 2156 1965 et
2183 1896 2543 1966 Postumus
2580 1912 2824 1964 erunt:
2865 1912 2927 1963 et

826 2034 907 2079 ex
949 2006 1066 2097 iis,
1102 2035 1258 2107 quae
1299 2030 1453 2109 post
1496 2030 1694 2081 natos
1737 2010 2104 2098 eveniunt3
2146 2007 2335 2081 unde
2382 2009 2728 2110 Vopiscus.
2769 2009 2922 2079 Jam

822 2182 929 2220 tem
956 2167 1279 2220 alieniorem.
1310 2170 1433 2237 Quo
1464 2171 1607 2223 enim
1633 2172 1831 2225 referas

817 2265 930 2299 uon
954 2248 1156 2313 minus,
1182 2250 1283 2300 nisi
1304 2248 1564 2320 intelligas
1593 2249 1831 2302 volunta—

820 2335 925 2377 tem
949 2324 1178 2379 docendi
1202 2345 1305 2379 non
1332 2329 1504 2380 minus
1530 2327 1716 2381 deesse
1745 2331 1829 2381 iu-

819 2405 1058 2471 terdum,
1093 2423 1250 2477 quam
1274 2406 1634 2478 facultatem?
1663 2405 1828 2460 Abest

821 2498 1000 2537 autem
1014 2502 1191 2537 revera
1206 2488 1470 2557 posterius
1485 2497 1535 2541 ct
1547 2484 1798 2539 Gothano
1808 2525 1828 2555 ,

824 2580 884 2620 ut
911 2579 963 2620 et
986 2566 1101 2620 aliis
1124 2567 1315 2641 procu}
1337 2566 1521 2622 dubio.

900 2662 944 2698 1.
975 2647 1105 2717 Quoe
1128 2646 1256 2719 epic.
1285 2645 1445 2699 Goth.
1475 2645 1608 2718 (tac.
1635 2647 1828 2720 Gesn.)

821 2738 875 2779 et
914 2725 1089 2779 Guelf.
1131 2727 1382 2777 omittunt
1416 2736 1468 2778 et
1500 2725 1689 2797 (quod
1725 2729 1823 2779 ins.

817 2806 978 2858 Gesn.
1002 2817 1055 2857 et
1068 2801 1197 2876 alii),
1215 2821 1337 2856 cum
1357 2816 1438 2856 set
1456 2804 1635 2857 multis
1654 2805 1821 2858 codd.

818 2895 875 2936 et
903 2881 1021 2935 edd.
1043 2905 1057 2947 ;
1086 2901 1260 2954 neque
1286 2885 1643 2936 necessarium
1669 2896 1820 2955 puto.

816 2963 1122 3016 Promiscua
1155 2964 1357 3034 primus
1392 2960 1584 3015 dixisse
1620 2961 1827 3015 videtur

817 3042 954 3112 Qu.,
982 3054 1042 3095 ut
1070 3060 1206 3115 opus
1230 3054 1370 3094 esset
1392 3040 1607 3094 solitum
1631 3040 1825 3095 addere

816 3121 1137 3175 vocabulum
1161 3123 1302 3173 artis.
1333 3121 1385 3175 si
1412 3133 1697 3193 utrumque
1723 3121 1826 3177 fuit

815 3205 873 3258 in
911 3218 1041 3266 usu,
1083 3218 1195 3252 non
1235 3199 1391 3252 facile
1436 3198 1615 3265 dicaS,
1662 3217 1825 3271 quare

814 3293 1099 3349 utrumque
1122 3281 1360 3350 posuerit
1375 3315 1393 3344 ,
1421 3297 1585 3349 quum
1607 3298 1826 3352 praeser-

813 3360 912 3410 tim
934 3356 1157 3409 alterum
1179 3371 1320 3410 esset
1338 3359 1595 3411 Graecum.
1619 3357 1740 3412 vid.
1767 3361 1822 3426 1,

816 3437 882 3503 5,
909 3438 974 3502 42
1011 3459 1036 3484 ι
1053 3456 1168 3489 voc.
1197 3456 1312 3507 quse
1337 3435 1433 3497 ιῠφ.
1457 3466 1531 3476 -
1550 3437 1818 3509 Epicoena.

808 3515 1067 3569 ’Eu-inma.
1108 3516 1276 3569 Graeci
1317 3517 1389 3567 ita
1428 3528 1623 3567 vocant
1662 3535 1819 3571 voces

813 3596 1105 3667 promiscui
1142 3595 1346 3664 generis
1384 3611 1499 3664 quae
1535 3608 1820 3668 utrumque

814 3692 995 3725 sexum
1024 3673 1124 3724 sub
1153 3671 1318 3724 altero
1349 3690 1538 3744 genere
1570 3691 1818 3746 compre-

812 3751 1070 3808 hendunt.
1096 3756 1189 3805 En.

885 3849 933 3883 2.
967 3833 1071 3884 Per
1089 3830 1328 3884 alterum.
1358 3833 1422 3886 H.
1454 3851 1500 3886 e.
1532 3851 1629 3905 per
1655 3832 1817 3887 alter-

811 3924 1021 3977 utrum,
1047 3914 1153 3964 sive
1178 3930 1358 3963 unum.
1388 3912 1472 3965 Sic
1501 3911 1610 3963 hoec
1634 3911 1815 3985 aquila

811 3987 1021 4057 dicitur,
1036 3992 1142 4043 sive
1155 3990 1352 4042 femina
1367 3988 1691 4060 intelligitur,
1707 3993 1815 4043 sive

807 4084 953 4129 mas;
980 4080 1032 4118 et
1055 4067 1139 4118 hic
1160 4086 1335 4139 passer
1354 4066 1542 4121 eodem
1569 4070 1750 4122 modo.

883 4147 931 4198 3.
961 4147 1332 4200 Scrutabitur...
1362 4165 1426 4198 ex
1452 4148 1607 4200 variis
1631 4150 1809 4201 causis.

812 4226 869 4282 lu
900 4224 1023 4279 loco
1060 4225 1195 4280 adeo
1224 4226 1436 4281 turbato
1470 4240 1523 4282 et
1553 4226 1812 4301 impedito

1921 2167 2102 2224 officio
2131 2188 2251 2222 meo
2281 2168 2595 2221 satisfecisse
2624 2165 2756 2219 mihi
2781 2165 2925 2220 vide-

1918 2248 2038 2315 bor,
2067 2250 2112 2301 si
2136 2249 2444 2300 varietatem
2470 2244 2602 2299 cod.
2631 2246 2813 2299 Guelf.
2843 2259 2924 2311 et,

1919 2327 2013 2380 ubi
2057 2326 2298 2398 neglecta
2344 2328 2536 2394 fuerit,
2575 2324 2923 2397 quorumdam

1918 2406 2142 2459 aliorum
2157 2444 2173 2473 ,
2203 2424 2324 2458 cum
2347 2405 2545 2458 lectore
2569 2407 2926 2459 communica·

1916 2504 2061 2538 vero.
2076 2485 2531 2539 —Scrutabitur...
2552 2502 2616 2535 ex
2635 2485 2793 2538 variis
2808 2504 2925 2537 cau·

1916 2566 1998 2619 sis.
2040 2568 2121 2621 De
2162 2568 2438 2619 nominum
2481 2564 2674 2618 horum
2720 2565 2924 2618 ratione

1918 2645 2267 2718 etymologica
2296 2643 2654 2698 consulendus
2679 2658 2763 2698 est
2783 2642 2924 2697 'rhe-

1917 2741 2104 2776 saurus
2150 2724 2401 2791 Gesneri,
2443 2736 2501 2775 ut
2542 2735 2594 2775 et
2633 2723 2924 2774 Fabi-ianus

1915 2802 2171 2875 ejusdem.
2196 2832 2269 2842 --
2286 2801 2457 2855 Mille.
2484 2803 2731 2854 Burman.
2759 2802 2922 2873 conji-

1914 2884 1986 2933 cit
2005 2880 2120 2947 ille,
2138 2894 2198 2932 ut
2212 2880 2338 2933 alibi
2353 2883 2542 2953 saepius
2564 2879 2748 2933 scribit
2763 2882 2926 2949 Quin·

1916 2958 2126 3012 tilinnus
2163 2961 2388 3011 fortasse
2423 2961 2629 3027 verius,
2672 2959 2771 3011 sed
2813 2961 2922 3011 sine

1915 3040 2245 3092 auctoritate.
2276 3041 2367 3091 En.

1983 3117 2040 3185 4.
2057 3117 2351 3170 Nominum
2370 3127 2431 3169 ut
2446 3134 2579 3189 quan,
2595 3115 2773 3170 Guelf.
2791 3137 2805 3168 =
2828 3134 2922 3168 no·-

1912 3196 2118 3247 minum
2147 3211 2278 3268 quoe.
2308 3224 2381 3234 -—
2405 3195 2571 3267 Rufos
2595 3195 2917 3268 Longosque.

1912 3276 1990 3326 lta
2018 3276 2079 3327 R.
2114 3291 2142 3325 2
2172 3285 2226 3326 et
2248 3275 2410 3325 Cano.
2434 3274 2494 3324 R.
2530 3290 2575 3340 1,
2598 3283 2661 3323 ut
2683 3271 2928 3325 Allobros

1916 3352 2087 3405 Cicero
2109 3349 2305 3424 Rufos.-
2332 3349 2474 3402 unde
2493 3352 2611 3403 Cn.
2634 3363 2689 3402 et
2707 3350 2794 3403 ed.
2817 3355 2923 3402 Va·

1909 3432 2032 3484 rior.
2047 3468 2064 3496 ,
2089 3430 2376 3494 Cicerones,
2403 3429 2580 3501 Rufos.
2607 3431 2700 3481 Eu.
2725 3458 2804 3469 —-
2828 3428 2924 3480 Ubi

1908 3526 2008 3580 pro
2032 3508 2257 3561 aliorum
2280 3507 2405 3572 nisi,
2432 3510 2590 3564 etiam
2606 3507 2787 3561 Guelf.
2811 3506 2918 3559 dat.

1908 3588 2106 3642 -Cnn
2135 3587 2234 3640 nisi
2254 3587 2366 3639 cn't.
2391 3588 2483 3639 En.

1980 3673 2034 3729 5.
2056 3673 2321 3739 Sem-etius,
2343 3684 2404 3725 ut
2419 3672 2596 3732 Sulloe.
2617 3672 2798 3728 Guelf.
2819 3696 2832 3726 ε
2854 3692 2923 3727 se·

1907 3755 2089 3808 cretius
2127 3752 2256 3807 sille.
2293 3782 2367 3794 --
2407 3752 2610 3806 Planci.
2654 3754 2821 3807 Goth.
2868 3768 2918 3804 et

1906 3833 2100 3902 Cum,
2128 3833 2317 3907 plauti.
2353 3863 2425 3873 —-
2460 3833 2716 3906 Tuliaque
2746 3846 2802 3886 et
2836 3851 2915 3886 ex.

1903 3911 2096 3979 Goth.,
2124 3910 2356 3985 taliaque
2374 3930 2454 3964 ex.

1976 3991 2027 4043 6.
2076 3990 2217 4043 Hinc
2263 3991 2391 4065 Ayr.
2438 3989 2638 4057 Goth,
2678 3992 2741 4043 R.
2791 4007 2812 4043 1
2866 4004 2918 4042 et

1903 4071 2094 4138 Cum,
2121 4069 2206 4122 hic
2231 4071 2357 4145 Ayr.
2386 4102 2458 4112 —-
2485 4071 2688 4125 Cordus.
2714 4071 2918 4137 Goth,

1907 4149 2112 4203 Codrus.
2155 4150 2230 4203 Et
2265 4170 2331 4205 ex
2368 4154 2452 4210 iis.
2486 4151 2683 4219 Goth„
2722 4162 2780 4205 et
2816 4150 2920 4205 Itis..

1902 4228 2061 4283 Cnn».
2079 4268 2098 4296 ,
2119 4240 2174 4282 et
2193 4230 2268 4283 iis.
