3200 5150
825 500 906 545 ao
1289 472 1642 544 GEORG.
1691 470 2445 545 LUD.SPALD1NG

816 598 1283 690 transcriptum
1308 598 1772 691 quintidecimi
1797 602 2061 668 saeculi
2044 602 2267 682 mitio,
2288 601 2501 692 probe
2525 601 2931 692 dignoscere

813 707 1108 796 potuerit
1132 704 1533 787 BandiniuS,
1564 730 1767 772 nemo
1798 705 2148 773 dubitabit.
2179 709 2427 774 Nititur
2448 726 2674 775 autem
2702 708 2930 779 claris-v

812 815 1020 880 simus
1038 813 1581 880 bibliothecarius
1600 814 1855 902 magnis
1872 814 2177 903 profecto
2195 815 2607 882 auctoribus.
2593 817 2922 906 .primum

811 920 1099 1010 Poggio
1082 943 1258 1010 ipso,
1287 920 1403 1010 qui
1432 920 1629 985 variis
1649 920 1720 983 in
1742 919 1906 986 locis
1929 921 2189 1011 (neque
2208 937 2430 986 tamen
2455 943 2533 987 ea
2556 921 2926 991 Bandinius

809 1030 1153 1117 apposuit,
1180 1048 1405 1116 neque
1433 1026 1699 1110 citavit)
1726 1024 2135 1117 archetypon
2163 1027 2553 1110 Quintiliani
2582 1028 2650 1093 in
2674 1027 2919 1094 biblio-

806 1133 1072 1199 thecam
1086 1133 1311 1197 Cosmi
1328 1131 1622 1197 Medicei
1644 1134 1713 1196 P.
1737 1135 1807 1196 P.
1830 1131 2035 1198 fuisse
2054 1132 2311 1198 illatum
2335 1150 2645 1215 testetur,
2667 1132 2919 1200 deinde

806 1238 1147 1327 Raphaele
1166 1238 1374 1325 Regio
1387 1288 1405 1317 ,
1423 1237 1540 1327 qui
1558 1237 1704 1303 haec
1725 1234 1900 1302 dicat
1920 1238 1989 1302 in
2007 1236 2180 1304 libro
2201 1239 2550 1327 inscripto,
2569 1236 2656 1305 In
2674 1237 2917 1307 discen·

807 1361 912 1411 tas
944 1341 1354 1432 Quintiliani
1377 1341 1881 1429 depravationes
1909 1340 2196 1408 ducenta
2226 1341 2656 1410 Problemata
2673 1395 2700 1420 ,
2731 1344 2916 1412 edito·

805 1451 1053 1517 Patavii
1084 1475 1105 1517 1
1121 1461 1239 1539 491
1263 1475 1281 1515 :
1309 1479 1336 1509 κ
1352 1449 1523 1514 Mihi
1542 1471 1708 1514 vero
1729 1446 2141 1536 astipulatur,
2153 1464 2493 1529 vetustum
2511 1448 2679 1515 illud
2699 1472 2926 1516 exem·-

803 1558 968 1647 plar,
991 1556 1171 1622 unde
1192 1555 1448 1645 reliqua
1472 1554 1666 1621 facile
1691 1551 2095 1621 crediderim
2115 1554 2321 1619 fuisse
2341 1552 2702 1644 descripta,
2728 1554 2922 1647 quod

804 1688 845 1730 a
870 1664 1115 1753 Poggio
1140 1662 1527 1727 Florentino
1556 1685 1602 1726 e
1624 1658 1980 1726 Germania
2009 1656 2283 1724 allatum
2314 1661 2594 1726 nuncin
2621 1664 2922 1752 magnifi·

805 1771 1182 1836 centissima
1202 1767 1543 1834 Laurentii
1563 1765 1847 1832 Medicis
1867 1764 2273 1832 bibliotheca
2294 1782 2648 1855 spectatur.
2670 1799 2697 1828 »
2720 1767 2915 1834 Idem

805 1876 891 1942 ad
918 1877 1130 1965 prima
1156 1875 1360 1941 verba
1394 1873 1710 1963 Epistolae
1736 1870 1823 1937 ad
1850 1868 2289 1963 Tryphonem
2319 1872 2557 1938 similia
2589 1875 2732 1940 fere
2763 1870 2915 1942 mo·-

805 2001 950 2062 net,
976 1982 1095 2048 ubi
1130 2012 1157 2042 α
1181 1983 1303 2063 sic,
1334 1982 1585 2071 inquit,
1619 1980 1688 2044 in
1717 1978 2165 2045 vetustissimo
2195 1979 2314 2043 illo
2338 1978 2699 2068 exemplari
2726 1980 2920 2071 quod

804 2113 844 2156 a
875 2090 1120 2177 Poggio
1145 2088 1530 2152 Florentino
1558 2109 1595 2151 e
1627 2087 1981 2151 Germania
2013 2085 2174 2150 olim
2201 2085 2328 2151 fuit
2354 2084 2660 2168 allatum,
2691 2111 2914 2177 nuper

806 2195 1158 2261 Florentiae
1179 2194 1329 2282 legi.
1351 2223 1377 2253 u
1412 2194 1538 2258 Hic
1561 2215 1648 2257 an
1667 2214 1754 2257 ne
1774 2190 2060 2257 voluerit
2084 2190 2388 2283 quidem,
2415 2192 2541 2257 nisi
2558 2194 2916 2283 transcrip-

804 2318 951 2366 tum
978 2295 1023 2365 a
1054 2300 1300 2388 Poggio
1330 2299 1710 2388 exemplum
1737 2297 2141 2387 significare,
2171 2298 2277 2367 vel
2305 2299 2715 2389 archetypon
2744 2298 2918 2366 falso

808 2407 1224 2486 existimarit,
1260 2404 1576 2495 equidem
1603 2427 1743 2497 non
1776 2402 2075 2470 dixerim.
2111 2405 2327 2470 Etiam
2356 2409 2589 2471 Petrus
2622 2406 2926 2472 Crinitus

809 2514 894 2581 de
923 2513 1204 2579 honesta
1231 2512 1622 2601 Disciplina,
1664 2511 1769 2592 18,
1806 2532 1873 2592 2,
1901 2509 2218 2598 Codicem
2246 2509 2429 2577 hunc
2451 2535 2493 2577 a
2519 2512 2765 2602 Poggio
2793 2510 2915 2578 ad·

807 2638 1075 2688 vectum
1102 2618 1259 2704 (sed
1283 2643 1321 2684 e
1344 2619 1588 2700 Gallia,
1619 2618 1825 2705 falso)
1853 2635 2092 2683 narrat.
2125 2620 2277 2707 Ipse
2304 2634 2528 2683 autem
2560 2619 2924 2710 aliquoties

807 2727 1001 2793 initio
1019 2743 1325 2791 notarum
1342 2748 1643 2791 mearum
1660 2725 2066 2816 Poggianum
2086 2723 2414 2813 appellavi
2431 2723 2613 2792 hunc
2631 2725 2879 2791 librum
2891 2777 2921 2808 ,

808 2855 1020 2923 quum
1041 2832 1208 2912 ista,
1246 2842 1523 2921 propter
1548 2832 1987 2897 Turicensem
2014 2829 2332 2896 Codicem
2360 2847 2546 2912 nata,
2583 2829 2922 2899 dubitatio

807 2937 879 3004 in
905 2955 1199 3004 mentem
1223 2938 1526 3005 nondum
1548 2938 1859 3004 venisset.
1890 2939 2114 3018 Certe,
2135 2937 2244 3003 vel
2268 2937 2528 3028 absque
2538 2937 2914 3004 Mabillonii

806 3045 1193 3110 testimonio
1233 3045 1497 3126 fuisset,
1535 3043 1980 3110 verosimilius
2017 3060 2159 3109 erat
2198 3041 2516 3109 Codicem
2551 3040 2635 3107 ab
2670 3041 2920 3109 abbate

807 3150 1212 3240 sangallensi
1235 3173 1626 3240 concessum
1645 3152 1896 3240 Poggio
1919 3172 2062 3216 esse
2087 3149 2308 3239 potius
2333 3147 2920 3215 transcribendum·

809 3280 1015 3347 quam
1050 3254 1546 3346 asportandum.
1586 3258 1671 3320 Et
1707 3256 1792 3322 de
1827 3255 2212 3346 apographo
2250 3271 2531 3322 testatur
2565 3256 2708 3345 ipse
2745 3259 2921 3345 Pog-·

811 3363 958 3451 gius
981 3362 1138 3448 (vid.
1161 3362 1350 3429 Fabr.
1374 3362 1539 3427 Bibl.
1561 3364 1704 3427 Lat.
1730 3364 1919 3444 Ern.,
1949 3386 2016 3452 p.
2047 3361 2217 3449 260),
2244 3362 2439 3427 sicuti
2457 3378 2686 3428 monet
2712 3362 2910 3427 etiam

809 3467 1195 3534 BandiniuS.
1230 3464 1575 3558 Quidquid
1614 3465 1682 3532 id
1719 3484 1820 3533 est
1847 3465 1932 3532 de
1962 3467 2394 3536 menaechmis
2423 3468 2552 3533 illis
2585 3466 2914 3534 Codicum

809 3572 1331 3661 Sangallensium
1355 3623 1373 3654 ,
1424 3589 1788 3662 utrumque
1831 3573 2263 3638 veterrimum
2303 3595 2447 3638 esse
2496 3572 2662 3637 mihi
2712 3572 2914 3662 plane

806 3677 1213 3770 persuade03
1239 3701 1461 3769 neque
1485 3680 1666 3744 enim
1689 3679 1895 3767 magis
1925 3702 2126 3769 quam
2154 3680 2489 3745 Gesnerus
2514 3680 2582 3742 in
2607 3679 2800 3744 Praef.
2821 3675 2909 3743 ad

806 3784 935 3867 Qu.
963 3783 1228 3864 dubito,
1257 3784 1420 3873 quin
1444 3783 1656 3849 Codd.
1682 3785 2072 3867 Quintiliani
2098 3784 2458 3864 extiterint,
2486 3801 2553 3850 et
2574 3783 2777 3850 hodie
2803 3807 2918 3850 ex·

805 3907 978 3970 tent,
1014 3890 1349 3978 Poggiano
1375 3890 1784 3980 antiquiores
1807 3892 1914 3956 vel
1944 3891 2005 3956 ei
2034 3891 2267 3957 saltem
2290 3889 2597 3980 aequalcs.
2638 3890 2759 3954 His
2786 3911 2910 3954 an-

805 4003 1089 4066 numero
1104 3992 1568 4078 Bodleianum‚
1585 3997 2232 4079 Almelovenianum,
2249 4001 2875 4087 Argentoratensem
2886 4044 2906 4083 ,

806 4102 998 4195 cujus
1043 4124 1181 4196 quo
1223 4103 1463 4173 minus·
1484 4102 1862 4198 pleniorem
1907 4105 2210 4180 notitiam
2254 4104 2445 4176 daret
2487 4101 2868 4176 Obrechtus
2879 4151 2910 4194 ὃ
