3200 5150
771 479 901 547 266
1324 480 1417 544 Μ.
1463 478 1693 544 FABII
1739 476 2295 559 QUINTILIANI

768 601 1058 675 tioribus
1080 601 1461 699 separanda
1484 621 1620 690 est;
1646 620 1713 673 et
1740 598 2123 673 carendum
2148 625 2292 672 non
2318 597 2549 670 solum
2575 598 2868 674 crimine

674 729 733 785 15
770 716 1293 817 turpitudinis¹‚
1330 742 1576 788 verum
1623 715 1834 788 etiam
1881 713 2295 812 suspicione.
2347 715 2515 786 Haec
2565 714 2873 787 notanda

768 831 1062 904 breviter
1098 829 1475 904 existimavi
1504 858 1519 902 :
1566 856 1735 903 nam
1767 850 1843 902 ut
1879 828 2056 902 absit
2095 829 2184 900 ab
2219 826 2483 902 ultimis
2515 827 2693 900 vitiis
2728 829 2873 927 ipse

770 966 1169 1044 praeceptor,
1195 972 1272 1018 ac
1308 944 1577 1033 schola,
1610 969 1700 1016 ne
1729 941 2274 1042 praecipiendum
2306 940 2596 1041 quidem
2627 942 2867 1016 credo:

770 1088 849 1134 ac
886 1062 942 1132 si
978 1061 1136 1159 quis
1180 1081 1318 1149 est,
1356 1060 1480 1160 qui
1524 1057 1784 1158 flagitia
1814 1058 2184 1131 manifesta
2216 1057 2289 1130 in
2336 1057 2708 1156 deligendo
2746 1057 2873 1130 filii

768 1195 1185 1274 praeceptore
1218 1200 1362 1247 non
1397 1174 1595 1263 vitet,
1629 1173 1785 1275 jam
1819 1173 1988 1248 hinc
2021 1173 2224 1262 sciat,
2267 1193 2510 1246 caetera
2544 1199 2827 1272 quoque
2850 1228 2868 1261 ‚

769 1317 926 1388 quae
951 1289 1041 1361 ad
1070 1288 1435 1362 utilitatem
1457 1287 1845 1390 juventutis
1880 1314 2301 1387 componere
2326 1313 2692 1377 conamur,
2727 1312 2873 1361 esse

768 1404 938 1494 sibi,
973 1402 1101 1476 hac
1131 1424 1323 1501 parte
1355 1400 1651 1491 omissa,
1683 1429 2138 1501 supervacua.

705 1546 727 1582 1
865 1517 1037 1591 CAP.
1066 1519 1187 1590 111.
1221 1519 1325 1592 Ne
1355 1517 1641 1592 illorum
1666 1516 1954 1616 quidem
1981 1515 2333 1616 persuasio
2357 1514 2629 1592 silentio
2656 1534 2877 1588 trans-

770 1632 1004 1706 eunda
1048 1653 1188 1722 est,
1235 1631 1402 1731 qui,
1449 1632 1660 1706 etiam
1706 1658 1933 1731 quum
1985 1630 2272 1705 idoneos
2320 1629 2576 1704 rhetori
2621 1657 2876 1729 pueros

770 1768 1225 1846 putaverunt,
1258 1775 1402 1824 non
1433 1766 1672 1822 tamen
1705 1745 2041 1822 continuo
2072 1745 2442 1820 tradendos
2473 1744 2878 1824 eminentis-

768 1862 946 1935 simo
981 1861 1306 1951 credunt,
1340 1862 1460 1936 sed
1496 1861 1687 1960 apud
1717 1861 2025 1934 minores
2059 1858 2494 1958 aliquamdiu
2520 1859 2874 1952 detinent,

768 1999 1128 2079 tamquam
1163 1977 1602 2051 instituendis
1634 1975 1897 2050 artibus
1937 1975 2159 2075 magis
2192 1976 2278 2049 sit
2313 1997 2474 2075 apta
2505 1974 2878 2048 mediocri-

769 2115 869 2165 tas
912 2092 1382 2192 praeceptoris,
1426 2118 1592 2164 cum
1636 2091 1727 2164 ad
1769 2091 2201 2164 intellectum
2225 2104 2255 2137 ²
2300 2111 2508 2188 atque
2549 2089 2878 2164 imitatio-

772 2234 938 2280 nem
968 2206 1257 2295 facilior,
1286 2227 1439 2277 tum
1467 2205 1558 2276 ad
1581 2205 2055 2303 suscipiendas
2084 2202 2599 2280 elementorum
2623 2204 2876 2278 moles·

704 2348 731 2382 2
771 2321 896 2393 tias
939 2322 1173 2392 minus
1208 2320 1527 2418 superba.
1565 2321 1733 2411 Qua
1774 2320 1847 2391 in
1896 2346 1966 2390 re
2011 2317 2186 2390 mihi
2230 2346 2374 2390 non
2418 2318 2710 2390 arbitror
2750 2318 2874 2391 diu

771 2434 1275 2522 laborandum,
1318 2454 1398 2504 ut
1435 2433 1836 2522 ostendam,
1871 2453 2133 2533 quanto
2176 2433 2261 2504 sit
2297 2432 2552 2505 melius
2591 2431 2875 2531 optimis

774 2547 1035 2641 imbui,
1060 2544 1505 2648 quantaque³
1540 2546 1614 2619 in
1650 2547 1999 2638 eluendis,
2024 2573 2180 2649 quae
2209 2546 2426 2623 semel
2460 2545 2873 2641 insederint,

773 2665 988 2753 vitiis,
1023 2664 1398 2738 difficultas
1427 2685 1926 2764 consequatur3
1961 2692 2188 2764 quum
2221 2664 2659 2763 geminatum
2694 2690 2874 2736 onus

776 2780 1219 2854 succedentes
1260 2800 1567 2883 premat,
1617 2800 1684 2851 et
1723 2779 2014 2879 quidem
2057 2779 2443 2853 dedocendi
2486 2778 2757 2879 gravius
2793 2806 2875 2851 ac

706 2912 739 2965 3
776 2895 1004 2994 prius,
1037 2921 1255 2995 quam
1288 2892 1607 2967 docendi.
1642 2895 1931 2992 Propter
1962 2892 2157 2993 quod
2186 2890 2694 2971 Timotheum
2731 2893 2877 2967 cla-

854 3098 897 3134 t.
928 3084 1003 3133 Et
1029 3081 1310 3136 carendum
1340 3100 1448 3134 non
1477 3079 1647 3141 solum
1677 3079 1780 3133 cri-

718 3168 727 3177 ·
775 3161 920 3213 mine
949 3160 1199 3233 turpitud.
1238 3159 1441 3213 Alludit
1477 3159 1548 3212 ad
1579 3159 1781 3232 apoph-

776 3240 987 3309 thegma
1023 3241 1237 3293 Coessris
1260 3241 1399 3292 'satis
1435 3252 1621 3292 notum
1638 3276 1655 3303 ,
1689 3239 1781 3308 qui

779 3335 943 3388 quum
966 3319 1269 3391 Pompeiam
1293 3334 1510 3373 uxorem
1532 3316 1783 3388 repudia-

775 3408 888 3461 ret,
921 3394 1067 3465 quod
1098 3413 1163 3446 ea
1196 3412 1230 3447 a
1262 3392 1451 3446 Clodio
1488 3393 1783 3449 adulterata

775 3476 962 3526 fuisset
981 3511 999 3538 ‚
1037 3491 1212 3545 neque
1250 3491 1361 3525 rem
1400 3488 1545 3527 certo
1586 3475 1745 3526 sciret
1762 3511 1781 3541 9

778 3552 910 3603 dixit
931 3551 1134 3605 czaris
1149 3552 1363 3605 domum
1382 3570 1491 3604 non
1508 3551 1676 3607 solum
1690 3552 1786 3604 cri-

776 3632 947 3697 mine,
967 3631 1054 3683 sed
1073 3631 1231 3683 etiam
1250 3632 1535 3704 suspicione
1550 3631 1782 3684 crimini·

778 3729 948 3763 carere
969 3710 1159 3763 debere.
1179 3713 1344 3765 Tun.

853 3809 900 3842 α.
923 3790 1095 3860 Quum
1111 3790 1180 3841 ad
1194 3789 1531 3865 intellectum..
1546 3790 1783 3844 Intellec-

778 3884 864 3923 tus
886 3883 1098 3942 praestat
1117 3872 1473 3940 cognitionem
1490 3871 1782 3925 faciliorem

778 3949 1167 4002 theorematum
1187 3950 1311 4001 artis
1333 3969 1346 4000 ε
1377 3950 1598 4002 imitatio
1623 3968 1748 4002 vero
1763 3987 1782 4018 ‚

783 4046 897 4100 quae
926 4028 1091 4082 habet
1115 4028 1423 4101 adjunctam
1449 4031 1782 4083 exercitatio·

781 4127 903 4161 nem
917 4146 935 4175 ‚
957 4109 1261 4182 suppeditat
1282 4110 1484 4181 praxin.
1509 4112 1676 4165 Tum.

856 4189 906 4240 3.
943 4189 1269 4261 Quantaque.
1305 4188 1480 4242 Guelf.
1519 4203 1574 4243 et
1600 4192 1778 4244 Turic.

1866 3082 2119 3133 omittunt
2152 3099 2254 3153 que
2283 3098 2404 3133 eum
2431 3079 2592 3131 Goth.
2627 3078 2874 3149 (tacente

1866 3154 2066 3230 Geso.)
2093 3172 2148 3211 et
2175 3158 2378 3229 aliquot
2403 3156 2525 3209 edd.
2543 3178 2560 3221 ς
2581 3175 2692 3209 non
2717 3157 2870 3209 male.

1867 3266 1942 3283 ...-
1966 3240 2075 3289 RR.
2111 3254 2156 3303 ι,
2187 3254 2246 3302 2,
2275 3238 2335 3302 3,
2362 3236 2554 3300 Cum,
2581 3246 2782 3308 quanta
2814 3237 2871 3287 in

1868 3315 2114 3368 eluendis.
2138 3318 2243 3368 RR.
2267 3316 2327 3381 4.,
2347 3313 2705 3381 6‚elaevandis.
2726 3316 2786 3366 B.
2807 3314 2871 3379 5,

1869 3395 2146 3448 eliciendis.
2172 3398 2266 3448 En.

1940 3475 1992 3543 4.
2022 3473 2370 3527 Timotheum.
2394 3471 2658 3525 Milesium
2674 3475 2873 3545 ‚flu-agi·

1869 3572 2011 3620 eum,
2030 3547 2411 3621 ὃιθνριμξοτοιδι
2424 3566 2478 3603 et
2490 3554 2749 3607 musicum
2763 3551 2873 3604 cla-

1867 3635 2150 3698 rissimum,
2160 3630 2422 3703 Euripidis
2435 3630 2870 3702 aqualeuuquem

1869 3712 1942 3763 ob
1984 3725 2199 3763 auctum
2233 3710 2552 3763 chordarum
2583 3712 2638 3763 in
2663 3710 2868 3765 cithara

1865 3808 2147 3843 numerum
2186 3790 2318 3843 urbe
2357 3790 2672 3863 expulerunt
2706 3790 2869 3842 Laee-

1865 3869 2146 3938 daemouii,
2175 3869 2264 3922 hic
2290 3883 2585 3941 agnoscunt
2609 3873 2867 3941 interpre-

1867 3963 1980 4011 (σος
2009 3948 2106 4001 sod
2130 3952 2175 4001 is
2203 3949 2344 4001 tibiis
2370 3951 2623 4002 cecinisse
2649 3968 2758 4001 non
2786 3947 2865 4000 di·

1868 4031 2021 4081 citur.
2046 4027 2424 4100 Intelligendum
2445 4031 2604 4099 igitur
2625 4042 2705 4080 est
2724 4026 2866 4090 alter,

1867 4107 1975 4161 hoc
2018 4107 2182 4180 paulo
2226 4110 2513 4173 recentior,
2547 4106 2831 4161 Thebanus
2850 4144 2867 4171 ,

1872 4206 1981 4260 quo
2021 4201 2244 4243 canente
2283 4188 2578 4245 Alexander
2616 4185 2686 4240 ad
2725 4204 2865 4240 arma
