3200 5150
773 445 901 522 2¹4

1343 439 1435 501 M.
1476 438 1703 502 FABII
1739 436 2293 520 QUINTILIANI

774 567 915 662 ejus
951 564 1326 662 percussit;
1376 581 1444 631 et
1475 559 1666 630 aliud
1701 585 1897 658 paene
1932 586 2057 659 par
2096 560 2199 649 ei,
2248 558 2438 660 quod
2474 581 2713 633 tamen
2756 586 2879 633 eo-

776 678 939 749 dem
971 675 1259 747 nomine
1281 674 1628 773 appellare
1650 701 1793 745 non
1813 675 2107 764 audent,
2142 675 2263 747 sed
2292 675 2534 748 dicunt
2554 686 2790 765 χριιῶὰς
2809 690 2827 719 ¹
2849 705 2872 764 ;

775 813 885 883 ut,
929 793 1109 865 Milo
1146 818 1354 892 quem
1386 790 1679 863 vitulum
1718 808 2098 864 assueverat
2111 792 2342 889 ferre,
2390 809 2667 864 taurum
2685 794 2878 890 fere-

776 907 893 979 bat
911 922 964 980 ².
1011 909 1091 978 In
1127 906 1234 978 his
1269 905 1600 977 omnibus
1639 926 1707 978 et
1742 903 2158 978 declinatio-⁹³
2193 933 2316 1003 per
2356 906 2639 978 eosdem
2683 906 2876 977 duci·

704 1043 739 1094 6
775 1046 888 1096 tur
916 1050 1112 1097 casus
1131 1081 1150 1114 ,
1186 1045 1253 1095 et
1279 1044 1423 1095 tam
1448 1025 1791 1094 factorum
1812 1078 1831 1109 ‚

1866 1050 2081 1121 quam
2117 1022 2459 1095 dictorum
2497 1022 2666 1095 ratio
2700 1044 2801 1094 est
2817 1019 2875 1093 4.

775 1140 1340 1213 Narratiunculas
1361 1138 1388 1183 ⁵
1420 1166 1461 1210 a
1488 1139 1705 1237 poetis
1731 1139 2139 1228 celebrataS‚
2172 1139 2427 1211 notitiae
2456 1166 2698 1227 causa,
2730 1165 2878 1210 non

778 1253 1191 1354 eloquentiae
1211 1310 1230 1342 ‚
1265 1253 1651 1335 tractandas
1685 1276 1876 1353 puto.
1927 1255 2191 1326 Caetera
2226 1254 2505 1354 majoris
2540 1253 2765 1353 operis
2797 1278 2882 1324 ac

780 1370 1055 1470 spiritus
1117 1369 1347 1441 Latini
1417 1368 1916 1469 praeceptores⁶
1977 1368 2436 1468 relinquendo
2500 1367 2886 1440 necessaria

780 1484 1247 1582 grammaticis
1276 1484 1627 1573 fecerunt;
1665 1483 1889 1555 Graeci
1920 1482 2141 1582 magis
2170 1509 2467 1582 operum
2494 1509 2785 1554 suorum
2814 1502 2888 1553 et

783 1625 997 1669 onera
1023 1618 1092 1669 et
1123 1597 1422 1668 modum
1453 1617 1738 1668 norunt.

891 1717 1061 1785 CAP.
1107 1715 1195 1785 X.
1241 1716 1408 1785 Haec
1457 1712 1587 1784 de7
1658 1715 2129 1784 Grammatico
2155 1769 2175 1799 ‚
2231 1739 2447 1811 quam
2485 1711 2889 1785 brevissime

786 1829 1018 1928 potui,
1051 1854 1194 1899 non
1233 1849 1309 1900 ut
1342 1827 1582 1899 omnia
1608 1828 1911 1899 dicerem
1937 1848 2267 1917 sectatuS,
2306 1828 2498 1926 quod
2527 1827 2888 1899 infinitum

779 2021 1015 2093 μειράκιον
1044 2020 1251 2093 t‘eepoeaeoic
1280 2024 1534 2084 εἱτακτοῧν,
1562 2023 1640 2078 τὶν
1667 2046 1796 2077 σαι-

788 2100 1007 2169 ιῆηογὲν
1028 2106 1231 2157 hanon.
1259 2104 1456 2156 Eadem
1481 2104 1643 2156 habet
1667 2108 1795 2158 Her-

789 2203 929 2254 mog.
949 2223 965 2249 .,
994 2183 1028 2234 l.
1061 2202 1106 2234 c.
1126 2222 1142 2249 ‚
1170 2202 1223 2255 p.
1263 2201 1339 2235 ιο.
1377 2185 1474 2234 Hic
1505 2197 1681 2236 tamen
1711 2185 1799 2237 alii

788 2265 968 2334 generi
1006 2265 1268 2331 assignat,
1303 2261 1460 2313 videl.
1508 2261 1580 2330 ‹tej'
1607 2264 1796 2331 ματᾷ,

790 2341 1041 2412 subjectis
1095 2341 1238 2393 hisce
1269 2363 1280 2391 ε
1337 2337 1553 2393 immu‘v·
1603 2342 1656 2394 τί
1701 2339 1800 2408 ’μεὶς

788 2421 993 2473 τοιαῦτα
1029 2417 1298 2484 παιδίύυςς
1332 2420 1637 2489 ΕΙεξξὲῐηίοι·
1671 2441 1799 2493 pro-

789 2500 933 2550 fecto
978 2498 1288 2565 Quintiliani
1331 2501 1479 2549 ratio.
1511 2530 1583 2539 —-
1616 2504 1797 2553 Crates.

791 2578 1147 2650 Philosophus
1158 2579 1443 2632 Thebanus
1455 2582 1704 2651 Diogenis
1720 2600 1804 2654 cy-

793 2660 900 2708 nici
924 2656 1231 2729 discipulus.
1259 2661 1373 2710 Hoc
1400 2673 1576 2712 autem
1599 2662 1801 2713 Factum

795 2736 1136 2808 Aphthonius
1165 2740 1394 2809 Diogeni
1415 2741 1514 2812 ipsi
1541 2759 1651 2792 non
1678 2743 1805 2793 Cra-

798 2817 1116 2868 teri-tribuit.
1145 2821 1236 2870 En.

876 2913 894 2946 1
908 2936 918 2946 .
937 2899 1151 2964 Χριιῶῗδες
1167 2898 1456 2968 appellant,
1469 2897 1614 2967 quod
1627 2917 1806 2969 quam-

799 2993 971 3046 quam·
994 2975 1136 3026 chria
1173 2995 1283 3028 non
1320 2989 1430 3042 est,
1468 2990 1646 3029 tamen
1686 2997 1806 3050 spe-

795 3057 929 3106 ciem
956 3053 1112 3105 chriae
1135 3074 1240 3125 prce
1264 3075 1320 3106 se
1343 3055 1478 3107 ferre
1501 3055 1727 3123 videtur,
1744 3072 1805 3108 ut

798 3133 1096 3205 exemplum
1122 3132 1266 3202 quod
1289 3133 1498 3204 subjicit
1517 3134 1710 3186 Fabius
1727 3138 1804 3186 vi-

800 3212 955 3264 detur
977 3231 1091 3263 esse
1117 3212 1258 3262 chria
1284 3212 1469 3263 activa.
1495 3215 1660 3265 Tmm.

874 3308 920 3342 2.
966 3290 1198 3341 Taurum
1220 3289 1439 3359 serebat.
1475 3294 1588 3343 lstae
1622 3310 1805 3345 omnes

802 3368 954 3419 chria·
972 3368 1211 3419 eamdem
1226 3367 1423 3419 habent
1437 3369 1681 3436 formam,
1694 3389 1806 3423 eos-

802 3446 923 3498 dem
956 3449 1102 3498 initio
1139 3463 1322 3510 casus;
1355 3451 1681 3518 grammatici
1709 3469 1805 3502 au·-

803 3541 910 3579 tem
936 3525 1214 3578 observant
1239 3546 1334 3597 per
1359 3546 1540 3580 omnes
1565 3547 1718 3581 casus
1743 3533 1807 3583 is-

803 3621 908 3658 tam
925 3605 1330 3657 declinationem
1346 3607 1484 3660 duci.
1502 3611 1574 3661 M.
1597 3612 1652 3662 P.
1673 3611 1805 3663 Cato

803 3687 931 3738 dixit
953 3684 1240 3736 litterarum
1262 3686 1451 3740 radices
1468 3707 1672 3742 amaras
1690 3709 1805 3754 esse,

792 3763 1365 3838 fructusjucundIores.
1395 3769 1475 3818 M.
1507 3767 1568 3819 P.
1607 3768 1811 3821 Catonis

802 3843 996 3895 dictum
1007 3844 1199 3916 fertur,
1218 3858 1317 3897 etc.
1339 3848 1417 3897 M.
1441 3847 1503 3897 Ρ.
1531 3850 1639 3900 Cat.
1661 3848 1812 3901 dixi-5-¹

801 3924 1066 3995 sefer-unt.
1093 3927 1248 3977 Rom..

875 4004 924 4055 3.
969 4004 1316 4056 Declinatio...
1366 4004 1586 4057 ducitur.
1639 4008 1809 4080 Hujus

804 4085 1050 4154 pr-aecepti
1066 4084 1362 4154 exemplum
1378 4085 1576 4157 praehet
1591 4087 1808 4137 Diome-

804 4160 928 4229 dem,
957 4182 1009 4234 p.
1042 4163 1427 4233 Putschii·289,
1449 4165 1543 4218 ubi
1567 4166 1806 4219 eamdem

1884 2025 2084 2077 chriam
2120 2024 2337 2077 deducit
2381 2043 2479 2095 per
2514 2042 2698 2076 omnes
2734 2042 2894 2076 casus

1884 2108 2159 2176 utriusque
2190 2106 2412 2156 numeri.
2449 2104 2555 2154 Per
2581 2103 2779 2155 eosdem
2816 2106 2894 2155 sic

1884 2185 2116 2255 intellige
2128 2223 2145 2251 ‚
2163 2199 2225 2236 ut
2242 2204 2351 2236 non
2370 2184 2551 2235 activa·
2573 2183 2729 2236 chriae
2751 2183 2895 2237 ullus

1887 2269 2051 2337 magis
2074 2267 2320 2339 proprius
2344 2283 2497 2317 casus
2522 2263 2727 2316 dicatur
2750 2282 2897 2330 esse,

1891 2365 2051 2417 quam
2069 2359 2391 2397 caeterarum.

1961 2425 2011 2491 4.
2046 2424 2196 2476 Ratio
2225 2434 2310 2476 est.
2341 2424 2406 2474 H.
2439 2440 2485 2473 e.
2514 2420 2665 2473 reddi
2694 2433 2894 2493 potest.

1861 2505 2005 2555 »Hoc
2029 2505 2235 2555 monuit
2259 2521 2326 2553 ne
2348 2502 2487 2552 forte
2513 2503 2630 2571 quis
2659 2499 2903 2552 crederet

1889 2584 2069 2636 activis
2112 2582 2270 2634 chriis
2314 2583 2487 2633 minus
2528 2580 2665 2632 bene
2706 2579 2903 2651 subjici

1890 2658 2898 2734 posserationennquamorationalibus.

1964 2740 2013 2794 5.
2047 2739 2486 2796 Namtiunculoe.
2516 2741 2581 2791 Η.
2617 2737 2833 2810 quidem
2861 2738 2899 2788 l.

1891 2821 2147 2893 perscribi
2171 2839 2200 2872 a
2225 2818 2498 2890 discipulis
2528 2838 2600 2871 eae
2623 2818 2901 2890 jubentur.

1964 2901 2016 2952 6.
2043 2900 2397 2970 Praeceptores.
2423 2900 2501 2949 Ita
2524 2896 2698 2950 Guelf.
2718 2897 2900 2949 Turic.

1895 2992 1948 3031 et
1966 2977 2135 3031 codd.
2160 2995 2369 3042 omnes,
2394 2977 2494 3029 nisi
2515 2975 2661 3047 quod
2680 2976 2909 3028 silentur

1892 3060 2084 3110 Joann.
2117 3072 2168 3108 et
2197 3059 2346 3108 Bern.
2376 3058 2569 3126 Regius
2597 3058 2651 3108 in
2679 3055 2907 3107 Floren-

1894 3140 1989 3189 tini
2023 3150 2165 3188 textu
2200 3146 2422 3186 oratores
2456 3134 2559 3203 legi
2597 3145 2772 3184 narrat
2792 3171 2809 3199 ‚
2846 3136 2907 3186 in

1895 3214 2130 3287 ejusdem
2147 3214 2379 3282 margine
2390 3222 2738 3284 pmceptores,
2753 3210 2907 3282 quod

1894 3296 2007 3365 ipse
2031 3294 2249 3344 mutavit
2272 3293 2326 3343 in
2351 3290 2599 3356 rhetores,
2630 3290 2777 3342 nulla
2804 3309 2906 3343 ne·

1892 3375 2161 3436 cessitate,
2179 3387 2341 3442 quum
2356 3372 2646 3441 praesertim
2668 3371 2805 3422 infra
2825 3372 2871 3421 11
2885 3408 2905 3437 ‚

1901 3468 1946 3518 1,
1991 3469 2036 3517 1,
2072 3452 2277 3521 legatur
2318 3473 2339 3495 a
2356 3450 2747 3521 praeceptoribus
2789 3450 2909 3501 elo-

1896 3533 2121 3602 quentiae
2162 3529 2415 3581 Latinis...
2455 3528 2657 3580 Groeci‘s.
2681 3553 2705 3576 n
2748 3530 2906 3600 Regii

1895 3613 2256 3681 conjecturam
2300 3620 2613 3679 receperunt
2662 3607 2907 3680 plurima

1897 3689 2049 3756 edd„
2083 3691 2400 3742 recentiores
2435 3687 2647 3758 quidem
2682 3706 2906 3756 omnae,

1901 3787 2065 3841 quum
2093 3782 2218 3821 vett.
2246 3769 2449 3838 aliquot
2474 3779 2710 3818 nostram
2739 3769 2909 3839 scrip·

1902 3863 2069 3900 turam
2088 3861 2349 3901 tueantur.
2367 3847 2791 3919 —Proeceptores
2803 3846 2908 3899 ha-

1898 3929 2025 3979 bent
2048 3930 2108 3978 R.
2140 3945 2183 3993 1,
2206 3946 2264 3992 2,
2289 3927 2350 3994 3,
2375 3940 2426 3978 et
2447 3927 2608 3978 Cum.
2635 3926 2733 3978 Ed.

1973 4024 2019 4076 7.
2046 4007 2173 4058 Haec
2200 4008 2279 4059 de.
2305 4008 2464 4060 Goth.
2493 4027 2635 4075 non,
2660 4023 2721 4060 ut
2743 4009 2913 4060 refert

1896 4089 2085 4154 Gesn.‚
2114 4087 2240 4158 Quoe
2262 4086 2354 4153 de,
2386 4089 2480 4140 sed
2511 4089 2640 4140 Noec
2659 4106 2777 4162 qua·
2807 4088 2876 4140 de
2890 4119 2923 4153 ,-

1895 4168 2042 4239 prius
2067 4187 2129 4219 ex
2154 4186 2330 4220 errore
2354 4168 2660 4220 miniatoris.
