3200 5150
675 464 1322 538 INSTITUTIONIS
1357 466 1608 541 ORAT.
1648 471 1808 537 LIB.
1848 471 1982 551 111,
2023 467 2083 539 3.

341 595 820 692 pronunciatio
852 593 1348 694 dispositionis;
1376 594 1483 666 his
1507 594 1751 694 quinta
1773 624 1961 696 pare,
1999 610 2018 642 ¹
2046 596 2380 669 memoria
2397 652 2417 684 ‚

339 709 635 782 accedat.
657 710 1049 782 Theodorei
1072 712 1215 782 fere
1239 710 1710 782 inventionem
1736 710 2124 813 duplicem,
2158 734 2414 799 rerum,

337 841 540 922 atque
572 824 1001 912 elocutionis,
1034 823 1284 896 deinde
1310 845 1444 896 tres
1469 844 1738 897 caeteras
1762 846 2007 925 parteS.
2034 828 2420 925 Hermago—
2488 857 2527 912 9

337 961 477 1026 ras,
502 936 889 1037 judicium,
929 937 1371 1036 partitionem
1395 995 1414 1027 ,
1451 939 1772 1013 ordinem
1794 998 1814 1031 ,
1855 967 2149 1040 quaeque
2186 941 2419 1013 elocu-

332 1049 536 1124 tionis
567 1073 761 1142 sunt,
791 1053 1068 1154 subjicit
1092 1058 1549 1142 oeconomiae²‚
1580 1081 1770 1154 quae,
1801 1057 2041 1128 Graece
2077 1055 2420 1154 appellata

332 1190 414 1237 ex
437 1194 604 1239 cura
628 1194 860 1240 rerum
887 1168 1423 1241 domesticarum
1450 1191 1516 1241 et
1537 1168 1651 1242 hie
1676 1196 1800 1269 per
1816 1169 2227 1244 abusionem
2243 1168 2273 1214 ³
2299 1196 2418 1269 po·

332 1280 493 1373 sita,
534 1278 871 1357 nomine4
897 1282 1145 1356 Latino
1186 1304 1411 1358 caret:
1454 1305 1553 1358 est
1594 1306 1662 1358 et
1702 1285 1879 1357 circa
1919 1283 2051 1358 hoc
2087 1284 2369 1384 quaestio
2395 1341 2417 1376 ,

408 1512 452 1547 1.
490 1494 686 1566 Quinta
712 1515 866 1568 pars,
900 1498 1164 1551 mernor-ia.
1193 1497 1325 1551 cod.

330 1574 504 1625 Turic.
539 1576 828 1641 memorioe,
863 1573 956 1628 ubi
992 1576 1331 1627 commodum

329 1652 693 1724 Sulzbergerue
717 1650 779 1706 V.
807 1656 863 1707 C.
891 1658 1018 1707 citat
1043 1658 1111 1707 111
1128 1694 1144 1722 ,
1179 1653 1216 1708 5
1227 1694 1245 1722 ,
1276 1674 1294 1709 ι
1311 1694 1330 1723 ,

329 1744 645 1805 φαμι-ται...
673 1735 992 1789 invitationis.

402 1829 450 1864 2.
476 1813 690 1885 Suly'icit
710 1814 1022 1865 oeconomioe.
1051 1816 1130 1865 lta
1151 1813 1324 1866 Guelf.

330 1908 452 1941 cum
470 1890 607 1943 Alm.
622 1929 639 1957 ,
657 1893 758 1944 nisi
777 1890 922 1962 quod
939 1894 984 1943 is
1002 1891 1168 1944 veteri
1185 1910 1328 1943 more

327 1969 508 2020 subicit
525 1967 676 2038 (vide
697 1971 751 2033 1,
771 1971 833 2035 4,
863 1967 963 2039 ιι).
990 1969 1182 2035 Goth„
1206 1988 1329 2021 cum

330 2044 450 2098 edd.
476 2060 598 2100 ante
620 2048 878 2100 Stoerium
901 2049 1031 2099 meis
1055 2046 1328 2113 omnibuS,

327 2125 550 2197 subjecit.
588 2124 807 2177 Gibsoni
848 2126 1054 2178 silentio
1074 2164 1092 2193 ,
1128 2124 1340 2178 nullam'

328 2202 496 2256 codd.
527 2218 742 2256 cuorum
767 2207 1072 2258 varietatem
1099 2207 1329 2259 afferen-

327 2283 429 2347 tia,
454 2283 625 2333 minus
654 2282 852 2334 tribuas
879 2283 984 2336 hoc
1012 2284 1167 2350 loco,
1195 2303 1326 2356 quo-

326 2362 470 2412 niam
495 2378 563 2413 ne
590 2358 709 2412 edd.
737 2361 950 2431 quidem
976 2381 1188 2415 suarum
1215 2382 1328 2415 me-

327 2453 498 2491 morat
516 2458 633 2507 eas,
653 2456 767 2511 quse
785 2440 985 2494 habent
1000 2444 1325 2514 perfectum,

330 2537 494 2591 quum
516 2522 630 2592 ipse
651 2539 680 2572 e
702 2520 946 2574 Leidensi
967 2521 1057 2574 det
1078 2540 1322 2595 presens.

327 2598 486 2666 Mihi,
508 2598 593 2651 vel
615 2599 685 2652 ob
710 2618 799 2666 ea,
823 2619 937 2671 (με
960 2601 1123 2653 modo
1147 2616 1328 2672 tange·

327 2678 482 2744 bam,
511 2681 690 2772 potius
713 2680 921 2733 videtur
947 2699 1189 2752 presens.
1219 2685 1328 2734 Ne·

329 2775 434 2827 que
459 2760 598 2809 enim
619 2761 694 2810 sic
721 2777 885 2829 cogor
907 2760 974 2812 ad
997 2760 1324 2831 subjectum·

331 2834 618 2887 Theodorei
650 2837 940 2907 intelligere
978 2838 1324 2902 tradiderunt,

329 2907 422 2968 sed
445 2909 672 2966 tundunt.
695 2919 891 2969 —th
920 2916 981 2982 3,
1005 2918 1039 2983 4
1061 2931 1115 2970 et
1139 2918 1331 2983 Cam„

326 2995 541 3086 subjicit.
575 2998 682 3049 ΒΗ.
724 3013 779 3063 ι,
815 3014 843 3048 a
878 2997 1330 3070 monstaw-

329 3075 415 3127 cit.
441 3076 652 3127 Eut-ron.

400 3153 451 3205 3.
483 3154 589 3204 Per
608 3153 919 3206 abusionem.
939 3151 1073 3206 Vide
1093 3154 1237 3219 VIII,
1265 3172 1294 3205 2
1310 3192 1327 3220 ,

331 3232 396 3285 5:
433 3253 456 3278 οι
477 3231 697 3300 abusio,
732 3252 846 3304 qum
879 3230 1165 3300 moinum·
1197 3232 1329 3284 diei-

336 3325 525 3363 ·tur.·
551 3313 701 3379 vm,
729 3313 791 3377 6,
819 3312 921 3379 343
949 3313 1029 3379 Χ,
1059 3326 1106 3378 ι,
1140 3328 1219 3365 ta.
1249 3314 1329 3365 De

330 3391 642 3456 oeconomia‚
666 3389 787 3443 vide
808 3393 860 3458 1,
888 3391 952 3455 8,
974 3407 1026 3460 9.

401 3468 451 3535 4.
489 3469 695 3536 Posita,
728 3469 955 3522 nomine.
987 3467 1160 3522 Guelf.
1194 3469 1330 3521 inter

331 3545 441 3598 haec
477 3546 585 3600 duo
617 3548 838 3602 vocabb.
883 3565 1008 3600 nam
1045 3565 1188 3599 nunc
1221 3564 1329 3598 non

330 3625 879 3699 abusivedispematio3
894 3645 1017 3680 eum
1031 3625 1169 3691 eolo,
1184 3623 1330 3696 quod

332 3705 525 3768 sciam,
557 3703 725 3769 Aldo;
758 3706 896 3759 sed'
881 3726 937 3758 ιιι
964 3718 1188 3776 utraque
1219 3702 1330 3756 edi·

334 3783 495 3835 tione.
518 3784 567 3834 Is
592 3795 766 3836 tamen
787 3787 938 3855 ponit
964 3783 1075 3836 haec
1098 3797 1222 3854 post
1243 3801 1329 3833 ca-

334 3870 423 3912 ret.
456 3860 698 3912 Glossam
728 3879 884 3913 nemo
912 3879 1024 3914 non
1050 3862 1289 3932 agnoscit
1307 3899 1326 3927 ,

336 3958 450 4011 qun
480 3939 672 3991 doceat
703 3943 898 3992 tirones
929 3945 1088 3994 etiam
1119 3940 1329 3995 Codici-

335 4018 435 4071 bus
458 4017 696 4070 diffidere
723 4021 776 4070 in
804 4017 943 4070 loco.
968 4019 1138 4088 Quod·
1153 4035 1327 4074 autem

335 4097 509 4149 Burni.
541 4108 700 4168 negat
728 4096 933 4149 abusive
963 4098 1181 4170 dignum
1216 4118 1330 4153 esse

335 4174 691 4245 Quintiliauea
708 4176 1035 4249 eloquentia,
1053 4190 1260 4251 poterat
1275 4176 1332 4233 id

1416 1501 1593 1570 ipsum
1626 1497 1930 1552 adverbium
1962 1498 2137 1568 legere
2163 1496 2245 1549 bis
2275 1494 2420 1568 apud

1417 1580 1698 1646 Nostrum,
1716 1581 1860 1644 VIII,
1878 1579 1931 1644 6,
1952 1576 2038 1642 35,
2060 1592 2113 1629 et
2129 1578 2227 1643 IX,
2251 1593 2309 1643 2,
2329 1575 2419 1643 35,

1417 1657 1549 1708 locis
1582 1674 1919 1727 nequaquam
1948 1656 2327 1719 cona-overatur»,
2362 1656 2420 1707 in

1420 1735 1719 1806 quibuaque
1732 1738 1846 1806 ipae
1855 1736 2028 1787 Burm.
2040 1732 2171 1784 nihil
2183 1747 2413 1786 moneati

1416 1815 1566 1883 Regii
1593 1827 1719 1865 nota
1746 1815 1919 1885 posita
1947 1825 2026 1863 est
2051 1814 2106 1861 in
2132 1811 2417 1863 Burmanni

1417 1890 1675 1957 editione,
1700 1892 1960 1943 monentis
1977 1891 2295 1941 Martianum
2313 1890 2415 1943 Cia-

1415 1969 1612 2041 pellam
1629 1969 2019 2040 dispensationis
2029 1966 2290 2021 vocabulo
2311 1969 2417 2036 uti,

1415 2047 1707 2119 Sulpicium
1761 2049 2028 2100 Victorem
2084 2044 2107 2116 (
2129 2065 2212 2138 ap.
2279 2047 2411 2101 Pith.

1413 2146 1469 2198 p.
1496 2125 1630 2197 246)
1654 2124 1990 2177 oeconomiam
2016 2128 2225 2177 nonnisi
2246 2125 2312 2177 de
2337 2145 2419 2178 or-

1415 2205 1538 2257 dine
1569 2205 1851 2257 artificioso
1885 2220 2158 2295 usurpare.
2198 2207 2374 2257 Eam
2359 2225 2415 2258 ιιι

1413 2285 1544 2335 meis
1556 2283 1919 2334 commentarii
1930 2284 2148 2352 Regiani
2163 2281 2282 2335 edd.
2304 2302 2416 2336 non

1411 2362 1652 2429 invenio,
1680 2363 1832 2432 cujus
1858 2360 2086 2413 vicissim
2115 2364 2305 2414 omissa
2334 2375 2415 2416 est

1414 2459 1445 2493 a
1468 2443 1645 2493 Burm.
1670 2441 1942 2491 annotatio
1959 2479 1976 2507 ,
2004 2440 2202 2512 aliquid
2225 2443 2417 2514 etipsa

1413 2537 1637 2572 monens
1670 2517 1735 2570 de
1769 2517 2176 2590 dispensatione‚·
2211 2519 2304 2572 sed
2336 2518 2414 2571 di·

1412 2618 1565 2653 verso
1573 2597 1738 2650 modo
1753 2599 1947 2669 scripta
1961 2597 2416 2670 inVeneta(149⁴)

1416 2695 1573 2749 quam
1595 2680 1652 2730 in
1675 2677 1874 2730 caeteris
1891 2676 2048 2747 (Loc-
2069 2678 2224 2729 Ruse.
2247 2676 2413 2748 Bad.).

1413 2759 1614 2809 Rursus
1637 2755 1767 2807 illud
1790 2755 1858 2808 de
1874 2754 2107 2827 Sulpicio
2126 2758 2337 2807 Victore
2360 2757 2417 2807 iu

1414 2833 1658 2887 Leidensi
1676 2834 1921 2885 tribuitur
1933 2833 2213 2901 Turnebo,
2235 2836 2325 2904 qui
2345 2846 2419 2886 ta·

1416 2931 1540 2965 men
1571 2913 1814 2964 Martiani
1846 2911 2043 2965 nullam
2076 2910 2237 2964 habet
2267 2927 2417 2963 men—

1416 2994 1644 3057 tionem,
1669 3005 1720 3042 et
1742 2993 1812 3042 ita
1837 2992 2213 3043 contaminavit
2235 3004 2417 3042 notam

1417 3072 1570 3121 istam
1616 3068 1977 3139 undecunque
2015 3081 2275 3140 arreptam
2295 3106 2312 3135 ,
2358 3083 2419 3121 ut

1417 3166 1559 3201 nuuc
1581 3149 1667 3200 vix
1688 3149 1856 3219 possit
1877 3146 2113 3217 intelligi.
2139 3149 2295 3200 Dicas
2319 3148 2421 3218 igi-

1413 3240 1501 3279 tur
1520 3225 1783 3298 ejusmodi
1795 3223 2002 3297 quidde
2014 3224 2414 3296 dispensatione,

1417 3325 1524 3378 quo
1537 3304 1799 3357 vocabulo
1817 3315 1998 3377 posset
2011 3307 2143 3356 verti
2161 3303 2416 3369 οἱκοιομίι,

1415 3386 1619 3439 allitum
1641 3385 1802 3437 fuisse
1820 3383 2041 3454 margini
2057 3385 2249 3436 veter-ie
2264 3382 2420 3438 Codi-

1416 3467 1519 3531 cia,
1553 3462 1701 3535 quod
1734 3461 1908 3515 Guelf.
1949 3474 2031 3527 et,
2062 3479 2219 3533 quem
2251 3461 2417 3515 Aldus

1417 3544 1670 3616 expressit
1681 3580 1698 3608 ,
1712 3541 1999 3593 invexerint
2011 3541 2068 3591 in
2080 3542 2249 3611 ipsam
2260 3543 2419 3612 scrip-

1417 3625 1545 3675 toris
1587 3621 1897 3674 orationem.
1944 3622 2069 3671 Post
2113 3630 2291 3683 caret„
2322 3619 2419 3672 ubi

1414 3702 1581 3755 Aldus
1608 3699 1772 3752 habet
1797 3698 2055 3753 emblema
2081 3698 2253 3764 istud,
2285 3699 2417 3751 Jen·

1415 3782 1663 3846 enniana,
1692 3792 1946 3852 quantum
1972 3777 2153 3844 video,
2186 3776 2300 3830 sola
2330 3795 2417 3828 er-

1416 3861 1558 3914 ditur
1577 3877 1778 3912 novum
1799 3871 1992 3929 caput,
2021 3859 2322 3929 pertingens
2345 3856 2414 3908 ad

1415 3942 1574 3994 finem
1611 3957 1779 4010 usque
1815 3939 1981 3990 nostri
2000 3975 2017 4003 ‚
2058 3936 2149 3989 sed
2185 3939 2297 3990 sine
2333 3938 2416 3989 in-

1416 4022 1715 4091 scriptione.
1746 4047 1818 4058 —
1840 4020 2007 4070 Etiam
2029 4018 2203 4069 Turio.
2235 4035 2297 4068 ex
2322 4017 2414 4070 alt.

1413 4098 1537 4151 coll.
1553 4098 1783 4168 glossam
1796 4095 1936 4148 iilam
1951 4094 2414 4168 Guelferbytanam

1417 4175 1608 4243 habet,
1630 4174 1726 4231 sed
1745 4176 1943 4228 inserto
1966 4172 2158 4227 dieitur
2178 4187 2299 4228 ante
2319 4174 2418 4226 did-

2292 472 2423 556 423

2462 1313 2524 1356 10
