<?xml version="1.0" encoding="UTF-8"?>
<!DOCTYPE html PUBLIC "-//W3C//DTD XHTML 1.0 Transitional//EN"
    "http://www.w3.org/TR/xhtml1/DTD/xhtml1-transitional.dtd">
<html xmlns="http://www.w3.org/1999/xhtml" xml:lang="en" lang="en">
 <head>
  <title>
</title>
<meta http-equiv="Content-Type" content="text/html;charset=utf-8" />
  <meta name='ocr-system' content='tesseract 3.04.00' />
  <meta name='ocr-capabilities' content='ocr_page ocr_carea ocr_par ocr_line ocrx_word'/>
</head>
<body>
  <div class='ocr_page' id='page_1' title='image "./deinstitutioneo12quingoog_0050.png"; bbox 0 0 3200 5150; ppageno 0'>
   <div class='ocr_carea' id='block_1_1' title="bbox 670 380 2392 519">
    <p class='ocr_par' dir='ltr' id='par_1_1' title="bbox 670 380 2392 519">
     <span class='ocr_line' id='line_1_1' title="bbox 670 380 2392 519; baseline -0.001 -37"><span class='ocrx_word' id='word_1_1' title='bbox 670 514 673 519; x_wconf 20' lang='lat'><strong>⁴</strong></span> <span class='ocrx_word' id='word_1_2' title='bbox 775 416 859 519; x_wconf 55' lang='lat'><strong>34</strong></span> <span class='ocrx_word' id='word_1_3' title='bbox 1245 410 1594 480; x_wconf 71' lang='lat' dir='ltr'><strong>osone.</strong></span> <span class='ocrx_word' id='word_1_4' title='bbox 1637 380 1867 478; x_wconf 72' lang='lat' dir='ltr'><strong>Lon.</strong></span> <span class='ocrx_word' id='word_1_5' title='bbox 1913 411 2392 481; x_wconf 77' lang='lat' dir='ltr'><strong>sPAanc</strong></span> 
     </span>
    </p>
   </div>
   <div class='ocr_carea' id='block_1_2' title="bbox 846 510 2863 708">
    <p class='ocr_par' dir='ltr' id='par_1_2' title="bbox 846 510 2863 708">
     <span class='ocr_line' id='line_1_2' title="bbox 846 510 2863 596; baseline -0.001 -3"><span class='ocrx_word' id='word_1_6' title='bbox 846 545 902 594; x_wconf 86' lang='lat' dir='ltr'><strong>P.</strong></span> <span class='ocrx_word' id='word_1_7' title='bbox 933 537 1105 594; x_wconf 82' lang='lat' dir='ltr'><strong>Viart.</strong></span> <span class='ocrx_word' id='word_1_8' title='bbox 1133 540 1291 595; x_wconf 89' lang='lat' dir='ltr'><strong>Meus</strong></span> <span class='ocrx_word' id='word_1_9' title='bbox 1319 550 1405 594; x_wconf 89' lang='lat' dir='ltr'><strong>est</strong></span> <span class='ocrx_word' id='word_1_10' title='bbox 1425 510 1664 594; x_wconf 85' lang='lat' dir='ltr'><strong>libellus.</strong></span> <span class='ocrx_word' id='word_1_11' title='bbox 1692 542 1964 595; x_wconf 77' lang='lat' dir='ltr'><strong>Memorat</strong></span> <span class='ocrx_word' id='word_1_12' title='bbox 1994 536 2255 595; x_wconf 86' lang='lat' dir='ltr'><strong>eumdem</strong></span> <span class='ocrx_word' id='word_1_13' title='bbox 2285 544 2414 596; x_wconf 86' lang='lat' dir='ltr'><strong>Ern.</strong></span> <span class='ocrx_word' id='word_1_14' title='bbox 2444 537 2504 594; x_wconf 89' lang='lat' dir='ltr'><strong>in</strong></span> <span class='ocrx_word' id='word_1_15' title='bbox 2535 535 2673 594; x_wconf 87' lang='lat' dir='ltr'><strong>Bibl.</strong></span> <span class='ocrx_word' id='word_1_16' title='bbox 2701 535 2863 593; x_wconf 79' lang='lat' dir='ltr'><strong>Fabr.</strong></span> 
     </span>
     <span class='ocr_line' id='line_1_3' title="bbox 847 630 1620 708; baseline -0.003 -22"><span class='ocrx_word' id='word_1_17' title='bbox 847 635 995 701; x_wconf 88' lang='lat' dir='ltr'><strong>Lat.‚</strong></span> <span class='ocrx_word' id='word_1_18' title='bbox 1017 642 1057 685; x_wconf 89' lang='lat' dir='ltr'><strong>t.</strong></span> <span class='ocrx_word' id='word_1_19' title='bbox 1082 630 1157 703; x_wconf 82' lang='lat' dir='ltr'><strong>n,</strong></span> <span class='ocrx_word' id='word_1_20' title='bbox 1180 649 1236 708; x_wconf 86' lang='lat' dir='ltr'><strong>p.</strong></span> <span class='ocrx_word' id='word_1_21' title='bbox 1262 631 1398 699; x_wconf 82' lang='lat'><strong>265,</strong></span> <span class='ocrx_word' id='word_1_22' title='bbox 1422 641 1538 686; x_wconf 89' lang='lat' dir='ltr'><strong>not.</strong></span> <span class='ocrx_word' id='word_1_23' title='bbox 1562 650 1620 708; x_wconf 91' lang='lat' dir='ltr'><strong>p.</strong></span> 
     </span>
    </p>
   </div>
   <div class='ocr_carea' id='block_1_3' title="bbox 768 730 2866 1092">
    <p class='ocr_par' dir='ltr' id='par_1_3' title="bbox 768 730 2866 1092">
     <span class='ocr_line' id='line_1_4' title="bbox 768 730 2864 807; baseline -0.002 -13"><span class='ocrx_word' id='word_1_24' title='bbox 768 733 1002 794; x_wconf 76' lang='lat' dir='ltr'><strong>Ibidem.</strong></span> <span class='ocrx_word' id='word_1_25' title='bbox 1040 730 1290 791; x_wconf 81' lang='lat' dir='ltr'><strong>Secunda</strong></span> <span class='ocrx_word' id='word_1_26' title='bbox 1324 737 1372 788; x_wconf 84' lang='lat' dir='ltr'><strong>J.</strong></span> <span class='ocrx_word' id='word_1_27' title='bbox 1410 732 1563 789; x_wconf 86' lang='lat' dir='ltr'><strong>Badii</strong></span> <span class='ocrx_word' id='word_1_28' title='bbox 1598 735 1846 790; x_wconf 82' lang='lat' dir='ltr'><strong>Ascensii</strong></span> <span class='ocrx_word' id='word_1_29' title='bbox 1878 733 2050 790; x_wconf 86' lang='lat' dir='ltr'><strong>editio</strong></span> <span class='ocrx_word' id='word_1_30' title='bbox 2081 735 2209 790; x_wconf 89' lang='lat' dir='ltr'><strong>anni</strong></span> <span class='ocrx_word' id='word_1_31' title='bbox 2257 734 2416 807; x_wconf 81' lang='lat'><strong>1519.</strong></span> <span class='ocrx_word' id='word_1_32' title='bbox 2454 736 2512 790; x_wconf 84' lang='lat' dir='ltr'><strong>F.</strong></span> <span class='ocrx_word' id='word_1_33' title='bbox 2540 730 2772 790; x_wconf 86' lang='lat' dir='ltr'><strong>Mirifice</strong></span> <span class='ocrx_word' id='word_1_34' title='bbox 2799 749 2864 789; x_wconf 77' lang='lat' dir='ltr'><strong>ea</strong></span> 
     </span>
     <span class='ocr_line' id='line_1_5' title="bbox 844 824 2864 903; baseline -0.001 -20"><span class='ocrx_word' id='word_1_35' title='bbox 844 826 1108 883; x_wconf 73' lang='lat' dir='ltr'><strong>recedens</strong></span> <span class='ocrx_word' id='word_1_36' title='bbox 1139 845 1174 882; x_wconf 87' lang='lat' dir='ltr'><strong>a</strong></span> <span class='ocrx_word' id='word_1_37' title='bbox 1203 828 1377 903; x_wconf 86' lang='lat' dir='ltr'>priori</span> <span class='ocrx_word' id='word_1_38' title='bbox 1409 824 1504 882; x_wconf 90' lang='lat' dir='ltr'><strong>illa</strong></span> <span class='ocrx_word' id='word_1_39' title='bbox 1519 865 1535 896; x_wconf 90' lang='lat'>,</span> <span class='ocrx_word' id='word_1_40' title='bbox 1565 845 1734 903; x_wconf 87' lang='lat' dir='ltr'><strong>quam</strong></span> <span class='ocrx_word' id='word_1_41' title='bbox 1765 825 1935 882; x_wconf 86' lang='lat' dir='ltr'><strong>modo</strong></span> <span class='ocrx_word' id='word_1_42' title='bbox 1966 830 2343 884; x_wconf 82' lang='lat' dir='ltr'><strong>recensuimus</strong></span> <span class='ocrx_word' id='word_1_43' title='bbox 2358 868 2375 899; x_wconf 92' lang='lat'>,</span> <span class='ocrx_word' id='word_1_44' title='bbox 2403 839 2460 883; x_wconf 88' lang='lat' dir='ltr'><strong>et</strong></span> <span class='ocrx_word' id='word_1_45' title='bbox 2485 826 2602 882; x_wconf 85' lang='lat' dir='ltr'><strong>fere</strong></span> <span class='ocrx_word' id='word_1_46' title='bbox 2625 844 2864 882; x_wconf 85' lang='lat' dir='ltr'><strong>consen·</strong></span> 
     </span>
     <span class='ocr_line' id='line_1_6' title="bbox 844 917 2866 990; baseline -0.001 -14"><span class='ocrx_word' id='word_1_47' title='bbox 844 922 986 976; x_wconf 85' lang='lat' dir='ltr'><strong>tiens</strong></span> <span class='ocrx_word' id='word_1_48' title='bbox 1024 938 1155 976; x_wconf 87' lang='lat' dir='ltr'><strong>cum</strong></span> <span class='ocrx_word' id='word_1_49' title='bbox 1187 917 1589 977; x_wconf 85' lang='lat' dir='ltr'><strong>recentioribus</strong></span> <span class='ocrx_word' id='word_1_50' title='bbox 1605 959 1622 990; x_wconf 92' lang='lat'>,</span> <span class='ocrx_word' id='word_1_51' title='bbox 1650 930 1715 975; x_wconf 91' lang='lat' dir='ltr'><strong>ut</strong></span> <span class='ocrx_word' id='word_1_52' title='bbox 1745 918 1981 977; x_wconf 78' lang='lat' dir='ltr'><strong>subinde</strong></span> <span class='ocrx_word' id='word_1_53' title='bbox 2012 919 2376 977; x_wconf 84' lang='lat' dir='ltr'><strong>animadverti</strong></span> <span class='ocrx_word' id='word_1_54' title='bbox 2406 922 2467 976; x_wconf 88' lang='lat' dir='ltr'><strong>in</strong></span> <span class='ocrx_word' id='word_1_55' title='bbox 2497 921 2678 986; x_wconf 85' lang='lat' dir='ltr'><strong>notis;</strong></span> <span class='ocrx_word' id='word_1_56' title='bbox 2715 930 2866 975; x_wconf 88' lang='lat' dir='ltr'><strong>caret</strong></span> 
     </span>
     <span class='ocr_line' id='line_1_7' title="bbox 842 1012 2403 1092; baseline -0.001 -21"><span class='ocrx_word' id='word_1_57' title='bbox 842 1012 961 1071; x_wconf 76' lang='lat' dir='ltr'><strong>haec</strong></span> <span class='ocrx_word' id='word_1_58' title='bbox 983 1014 1240 1092; x_wconf 84' lang='lat' dir='ltr'><strong>repetitio</strong></span> <span class='ocrx_word' id='word_1_59' title='bbox 1267 1016 1413 1069; x_wconf 87' lang='lat' dir='ltr'><strong>notis</strong></span> <span class='ocrx_word' id='word_1_60' title='bbox 1438 1012 1717 1071; x_wconf 88' lang='lat' dir='ltr'><strong>omnibus.</strong></span> <span class='ocrx_word' id='word_1_61' title='bbox 1741 1012 1838 1071; x_wconf 63' lang='lat' dir='ltr'><strong>ISJst</strong></span> <span class='ocrx_word' id='word_1_62' title='bbox 1863 1017 2009 1072; x_wconf 88' lang='lat' dir='ltr'><strong>inter</strong></span> <span class='ocrx_word' id='word_1_63' title='bbox 2034 1034 2188 1072; x_wconf 89' lang='lat' dir='ltr'><strong>meos</strong></span> <span class='ocrx_word' id='word_1_64' title='bbox 2212 1013 2403 1072; x_wconf 89' lang='lat' dir='ltr'><strong>libros.</strong></span> 
     </span>
    </p>
   </div>
   <div class='ocr_carea' id='block_1_4' title="bbox 765 1114 2871 2323">
    <p class='ocr_par' dir='ltr' id='par_1_4' title="bbox 765 1114 2871 2124">
     <span class='ocr_line' id='line_1_8' title="bbox 765 1114 2862 1185; baseline -0.001 -11"><span class='ocrx_word' id='word_1_65' title='bbox 765 1114 1010 1175; x_wconf 64' lang='lat' dir='ltr'><strong>Colonia</strong></span> <span class='ocrx_word' id='word_1_66' title='bbox 1044 1117 1106 1176; x_wconf 86' lang='lat' dir='ltr'><strong>in</strong></span> <span class='ocrx_word' id='word_1_67' title='bbox 1139 1115 1349 1185; x_wconf 69' lang='lat' dir='ltr'><strong>aedibus</strong></span> <span class='ocrx_word' id='word_1_68' title='bbox 1375 1116 1634 1174; x_wconf 86' lang='lat' dir='ltr'><strong>Eucharii</strong></span> <span class='ocrx_word' id='word_1_69' title='bbox 1667 1119 1985 1174; x_wconf 81' lang='lat' dir='ltr'><strong>Cervicorni</strong></span> <span class='ocrx_word' id='word_1_70' title='bbox 2016 1129 2075 1174; x_wconf 90' lang='lat' dir='ltr'><strong>et</strong></span> <span class='ocrx_word' id='word_1_71' title='bbox 2099 1119 2333 1176; x_wconf 81' lang='lat' dir='ltr'><strong>Heronis</strong></span> <span class='ocrx_word' id='word_1_72' title='bbox 2360 1116 2557 1173; x_wconf 83' lang='lat' dir='ltr'><strong>Fuehs.</strong></span> <span class='ocrx_word' id='word_1_73' title='bbox 2589 1118 2753 1170; x_wconf 81' lang='lat' dir='ltr'><strong>Anno</strong></span> <span class='ocrx_word' id='word_1_74' title='bbox 2786 1118 2862 1171; x_wconf 88' lang='lat' dir='ltr'><strong>M.</strong></span> 
     </span>
     <span class='ocr_line' id='line_1_9' title="bbox 841 1208 2865 1289; baseline -0 -24"><span class='ocrx_word' id='word_1_75' title='bbox 841 1213 909 1265; x_wconf 89' lang='lat' dir='ltr'><strong>D.</strong></span> <span class='ocrx_word' id='word_1_76' title='bbox 938 1211 1080 1264; x_wconf 85' lang='lat' dir='ltr'><strong>XXI.</strong></span> <span class='ocrx_word' id='word_1_77' title='bbox 1115 1227 1307 1265; x_wconf 87' lang='lat' dir='ltr'><strong>mense</strong></span> <span class='ocrx_word' id='word_1_78' title='bbox 1333 1212 1552 1267; x_wconf 89' lang='lat' dir='ltr'><strong>Martio.</strong></span> <span class='ocrx_word' id='word_1_79' title='bbox 1579 1214 1636 1265; x_wconf 85' lang='lat' dir='ltr'><strong>F.</strong></span> <span class='ocrx_word' id='word_1_80' title='bbox 1663 1212 1788 1289; x_wconf 86' lang='lat' dir='ltr'><strong>Ipse</strong></span> <span class='ocrx_word' id='word_1_81' title='bbox 1810 1209 2003 1269; x_wconf 87' lang='lat' dir='ltr'><strong>titulus</strong></span> <span class='ocrx_word' id='word_1_82' title='bbox 2029 1213 2306 1289; x_wconf 76' lang='lat' dir='ltr'><strong>insignem</strong></span> <span class='ocrx_word' id='word_1_83' title='bbox 2331 1230 2461 1268; x_wconf 89' lang='lat' dir='ltr'><strong>cum</strong></span> <span class='ocrx_word' id='word_1_84' title='bbox 2492 1208 2738 1267; x_wconf 86' lang='lat' dir='ltr'><strong>secunda</strong></span> <span class='ocrx_word' id='word_1_85' title='bbox 2760 1212 2865 1264; x_wconf 86' lang='lat' dir='ltr'><strong>Ba·</strong></span> 
     </span>
     <span class='ocr_line' id='line_1_10' title="bbox 842 1300 2865 1380; baseline 0 -22"><span class='ocrx_word' id='word_1_86' title='bbox 842 1300 1008 1358; x_wconf 89' lang='lat' dir='ltr'><strong>diana</strong></span> <span class='ocrx_word' id='word_1_87' title='bbox 1055 1305 1498 1359; x_wconf 88' lang='lat' dir='ltr'><strong>convenientiam</strong></span> <span class='ocrx_word' id='word_1_88' title='bbox 1517 1343 1536 1373; x_wconf 88' lang='lat'>‚</span> <span class='ocrx_word' id='word_1_89' title='bbox 1572 1301 1783 1380; x_wconf 79' lang='lat' dir='ltr'><strong>alioqui</strong></span> <span class='ocrx_word' id='word_1_90' title='bbox 1823 1304 2173 1361; x_wconf 80' lang='lat' dir='ltr'><strong>manifestam</strong></span> <span class='ocrx_word' id='word_1_91' title='bbox 2192 1345 2210 1375; x_wconf 92' lang='lat'>‚</span> <span class='ocrx_word' id='word_1_92' title='bbox 2256 1304 2516 1363; x_wconf 80' lang='lat' dir='ltr'><strong>ostendit.</strong></span> <span class='ocrx_word' id='word_1_93' title='bbox 2561 1307 2625 1358; x_wconf 80' lang='lat' dir='ltr'><strong>In</strong></span> <span class='ocrx_word' id='word_1_94' title='bbox 2664 1302 2865 1359; x_wconf 86' lang='lat' dir='ltr'><strong>harum</strong></span> 
     </span>
     <span class='ocr_line' id='line_1_11' title="bbox 843 1394 2867 1474; baseline -0 -24"><span class='ocrx_word' id='word_1_95' title='bbox 843 1397 994 1450; x_wconf 89' lang='lat' dir='ltr'><strong>enim</strong></span> <span class='ocrx_word' id='word_1_96' title='bbox 1032 1394 1339 1452; x_wconf 86' lang='lat' dir='ltr'><strong>editionum</strong></span> <span class='ocrx_word' id='word_1_97' title='bbox 1370 1406 1608 1474; x_wconf 88' lang='lat' dir='ltr'><strong>utraque</strong></span> <span class='ocrx_word' id='word_1_98' title='bbox 1625 1395 1976 1455; x_wconf 73' lang='lat' dir='ltr'><strong>Thrasonicae</strong></span> <span class='ocrx_word' id='word_1_99' title='bbox 1997 1400 2273 1473; x_wconf 62' lang='lat' dir='ltr'><strong>¹iactantia</strong></span> <span class='ocrx_word' id='word_1_100' title='bbox 2303 1409 2388 1453; x_wconf 81' lang='lat' dir='ltr'><strong>est</strong></span> <span class='ocrx_word' id='word_1_101' title='bbox 2418 1394 2644 1465; x_wconf 85' lang='lat' dir='ltr'><strong>titulus,</strong></span> <span class='ocrx_word' id='word_1_102' title='bbox 2678 1397 2867 1470; x_wconf 82' lang='lat' dir='ltr'><strong>cujus-</strong></span> 
     </span>
     <span class='ocr_line' id='line_1_12' title="bbox 841 1483 2866 1566; baseline 0 -23"><span class='ocrx_word' id='word_1_103' title='bbox 841 1487 997 1544; x_wconf 87' lang='lat' dir='ltr'><strong>modi</strong></span> <span class='ocrx_word' id='word_1_104' title='bbox 1032 1485 1173 1544; x_wconf 85' lang='lat' dir='ltr'><strong>nihil</strong></span> <span class='ocrx_word' id='word_1_105' title='bbox 1210 1490 1551 1566; x_wconf 85' lang='lat' dir='ltr'><strong>conspicitur</strong></span> <span class='ocrx_word' id='word_1_106' title='bbox 1585 1491 1646 1545; x_wconf 93' lang='lat' dir='ltr'><strong>in</strong></span> <span class='ocrx_word' id='word_1_107' title='bbox 1680 1492 1869 1566; x_wconf 86' lang='lat' dir='ltr'><strong>priore</strong></span> <span class='ocrx_word' id='word_1_108' title='bbox 1905 1489 2059 1546; x_wconf 88' lang='lat' dir='ltr'><strong>Badii</strong></span> <span class='ocrx_word' id='word_1_109' title='bbox 2096 1490 2339 1548; x_wconf 86' lang='lat' dir='ltr'><strong>editione</strong></span> <span class='ocrx_word' id='word_1_110' title='bbox 2377 1493 2507 1547; x_wconf 90' lang='lat' dir='ltr'><strong>anni</strong></span> <span class='ocrx_word' id='word_1_111' title='bbox 2551 1490 2711 1545; x_wconf 79' lang='lat'><strong>1516.</strong></span> <span class='ocrx_word' id='word_1_112' title='bbox 2746 1483 2866 1544; x_wconf 85' lang='lat' dir='ltr'><strong>Tali</strong></span> 
     </span>
     <span class='ocr_line' id='line_1_13' title="bbox 842 1581 2868 1658; baseline -0.001 -19"><span class='ocrx_word' id='word_1_113' title='bbox 842 1584 994 1639; x_wconf 83' lang='lat' dir='ltr'><strong>enim</strong></span> <span class='ocrx_word' id='word_1_114' title='bbox 1024 1581 1119 1638; x_wconf 89' lang='lat' dir='ltr'><strong>hic</strong></span> <span class='ocrx_word' id='word_1_115' title='bbox 1149 1584 1457 1658; x_wconf 86' lang='lat' dir='ltr'><strong>promissor</strong></span> <span class='ocrx_word' id='word_1_116' title='bbox 1483 1581 1607 1640; x_wconf 83' lang='lat' dir='ltr'><strong>infit</strong></span> <span class='ocrx_word' id='word_1_117' title='bbox 1637 1581 1825 1638; x_wconf 81' lang='lat' dir='ltr'><strong>hiatu:</strong></span> <span class='ocrx_word' id='word_1_118' title='bbox 1855 1607 1881 1631; x_wconf 73' lang='grc' dir='ltr'><strong>α</strong></span> <span class='ocrx_word' id='word_1_119' title='bbox 1903 1587 1979 1641; x_wconf 83' lang='grc' dir='ltr'><strong>Μ.</strong></span> <span class='ocrx_word' id='word_1_120' title='bbox 2013 1588 2071 1638; x_wconf 87' lang='lat' dir='ltr'><strong>F.</strong></span> <span class='ocrx_word' id='word_1_121' title='bbox 2105 1588 2172 1656; x_wconf 87' lang='lat' dir='ltr'><strong>Q.</strong></span> <span class='ocrx_word' id='word_1_122' title='bbox 2205 1588 2248 1640; x_wconf 90' lang='lat'><strong>1.</strong></span> <span class='ocrx_word' id='word_1_123' title='bbox 2281 1589 2348 1641; x_wconf 88' lang='grc' dir='ltr'><strong>Ο.</strong></span> <span class='ocrx_word' id='word_1_124' title='bbox 2377 1588 2436 1642; x_wconf 95' lang='lat' dir='ltr'><strong>L.</strong></span> <span class='ocrx_word' id='word_1_125' title='bbox 2470 1587 2568 1640; x_wconf 85' lang='lat' dir='ltr'><strong>XII</strong></span> <span class='ocrx_word' id='word_1_126' title='bbox 2597 1600 2709 1639; x_wconf 84' lang='lat' dir='ltr'><strong>una</strong></span> <span class='ocrx_word' id='word_1_127' title='bbox 2739 1595 2868 1636; x_wconf 78' lang='lat' dir='ltr'><strong>mm</strong></span> 
     </span>
     <span class='ocr_line' id='line_1_14' title="bbox 847 1671 2869 1751; baseline -0.001 -24"><span class='ocrx_word' id='word_1_128' title='bbox 847 1698 873 1725; x_wconf 70' lang='lat' dir='ltr'><strong>a</strong></span> <span class='ocrx_word' id='word_1_129' title='bbox 897 1671 1401 1730; x_wconf 86' lang='lat' dir='ltr'><strong>Declamationibus</strong></span> <span class='ocrx_word' id='word_1_130' title='bbox 1429 1672 1541 1747; x_wconf 80' lang='lat' dir='ltr'><strong>(eae</strong></span> <span class='ocrx_word' id='word_1_131' title='bbox 1568 1685 1756 1731; x_wconf 85' lang='lat' dir='ltr'><strong>autem</strong></span> <span class='ocrx_word' id='word_1_132' title='bbox 1787 1694 1820 1730; x_wconf 89' lang='lat' dir='ltr'><strong>a</strong></span> <span class='ocrx_word' id='word_1_133' title='bbox 1851 1677 2037 1751; x_wconf 89' lang='lat' dir='ltr'><strong>priore</strong></span> <span class='ocrx_word' id='word_1_134' title='bbox 2062 1675 2213 1733; x_wconf 87' lang='lat' dir='ltr'><strong>Badii</strong></span> <span class='ocrx_word' id='word_1_135' title='bbox 2241 1675 2479 1749; x_wconf 88' lang='lat' dir='ltr'><strong>absunt)</strong></span> <span class='ocrx_word' id='word_1_136' title='bbox 2506 1672 2869 1751; x_wconf 74' lang='lat' dir='ltr'><strong>argutissimis</strong></span> 
     </span>
     <span class='ocr_line' id='line_1_15' title="bbox 849 1766 2871 1845; baseline -0.002 -20"><span class='ocrx_word' id='word_1_137' title='bbox 849 1792 874 1817; x_wconf 71' lang='grc' dir='ltr'><em>α</em></span> <span class='ocrx_word' id='word_1_138' title='bbox 899 1766 972 1825; x_wconf 87' lang='lat' dir='ltr'><strong>ad</strong></span> <span class='ocrx_word' id='word_1_139' title='bbox 996 1770 1262 1823; x_wconf 62' lang='lat' dir='ltr'><strong>horrendae</strong></span> <span class='ocrx_word' id='word_1_140' title='bbox 1282 1772 1544 1826; x_wconf 72' lang='lat' dir='ltr'><strong>vetustatis</strong></span> <span class='ocrx_word' id='word_1_141' title='bbox 1560 1766 1844 1845; x_wconf 83' lang='lat' dir='ltr'><strong>exemplar</strong></span> <span class='ocrx_word' id='word_1_142' title='bbox 1859 1770 2133 1845; x_wconf 85' lang='lat' dir='ltr'><strong>repositis.</strong></span> <span class='ocrx_word' id='word_1_143' title='bbox 2161 1793 2184 1819; x_wconf 75' lang='lat' dir='ltr'><strong>a·</strong></span> <span class='ocrx_word' id='word_1_144' title='bbox 2212 1768 2381 1825; x_wconf 76' lang='lat' dir='ltr'><strong>Vides</strong></span> <span class='ocrx_word' id='word_1_145' title='bbox 2403 1766 2692 1835; x_wconf 86' lang='lat' dir='ltr'><strong>Codicem,</strong></span> <span class='ocrx_word' id='word_1_146' title='bbox 2711 1769 2871 1840; x_wconf 72' lang='lat' dir='ltr'><strong>cujus</strong></span> 
     </span>
     <span class='ocr_line' id='line_1_16' title="bbox 837 1859 2869 1936; baseline -0.001 -21"><span class='ocrx_word' id='word_1_147' title='bbox 837 1863 1080 1936; x_wconf 80' lang='lat' dir='ltr'><strong>jactatur</strong></span> <span class='ocrx_word' id='word_1_148' title='bbox 1121 1863 1399 1930; x_wconf 68' lang='lat' dir='ltr'><strong>vetusta33</strong></span> <span class='ocrx_word' id='word_1_149' title='bbox 1441 1879 1562 1917; x_wconf 84' lang='lat' dir='ltr'><strong>esse</strong></span> <span class='ocrx_word' id='word_1_150' title='bbox 1609 1859 2084 1919; x_wconf 84' lang='lat' dir='ltr'><strong>Declamationum</strong></span> <span class='ocrx_word' id='word_1_151' title='bbox 2130 1859 2404 1927; x_wconf 65' lang='lat' dir='ltr'><strong>solas-unu</strong></span> <span class='ocrx_word' id='word_1_152' title='bbox 2444 1861 2689 1917; x_wconf 85' lang='lat' dir='ltr'><strong>vicissim</strong></span> <span class='ocrx_word' id='word_1_153' title='bbox 2733 1860 2869 1914; x_wconf 89' lang='lat' dir='ltr'><strong>MSti</strong></span> 
     </span>
     <span class='ocr_line' id='line_1_17' title="bbox 841 1942 2870 2023; baseline -0.002 -13"><span class='ocrx_word' id='word_1_154' title='bbox 841 1952 1113 2010; x_wconf 70' lang='lat' dir='ltr'><strong>vallensis</strong></span> <span class='ocrx_word' id='word_1_155' title='bbox 1129 1993 1145 2022; x_wconf 89' lang='lat'>‚</span> <span class='ocrx_word' id='word_1_156' title='bbox 1179 1956 1238 2009; x_wconf 91' lang='lat' dir='ltr'><strong>in</strong></span> <span class='ocrx_word' id='word_1_157' title='bbox 1262 1942 1707 2009; x_wconf 79' lang='lat' dir='ltr'><strong>Institutionibus</strong></span> <span class='ocrx_word' id='word_1_158' title='bbox 1730 1951 1964 2011; x_wconf 73' lang='lat' dir='ltr'><strong>adhibiti</strong></span> <span class='ocrx_word' id='word_1_159' title='bbox 1979 1993 1997 2023; x_wconf 92' lang='lat'>‚</span> <span class='ocrx_word' id='word_1_160' title='bbox 2029 1951 2183 2010; x_wconf 85' lang='lat' dir='ltr'><strong>nulla</strong></span> <span class='ocrx_word' id='word_1_161' title='bbox 2209 1956 2436 2011; x_wconf 89' lang='lat' dir='ltr'><strong>mentio.</strong></span> <span class='ocrx_word' id='word_1_162' title='bbox 2460 1957 2506 2008; x_wconf 85' lang='lat' dir='ltr'><strong>E</strong></span> <span class='ocrx_word' id='word_1_163' title='bbox 2531 1950 2870 2010; x_wconf 65' lang='lat' dir='ltr'><strong>bibliotheca</strong></span> 
     </span>
     <span class='ocr_line' id='line_1_18' title="bbox 843 2048 1335 2124; baseline -0.006 -20"><span class='ocrx_word' id='word_1_164' title='bbox 843 2048 1117 2124; x_wconf 77' lang='lat' dir='ltr'><strong>gymnasii</strong></span> <span class='ocrx_word' id='word_1_165' title='bbox 1140 2048 1335 2102; x_wconf 85' lang='lat' dir='ltr'><strong>nostri.</strong></span> 
     </span>
    </p>

    <p class='ocr_par' dir='ltr' id='par_1_5' title="bbox 768 2146 2868 2323">
     <span class='ocr_line' id='line_1_19' title="bbox 768 2146 2868 2226; baseline -0.001 -18"><span class='ocrx_word' id='word_1_166' title='bbox 768 2152 1017 2209; x_wconf 58' lang='lat' dir='ltr'><strong>venetiis</strong></span> <span class='ocrx_word' id='word_1_167' title='bbox 1042 2148 1192 2226; x_wconf 89' lang='lat' dir='ltr'><strong>apud</strong></span> <span class='ocrx_word' id='word_1_168' title='bbox 1215 2147 1436 2205; x_wconf 85' lang='lat' dir='ltr'><strong>Aldum.</strong></span> <span class='ocrx_word' id='word_1_169' title='bbox 1469 2153 1532 2203; x_wconf 89' lang='lat' dir='ltr'><strong>In</strong></span> <span class='ocrx_word' id='word_1_170' title='bbox 1554 2147 1717 2205; x_wconf 88' lang='lat' dir='ltr'><strong>titulo</strong></span> <span class='ocrx_word' id='word_1_171' title='bbox 1746 2159 2030 2225; x_wconf 74' lang='lat' dir='ltr'><strong>comparet</strong></span> <span class='ocrx_word' id='word_1_172' title='bbox 2056 2169 2233 2207; x_wconf 82' lang='lat' dir='ltr'><strong>annus</strong></span> <span class='ocrx_word' id='word_1_173' title='bbox 2256 2146 2541 2219; x_wconf 65' lang='lat' dir='ltr'><strong>Mnxxm</strong></span> <span class='ocrx_word' id='word_1_174' title='bbox 2565 2147 2636 2204; x_wconf 90' lang='lat' dir='ltr'><strong>ad</strong></span> <span class='ocrx_word' id='word_1_175' title='bbox 2659 2146 2868 2205; x_wconf 80' lang='lat' dir='ltr'><strong>calcem</strong></span> 
     </span>
     <span class='ocr_line' id='line_1_20' title="bbox 846 2241 2867 2323; baseline -0 -24"><span class='ocrx_word' id='word_1_176' title='bbox 846 2246 1030 2322; x_wconf 87' lang='lat' dir='ltr'><strong>operis</strong></span> <span class='ocrx_word' id='word_1_177' title='bbox 1049 2253 1237 2299; x_wconf 90' lang='lat' dir='ltr'><strong>autem</strong></span> <span class='ocrx_word' id='word_1_178' title='bbox 1253 2245 1330 2298; x_wconf 96' lang='lat' dir='ltr'><strong>M.</strong></span> <span class='ocrx_word' id='word_1_179' title='bbox 1344 2247 1409 2298; x_wconf 93' lang='lat' dir='ltr'><strong>D.</strong></span> <span class='ocrx_word' id='word_1_180' title='bbox 1424 2245 1567 2296; x_wconf 85' lang='lat' dir='ltr'><strong>XXI.</strong></span> <span class='ocrx_word' id='word_1_181' title='bbox 1589 2259 1783 2298; x_wconf 87' lang='lat' dir='ltr'><strong>mense</strong></span> <span class='ocrx_word' id='word_1_182' title='bbox 1798 2245 2077 2298; x_wconf 87' lang='lat' dir='ltr'><strong>Januario.</strong></span> <span class='ocrx_word' id='word_1_183' title='bbox 2102 2246 2155 2314; x_wconf 90' lang='grc'><strong>4.</strong></span> <span class='ocrx_word' id='word_1_184' title='bbox 2173 2248 2217 2298; x_wconf 87' lang='grc' dir='ltr'><strong>Ε</strong></span> <span class='ocrx_word' id='word_1_185' title='bbox 2234 2241 2369 2299; x_wconf 88' lang='lat' dir='ltr'><strong>bibl.</strong></span> <span class='ocrx_word' id='word_1_186' title='bbox 2385 2245 2554 2323; x_wconf 75' lang='lat' dir='ltr'><strong>Regia</strong></span> <span class='ocrx_word' id='word_1_187' title='bbox 2570 2245 2787 2297; x_wconf 87' lang='lat' dir='ltr'><strong>Boruss.</strong></span> <span class='ocrx_word' id='word_1_188' title='bbox 2803 2245 2867 2298; x_wconf 85' lang='lat' dir='ltr'><strong>R.</strong></span> 
     </span>
    </p>
   </div>
   <div class='ocr_carea' id='block_1_5' title="bbox 768 2341 2868 2497">
    <p class='ocr_par' dir='ltr' id='par_1_6' title="bbox 768 2341 2868 2497">
     <span class='ocr_line' id='line_1_21' title="bbox 768 2341 2868 2427; baseline -0 -26"><span class='ocrx_word' id='word_1_189' title='bbox 768 2344 1021 2415; x_wconf 63' lang='lat' dir='ltr'><strong>Basileus,</strong></span> <span class='ocrx_word' id='word_1_190' title='bbox 1062 2364 1166 2423; x_wconf 86' lang='lat' dir='ltr'><strong>per</strong></span> <span class='ocrx_word' id='word_1_191' title='bbox 1207 2341 1582 2400; x_wconf 84' lang='lat' dir='ltr'><strong>Balthasarem</strong></span> <span class='ocrx_word' id='word_1_192' title='bbox 1624 2346 1878 2415; x_wconf 75' lang='lat' dir='ltr'><strong>Lasiam,</strong></span> <span class='ocrx_word' id='word_1_193' title='bbox 1920 2363 2111 2405; x_wconf 89' lang='lat' dir='ltr'><strong>mense</strong></span> <span class='ocrx_word' id='word_1_194' title='bbox 2150 2348 2436 2427; x_wconf 75' lang='lat' dir='ltr'><strong>Augusto²</strong></span> <span class='ocrx_word' id='word_1_195' title='bbox 2475 2348 2636 2401; x_wconf 81' lang='lat' dir='ltr'><strong>Anno</strong></span> <span class='ocrx_word' id='word_1_196' title='bbox 2678 2347 2754 2401; x_wconf 88' lang='lat' dir='ltr'><strong>M.</strong></span> <span class='ocrx_word' id='word_1_197' title='bbox 2798 2348 2868 2401; x_wconf 90' lang='lat' dir='ltr'><strong>D.</strong></span> 
     </span>
     <span class='ocr_line' id='line_1_22' title="bbox 848 2441 1068 2497; baseline -0.018 0"><span class='ocrx_word' id='word_1_198' title='bbox 848 2442 984 2497; x_wconf 86' lang='lat' dir='ltr'><strong>XLI.</strong></span> <span class='ocrx_word' id='word_1_199' title='bbox 1016 2441 1068 2495; x_wconf 83' lang='grc'><strong>8.</strong></span> 
     </span>
    </p>
   </div>
   <div class='ocr_carea' id='block_1_6' title="bbox 763 2537 2877 3210">
    <p class='ocr_par' dir='ltr' id='par_1_7' title="bbox 765 2537 2877 2784">
     <span class='ocr_line' id='line_1_23' title="bbox 765 2537 2877 2619; baseline -0.001 -18"><span class='ocrx_word' id='word_1_200' title='bbox 765 2541 906 2602; x_wconf 80' lang='lat' dir='ltr'><strong>lbid.</strong></span> <span class='ocrx_word' id='word_1_201' title='bbox 938 2539 1087 2619; x_wconf 88' lang='lat' dir='ltr'><strong>apud</strong></span> <span class='ocrx_word' id='word_1_202' title='bbox 1109 2537 1413 2597; x_wconf 87' lang='lat' dir='ltr'><strong>Robertum</strong></span> <span class='ocrx_word' id='word_1_203' title='bbox 1434 2539 1671 2609; x_wconf 80' lang='lat' dir='ltr'><strong>winter,</strong></span> <span class='ocrx_word' id='word_1_204' title='bbox 1699 2542 1764 2596; x_wconf 80' lang='lat' dir='ltr'><strong>A.</strong></span> <span class='ocrx_word' id='word_1_205' title='bbox 1795 2544 1872 2598; x_wconf 91' lang='lat' dir='ltr'><strong>M.</strong></span> <span class='ocrx_word' id='word_1_206' title='bbox 1906 2545 1972 2598; x_wconf 91' lang='lat' dir='ltr'><strong>D.</strong></span> <span class='ocrx_word' id='word_1_207' title='bbox 2005 2545 2185 2598; x_wconf 82' lang='lat' dir='ltr'><strong>XLIII.</strong></span> <span class='ocrx_word' id='word_1_208' title='bbox 2213 2558 2402 2599; x_wconf 88' lang='lat' dir='ltr'><strong>mense</strong></span> <span class='ocrx_word' id='word_1_209' title='bbox 2423 2542 2640 2597; x_wconf 86' lang='lat' dir='ltr'><strong>Martio.</strong></span> <span class='ocrx_word' id='word_1_210' title='bbox 2668 2541 2719 2610; x_wconf 91' lang='grc'><strong>4.</strong></span> <span class='ocrx_word' id='word_1_211' title='bbox 2743 2542 2877 2598; x_wconf 70' lang='lat' dir='ltr'><strong>Non.</strong></span> 
     </span>
     <span class='ocr_line' id='line_1_24' title="bbox 842 2629 2872 2711; baseline 0 -20"><span class='ocrx_word' id='word_1_212' title='bbox 842 2646 931 2692; x_wconf 87' lang='lat' dir='ltr'><strong>cst</strong></span> <span class='ocrx_word' id='word_1_213' title='bbox 961 2633 1182 2689; x_wconf 85' lang='lat' dir='ltr'><strong>diversa</strong></span> <span class='ocrx_word' id='word_1_214' title='bbox 1212 2652 1246 2688; x_wconf 87' lang='lat' dir='ltr'><strong>a</strong></span> <span class='ocrx_word' id='word_1_215' title='bbox 1271 2634 1523 2709; x_wconf 82' lang='lat' dir='ltr'><strong>proxima</strong></span> <span class='ocrx_word' id='word_1_216' title='bbox 1537 2671 1556 2702; x_wconf 87' lang='lat'>,</span> <span class='ocrx_word' id='word_1_217' title='bbox 1578 2633 1688 2690; x_wconf 85' lang='lat' dir='ltr'><strong>nisi</strong></span> <span class='ocrx_word' id='word_1_218' title='bbox 1710 2632 1864 2711; x_wconf 87' lang='lat' dir='ltr'><strong>quod</strong></span> <span class='ocrx_word' id='word_1_219' title='bbox 1886 2633 2154 2694; x_wconf 85' lang='lat' dir='ltr'><strong>accedunt</strong></span> <span class='ocrx_word' id='word_1_220' title='bbox 2176 2632 2561 2694; x_wconf 85' lang='lat' dir='ltr'><strong>novemdecim</strong></span> <span class='ocrx_word' id='word_1_221' title='bbox 2582 2629 2872 2691; x_wconf 76' lang='lat' dir='ltr'><strong>Declama-</strong></span> 
     </span>
     <span class='ocr_line' id='line_1_25' title="bbox 842 2730 1044 2784; baseline -0.02 0"><span class='ocrx_word' id='word_1_222' title='bbox 842 2730 1044 2784; x_wconf 86' lang='lat' dir='ltr'><strong>tiones.</strong></span> 
     </span>
    </p>

    <p class='ocr_par' dir='ltr' id='par_1_8' title="bbox 763 2825 2216 2908">
     <span class='ocr_line' id='line_1_26' title="bbox 763 2825 2216 2908; baseline -0.003 -20"><span class='ocrx_word' id='word_1_223' title='bbox 763 2827 1020 2908; x_wconf 80' lang='lat' dir='ltr'><strong>Lugduni</strong></span> <span class='ocrx_word' id='word_1_224' title='bbox 1039 2826 1188 2905; x_wconf 88' lang='lat' dir='ltr'><strong>apud</strong></span> <span class='ocrx_word' id='word_1_225' title='bbox 1209 2825 1590 2888; x_wconf 83' lang='lat' dir='ltr'><strong>Sebastianum</strong></span> <span class='ocrx_word' id='word_1_226' title='bbox 1612 2827 1940 2906; x_wconf 75' lang='lat' dir='ltr'><strong>Gryphium.</strong></span> <span class='ocrx_word' id='word_1_227' title='bbox 1971 2828 2131 2899; x_wconf 71' lang='grc'><strong>1544.</strong></span> <span class='ocrx_word' id='word_1_228' title='bbox 2162 2829 2216 2884; x_wconf 83' lang='lat'><strong>8.</strong></span> 
     </span>
    </p>

    <p class='ocr_par' dir='ltr' id='par_1_9' title="bbox 765 2925 2252 2990">
     <span class='ocr_line' id='line_1_27' title="bbox 765 2925 2252 2990; baseline -0.001 -2"><span class='ocrx_word' id='word_1_229' title='bbox 765 2935 1019 2989; x_wconf 81' lang='lat' dir='ltr'><strong>Genevae.</strong></span> <span class='ocrx_word' id='word_1_230' title='bbox 1044 2928 1364 2988; x_wconf 80' lang='lat' dir='ltr'><strong>Excudebat</strong></span> <span class='ocrx_word' id='word_1_231' title='bbox 1386 2925 1625 2986; x_wconf 77' lang='lat' dir='ltr'><strong>Iacobus</strong></span> <span class='ocrx_word' id='word_1_232' title='bbox 1647 2933 1818 2986; x_wconf 84' lang='lat' dir='ltr'><strong>Stoer.</strong></span> <span class='ocrx_word' id='word_1_233' title='bbox 1845 2930 1924 2990; x_wconf 79' lang='lat' dir='ltr'><strong>M:</strong></span> <span class='ocrx_word' id='word_1_234' title='bbox 1943 2935 2008 2987; x_wconf 90' lang='lat' dir='ltr'><strong>D.</strong></span> <span class='ocrx_word' id='word_1_235' title='bbox 2035 2933 2168 2986; x_wconf 85' lang='lat' dir='ltr'><strong>XCI.</strong></span> <span class='ocrx_word' id='word_1_236' title='bbox 2197 2933 2252 2986; x_wconf 82' lang='lat'><strong>8.</strong></span> 
     </span>
    </p>

    <p class='ocr_par' dir='ltr' id='par_1_10' title="bbox 764 3029 2226 3108">
     <span class='ocr_line' id='line_1_28' title="bbox 764 3029 2226 3108; baseline -0.001 -19"><span class='ocrx_word' id='word_1_237' title='bbox 764 3031 997 3089; x_wconf 85' lang='lat' dir='ltr'><strong>Ibidem.</strong></span> <span class='ocrx_word' id='word_1_238' title='bbox 1022 3030 1342 3108; x_wconf 84' lang='lat' dir='ltr'><strong>sumptibus</strong></span> <span class='ocrx_word' id='word_1_239' title='bbox 1364 3032 1508 3087; x_wconf 85' lang='lat' dir='ltr'><strong>Petri</strong></span> <span class='ocrx_word' id='word_1_240' title='bbox 1529 3029 1764 3089; x_wconf 85' lang='lat' dir='ltr'><strong>Chou&#39;e&#39;t.</strong></span> <span class='ocrx_word' id='word_1_241' title='bbox 1787 3035 1861 3087; x_wconf 86' lang='lat' dir='ltr'><strong>M.</strong></span> <span class='ocrx_word' id='word_1_242' title='bbox 1887 3035 1994 3088; x_wconf 86' lang='lat' dir='ltr'><strong>DC.</strong></span> <span class='ocrx_word' id='word_1_243' title='bbox 2017 3035 2146 3086; x_wconf 86' lang='lat' dir='ltr'><strong>XLI.</strong></span> <span class='ocrx_word' id='word_1_244' title='bbox 2175 3035 2226 3087; x_wconf 89' lang='lat'><strong>8.</strong></span> 
     </span>
    </p>

    <p class='ocr_par' dir='ltr' id='par_1_11' title="bbox 767 3129 2175 3210">
     <span class='ocr_line' id='line_1_29' title="bbox 767 3129 2175 3210; baseline 0 -23"><span class='ocrx_word' id='word_1_245' title='bbox 767 3132 1023 3210; x_wconf 75' lang='lat' dir='ltr'><strong>Lugduni</strong></span> <span class='ocrx_word' id='word_1_246' title='bbox 1048 3135 1232 3192; x_wconf 82' lang='lat' dir='ltr'><strong>Batav.</strong></span> <span class='ocrx_word' id='word_1_247' title='bbox 1260 3152 1327 3187; x_wconf 78' lang='lat' dir='ltr'><strong>ex</strong></span> <span class='ocrx_word' id='word_1_248' title='bbox 1348 3129 1575 3188; x_wconf 84' lang='lat' dir='ltr'><strong>officina</strong></span> <span class='ocrx_word' id='word_1_249' title='bbox 1600 3130 1899 3208; x_wconf 71' lang='lat' dir='ltr'><strong>Hackimta.</strong></span> <span class='ocrx_word' id='word_1_250' title='bbox 1933 3134 2097 3192; x_wconf 77' lang='lat'><strong>1665.</strong></span> <span class='ocrx_word' id='word_1_251' title='bbox 2123 3136 2175 3188; x_wconf 89' lang='grc'><strong>8.</strong></span> 
     </span>
    </p>
   </div>
   <div class='ocr_carea' id='block_1_7' title="bbox 771 3231 2875 4157">
    <p class='ocr_par' dir='ltr' id='par_1_12' title="bbox 771 3231 2875 4157">
     <span class='ocr_line' id='line_1_30' title="bbox 771 3231 2874 3309; baseline -0.001 -16"><span class='ocrx_word' id='word_1_252' title='bbox 771 3238 1031 3305; x_wconf 66' lang='lat' dir='ltr'><strong>oxoniae,</strong></span> <span class='ocrx_word' id='word_1_253' title='bbox 1059 3255 1091 3292; x_wconf 90' lang='lat' dir='ltr'><strong>e</strong></span> <span class='ocrx_word' id='word_1_254' title='bbox 1117 3235 1358 3295; x_wconf 82' lang='lat' dir='ltr'><strong>Theatro</strong></span> <span class='ocrx_word' id='word_1_255' title='bbox 1389 3234 1778 3293; x_wconf 87' lang='lat' dir='ltr'><strong>Sheldoniano.</strong></span> <span class='ocrx_word' id='word_1_256' title='bbox 1817 3236 1976 3306; x_wconf 80' lang='lat'><strong>1693.</strong></span> <span class='ocrx_word' id='word_1_257' title='bbox 2005 3237 2058 3304; x_wconf 84' lang='grc'><strong>4.</strong></span> <span class='ocrx_word' id='word_1_258' title='bbox 2089 3232 2414 3290; x_wconf 86' lang='lat' dir='ltr'><strong>Edmundus</strong></span> <span class='ocrx_word' id='word_1_259' title='bbox 2437 3231 2746 3302; x_wconf 65' lang='lat' dir='ltr'><strong>canonas,</strong></span> <span class='ocrx_word' id='word_1_260' title='bbox 2772 3234 2874 3309; x_wconf 77' lang='lat' dir='ltr'><strong>qui</strong></span> 
     </span>
     <span class='ocr_line' id='line_1_31' title="bbox 844 3324 2873 3404; baseline -0.001 -20"><span class='ocrx_word' id='word_1_261' title='bbox 844 3330 991 3384; x_wconf 87' lang='lat' dir='ltr'><strong>hanc</strong></span> <span class='ocrx_word' id='word_1_262' title='bbox 1013 3326 1316 3386; x_wconf 81' lang='lat' dir='ltr'><strong>editionem</strong></span> <span class='ocrx_word' id='word_1_263' title='bbox 1339 3330 1587 3396; x_wconf 81' lang='lat' dir='ltr'><strong>curavit,</strong></span> <span class='ocrx_word' id='word_1_264' title='bbox 1619 3345 1795 3404; x_wconf 89' lang='lat' dir='ltr'><strong>quum</strong></span> <span class='ocrx_word' id='word_1_265' title='bbox 1824 3325 2081 3382; x_wconf 82' lang='lat' dir='ltr'><strong>redderet</strong></span> <span class='ocrx_word' id='word_1_266' title='bbox 2111 3330 2491 3386; x_wconf 84' lang='lat' dir='ltr'><strong>recensionem</strong></span> <span class='ocrx_word' id='word_1_267' title='bbox 2511 3324 2873 3393; x_wconf 77' lang='lat' dir='ltr'><strong>Leidensem,</strong></span> 
     </span>
     <span class='ocr_line' id='line_1_32' title="bbox 845 3418 2873 3499; baseline -0.003 -19"><span class='ocrx_word' id='word_1_268' title='bbox 845 3442 976 3482; x_wconf 78' lang='lat' dir='ltr'><strong>cum</strong></span> <span class='ocrx_word' id='word_1_269' title='bbox 994 3422 1189 3480; x_wconf 87' lang='lat' dir='ltr'><strong>eadem</strong></span> <span class='ocrx_word' id='word_1_270' title='bbox 1208 3421 1444 3480; x_wconf 88' lang='lat' dir='ltr'><strong>contulit</strong></span> <span class='ocrx_word' id='word_1_271' title='bbox 1465 3434 1576 3480; x_wconf 87' lang='lat' dir='ltr'><strong>tres</strong></span> <span class='ocrx_word' id='word_1_272' title='bbox 1596 3422 1828 3480; x_wconf 70' lang='lat' dir='ltr'><strong>eod³ces</strong></span> <span class='ocrx_word' id='word_1_273' title='bbox 1850 3425 1992 3480; x_wconf 83' lang='lat' dir='ltr'><strong>MSS.</strong></span> <span class='ocrx_word' id='word_1_274' title='bbox 2013 3425 2073 3477; x_wconf 88' lang='lat' dir='ltr'><strong>in</strong></span> <span class='ocrx_word' id='word_1_275' title='bbox 2096 3424 2262 3478; x_wconf 89' lang='lat' dir='ltr'><strong>trium</strong></span> <span class='ocrx_word' id='word_1_276' title='bbox 2289 3420 2650 3499; x_wconf 75' lang='lat' dir='ltr'><strong>collegiorum</strong></span> <span class='ocrx_word' id='word_1_277' title='bbox 2664 3418 2873 3479; x_wconf 85' lang='lat' dir='ltr'><strong>biblio-</strong></span> 
     </span>
     <span class='ocr_line' id='line_1_33' title="bbox 786 3499 2873 3595; baseline -0.002 -20"><span class='ocrx_word' id='word_1_278' title='bbox 786 3569 795 3575; x_wconf 93' lang='lat'><strong>.</strong></span> <span class='ocrx_word' id='word_1_279' title='bbox 842 3517 1019 3574; x_wconf 73' lang='lat' dir='ltr'><strong>thecis</strong></span> <span class='ocrx_word' id='word_1_280' title='bbox 1037 3518 1310 3595; x_wconf 88' lang='lat' dir='ltr'><strong>repositos</strong></span> <span class='ocrx_word' id='word_1_281' title='bbox 1322 3556 1338 3586; x_wconf 89' lang='lat'>‚</span> <span class='ocrx_word' id='word_1_282' title='bbox 1353 3519 1600 3592; x_wconf 71' lang='lat' dir='ltr'><strong>itemque</strong></span> <span class='ocrx_word' id='word_1_283' title='bbox 1615 3527 1827 3572; x_wconf 84' lang='lat' dir='ltr'><strong>veteres</strong></span> <span class='ocrx_word' id='word_1_284' title='bbox 1847 3514 2118 3574; x_wconf 86' lang='lat' dir='ltr'><strong>editiones</strong></span> <span class='ocrx_word' id='word_1_285' title='bbox 2137 3499 2281 3571; x_wconf 88' lang='lat' dir='ltr'><strong>octo.</strong></span> <span class='ocrx_word' id='word_1_286' title='bbox 2302 3520 2554 3586; x_wconf 83' lang='lat' dir='ltr'><strong>Quarum</strong></span> <span class='ocrx_word' id='word_1_287' title='bbox 2566 3525 2679 3569; x_wconf 85' lang='lat' dir='ltr'><strong>tres</strong></span> <span class='ocrx_word' id='word_1_288' title='bbox 2694 3531 2873 3590; x_wconf 81' lang='lat' dir='ltr'><strong>quum</strong></span> 
     </span>
     <span class='ocr_line' id='line_1_34' title="bbox 846 3607 2870 3689; baseline -0.003 -22"><span class='ocrx_word' id='word_1_289' title='bbox 846 3624 903 3667; x_wconf 85' lang='lat' dir='ltr'><strong>et</strong></span> <span class='ocrx_word' id='word_1_290' title='bbox 928 3614 1048 3689; x_wconf 84' lang='lat' dir='ltr'><strong>ipse</strong></span> <span class='ocrx_word' id='word_1_291' title='bbox 1071 3622 1365 3670; x_wconf 84' lang='lat' dir='ltr'><strong>tractarem</strong></span> <span class='ocrx_word' id='word_1_292' title='bbox 1380 3648 1398 3678; x_wconf 86' lang='lat'>‚</span> <span class='ocrx_word' id='word_1_293' title='bbox 1418 3607 1782 3666; x_wconf 83' lang='lat' dir='ltr'><strong>animadverti</strong></span> <span class='ocrx_word' id='word_1_294' title='bbox 1797 3649 1817 3678; x_wconf 85' lang='lat'>,</span> <span class='ocrx_word' id='word_1_295' title='bbox 1844 3627 1961 3664; x_wconf 91' lang='lat' dir='ltr'><strong>non</strong></span> <span class='ocrx_word' id='word_1_296' title='bbox 1987 3608 2193 3686; x_wconf 87' lang='lat' dir='ltr'><strong>ubique</strong></span> <span class='ocrx_word' id='word_1_297' title='bbox 2215 3628 2339 3668; x_wconf 84' lang='lat' dir='ltr'><strong>eam</strong></span> <span class='ocrx_word' id='word_1_298' title='bbox 2367 3607 2537 3664; x_wconf 82' lang='lat' dir='ltr'><strong>fuisse</strong></span> <span class='ocrx_word' id='word_1_299' title='bbox 2557 3609 2622 3662; x_wconf 86' lang='lat' dir='ltr'><strong>in</strong></span> <span class='ocrx_word' id='word_1_300' title='bbox 2641 3607 2870 3661; x_wconf 85' lang='lat' dir='ltr'><strong>homine</strong></span> 
     </span>
     <span class='ocr_line' id='line_1_35' title="bbox 839 3698 2875 3780; baseline -0.001 -24"><span class='ocrx_word' id='word_1_301' title='bbox 839 3701 1185 3780; x_wconf 79' lang='lat' dir='ltr'><strong>diligentiam</strong></span> <span class='ocrx_word' id='word_1_302' title='bbox 1200 3742 1218 3771; x_wconf 83' lang='lat'><strong>‚</strong></span> <span class='ocrx_word' id='word_1_303' title='bbox 1252 3704 1410 3778; x_wconf 83' lang='lat' dir='ltr'><strong>cujus</strong></span> <span class='ocrx_word' id='word_1_304' title='bbox 1436 3719 1595 3779; x_wconf 76' lang='lat' dir='ltr'><strong>apem</strong></span> <span class='ocrx_word' id='word_1_305' title='bbox 1617 3699 1824 3761; x_wconf 82' lang='lat' dir='ltr'><strong>fecerat</strong></span> <span class='ocrx_word' id='word_1_306' title='bbox 1844 3705 2143 3761; x_wconf 82' lang='lat' dir='ltr'><strong>Burmanni</strong></span> <span class='ocrx_word' id='word_1_307' title='bbox 2170 3701 2241 3758; x_wconf 90' lang='lat' dir='ltr'><strong>de</strong></span> <span class='ocrx_word' id='word_1_308' title='bbox 2262 3700 2601 3758; x_wconf 76' lang='lat' dir='ltr'><strong>Gibsoniana</strong></span> <span class='ocrx_word' id='word_1_309' title='bbox 2625 3698 2875 3756; x_wconf 79' lang='lat' dir='ltr'><strong>editione</strong></span> 
     </span>
     <span class='ocr_line' id='line_1_36' title="bbox 838 3791 2872 3876; baseline -0.003 -24"><span class='ocrx_word' id='word_1_310' title='bbox 838 3797 1127 3876; x_wconf 82' lang='lat' dir='ltr'><strong>judicium.</strong></span> <span class='ocrx_word' id='word_1_311' title='bbox 1170 3799 1269 3851; x_wconf 88' lang='lat' dir='ltr'><strong>Est</strong></span> <span class='ocrx_word' id='word_1_312' title='bbox 1307 3796 1476 3872; x_wconf 77' lang='lat' dir='ltr'><strong>igitur</strong></span> <span class='ocrx_word' id='word_1_313' title='bbox 1511 3794 1786 3872; x_wconf 80' lang='lat' dir='ltr'><strong>optabile,</strong></span> <span class='ocrx_word' id='word_1_314' title='bbox 1831 3805 1894 3850; x_wconf 89' lang='lat' dir='ltr'><strong>ut</strong></span> <span class='ocrx_word' id='word_1_315' title='bbox 1929 3794 2116 3851; x_wconf 79' lang='lat' dir='ltr'><strong>denuo</strong></span> <span class='ocrx_word' id='word_1_316' title='bbox 2156 3793 2262 3853; x_wconf 87' lang='lat' dir='ltr'><strong>sibi</strong></span> <span class='ocrx_word' id='word_1_317' title='bbox 2303 3804 2485 3850; x_wconf 83' lang='lat' dir='ltr'><strong>sumat</strong></span> <span class='ocrx_word' id='word_1_318' title='bbox 2518 3791 2628 3848; x_wconf 87' lang='lat' dir='ltr'><strong>hoc</strong></span> <span class='ocrx_word' id='word_1_319' title='bbox 2661 3793 2872 3867; x_wconf 79' lang='lat' dir='ltr'><strong>negotii</strong></span> 
     </span>
     <span class='ocr_line' id='line_1_37' title="bbox 845 3887 2873 3967; baseline -0.004 -21"><span class='ocrx_word' id='word_1_320' title='bbox 845 3891 1045 3967; x_wconf 84' lang='lat' dir='ltr'><strong>aliquis</strong></span> <span class='ocrx_word' id='word_1_321' title='bbox 1065 3909 1097 3943; x_wconf 88' lang='lat' dir='ltr'><strong>e</strong></span> <span class='ocrx_word' id='word_1_322' title='bbox 1117 3889 1297 3945; x_wconf 85' lang='lat' dir='ltr'><strong>doctis</strong></span> <span class='ocrx_word' id='word_1_323' title='bbox 1322 3887 1808 3949; x_wconf 85' lang='lat' dir='ltr'><strong>celeberrimarum</strong></span> <span class='ocrx_word' id='word_1_324' title='bbox 1831 3891 2256 3946; x_wconf 83' lang='lat' dir='ltr'><strong>universitatum</strong></span> <span class='ocrx_word' id='word_1_325' title='bbox 2279 3888 2576 3964; x_wconf 82' lang='lat' dir='ltr'><strong>(quoniam</strong></span> <span class='ocrx_word' id='word_1_326' title='bbox 2596 3890 2873 3941; x_wconf 83' lang='lat' dir='ltr'><strong>Joannen-</strong></span> 
     </span>
     <span class='ocr_line' id='line_1_38' title="bbox 844 3976 2873 4060; baseline -0.004 -21"><span class='ocrx_word' id='word_1_327' title='bbox 844 3987 918 4039; x_wconf 79' lang='lat' dir='ltr'><strong>sis</strong></span> <span class='ocrx_word' id='word_1_328' title='bbox 944 3996 1027 4039; x_wconf 86' lang='lat' dir='ltr'><strong>est</strong></span> <span class='ocrx_word' id='word_1_329' title='bbox 1052 3980 1268 4059; x_wconf 76' lang='lat' dir='ltr'><strong>collegii</strong></span> <span class='ocrx_word' id='word_1_330' title='bbox 1291 3981 1793 4060; x_wconf 74' lang='lat' dir='ltr'><strong>cantabrigiensis)</strong></span> <span class='ocrx_word' id='word_1_331' title='bbox 1820 3984 1955 4038; x_wconf 75' lang='lat' dir='ltr'><strong>viris</strong></span> <span class='ocrx_word' id='word_1_332' title='bbox 1971 4023 1989 4052; x_wconf 91' lang='lat'>,</span> <span class='ocrx_word' id='word_1_333' title='bbox 2016 3985 2113 4059; x_wconf 83' lang='lat' dir='ltr'><strong>qui</strong></span> <span class='ocrx_word' id='word_1_334' title='bbox 2140 3981 2457 4058; x_wconf 74' lang='lat' dir='ltr'><strong>diligentius</strong></span> <span class='ocrx_word' id='word_1_335' title='bbox 2481 3976 2731 4037; x_wconf 83' lang='lat' dir='ltr'><strong>conferat</strong></span> <span class='ocrx_word' id='word_1_336' title='bbox 2758 3987 2873 4032; x_wconf 82' lang='lat' dir='ltr'><strong>tres</strong></span> 
     </span>
     <span class='ocr_line' id='line_1_39' title="bbox 842 4071 2872 4157; baseline -0.003 -23"><span class='ocrx_word' id='word_1_337' title='bbox 842 4076 1074 4134; x_wconf 72' lang='lat' dir='ltr'><strong>codices</strong></span> <span class='ocrx_word' id='word_1_338' title='bbox 1088 4075 1455 4136; x_wconf 77' lang='lat' dir='ltr'><strong>Gibsonianos</strong></span> <span class='ocrx_word' id='word_1_339' title='bbox 1480 4075 1755 4157; x_wconf 74' lang='lat' dir='ltr'><strong>simulque</strong></span> <span class='ocrx_word' id='word_1_340' title='bbox 1775 4075 2077 4135; x_wconf 76' lang='lat' dir='ltr'><strong>editionem</strong></span> <span class='ocrx_word' id='word_1_341' title='bbox 2094 4074 2471 4143; x_wconf 78' lang='lat' dir='ltr'><strong>Andreanam,</strong></span> <span class='ocrx_word' id='word_1_342' title='bbox 2484 4071 2555 4129; x_wconf 83' lang='lat' dir='ltr'><strong>de</strong></span> <span class='ocrx_word' id='word_1_343' title='bbox 2574 4090 2684 4152; x_wconf 77' lang='lat' dir='ltr'><strong>qua</strong></span> <span class='ocrx_word' id='word_1_344' title='bbox 2701 4087 2872 4151; x_wconf 77' lang='lat' dir='ltr'><strong>supra</strong></span> 
     </span>
    </p>
   </div>
   <div class='ocr_carea' id='block_1_8' title="bbox 3180 1354 3187 2112">
    <p class='ocr_par' dir='ltr' id='par_1_13' title="bbox 3180 1354 3187 2112">
     <span class='ocr_line' id='line_1_40' title="bbox 3180 1354 3187 2112; baseline 0 0"><span class='ocrx_word' id='word_1_345' title='bbox 3180 1354 3187 2112; x_wconf 95' lang='lat' dir='ltr'><strong> </strong></span> 
     </span>
    </p>
   </div>
   <div class='ocr_carea' id='block_1_9' title="bbox 3181 2467 3187 3310">
    <p class='ocr_par' dir='ltr' id='par_1_14' title="bbox 3181 2467 3187 3310">
     <span class='ocr_line' id='line_1_41' title="bbox 3181 2467 3187 3310; baseline 0 0"><span class='ocrx_word' id='word_1_346' title='bbox 3181 2467 3187 3310; x_wconf 95' lang='lat' dir='ltr'><strong> </strong></span> 
     </span>
    </p>
   </div>
  </div>
 </body>
</html>
