3200 5150
598 465 1249 581 msT1Tur1oms
1286 508 1540 578 onAT.
1580 510 2126 579 PROOEMmM.
2320 517 2395 596 41

322 656 531 709 erunt
568 636 813 709 eadem
857 633 1125 735 aliqua,
1170 634 1391 708 multa
1426 657 1727 727 mutata,
1766 637 2070 737 plurima
2104 637 2405 740 adjecta,

327 750 568 822 omnia
599 777 760 823 vero
798 748 1361 850 compositiora¹,
1404 771 1506 838 et,
1548 776 1763 849 quam
1812 777 1938 823 nos
1986 750 2407 851 poterimus,

326 859 692 936 elaborata.
709 864 1076 936 Oratorem
1094 882 1327 935 autem
1343 860 1764 936 instituimus
1780 863 1979 936 illum
1997 867 2408 964 perfectum,
2477 882 2515 934 9

326 977 447 1075 qui
473 1004 616 1050 esse
645 976 776 1050 nisi
798 976 901 1049 vir
920 975 1155 1049 bonus
1184 1002 1328 1049 non
1357 998 1595 1076 potest.
1630 977 1936 1078 Ideoque
1965 1005 2108 1050 non
2135 978 2411 1050 dicendi

328 1090 542 1163 modo
574 1090 898 1165 eximiam
932 1090 1006 1163 in
1037 1117 1118 1164 eo
1150 1090 1549 1164 facultatem
1569 1147 1589 1180 ,
1623 1091 1742 1165 sed
1771 1119 2014 1165 omnes
2043 1092 2263 1165 animi
2285 1095 2412 1164 vir·

326 1224 502 1278 tutes
525 1205 883 1306 exigimus.
909 1207 1152 1305 Neque
1181 1206 1371 1278 enim
1395 1205 1529 1278 hoc
1558 1206 2013 1279 concesserim
2030 1263 2049 1295 ‚
2075 1208 2410 1280 rationem
2454 1245 2517 1281 10

327 1340 524 1393 rectae
553 1319 996 1420 honestaeque
1027 1318 1319 1415 vitae(i1t
1344 1321 1634 1421 quidam
1663 1324 2113 1422 putaverunt)
2146 1323 2233 1395 ad
2260 1322 2418 1423 phi-

326 1433 652 1536 losophos
680 1434 1163 1534 relegandam:
1197 1462 1421 1535 quum
1450 1436 1552 1508 vir
1581 1435 1697 1509 ille
1730 1462 1886 1510 vere
1915 1436 2160 1528 civilis,
2188 1460 2256 1511 et
2286 1465 2420 1539 pu-

329 1549 671 1623 blicarum
705 1550 1265 1650 privatarumque
1295 1576 1527 1622 rerum
1552 1549 2127 1624 administrationi
2149 1578 2415 1625 accom-

328 1664 687 1757 modatus,
717 1664 840 1765 qui
886 1690 1118 1764 regere
1159 1664 1457 1738 consiliis
1490 1665 1735 1754 urbes,
1776 1665 2072 1738 fundare
2108 1666 2413 1765 legibus,

329 1779 704 1852 emendare
732 1778 1015 1880 judiciis
1053 1779 1299 1879 possit,
1334 1806 1479 1851 non
1509 1778 1685 1852 alius
1715 1779 1800 1852 sit
1825 1780 2131 1880 profecto
2149 1835 2169 1870 ,
2198 1806 2413 1879 quam

334 1914 576 1967 orator.
615 1895 891 1985 Quare,
923 1892 1195 1967 tametsi
1229 1920 1343 1967 me
1373 1894 1594 1967 fateor
1624 1920 1918 1966 usurum
1951 1894 2370 1993 quibusdam
2396 1954 2415 1986 ‚
2460 1929 2514 1965 ιι

332 2036 488 2109 quae
521 2007 1100 2109 philosophorum
1134 2006 1326 2081 libris
1359 2007 1833 2098 continentur,
1875 2030 2110 2082 tamen
2145 2037 2227 2082 ea
2256 2009 2417 2113 jure

329 2151 627 2225 vereque
661 2123 1137 2198 contenderim
1172 2150 1314 2198 esse
1350 2125 1572 2225 operis
1605 2124 1853 2215 nostri,
1888 2126 2300 2226 proprieque
2329 2126 2418 2198 ad

328 2261 548 2313 artem
596 2239 962 2313 oratoriam
1013 2239 1377 2339 pertinere.
1430 2242 1581 2330 An,
1632 2240 1688 2312 si
1731 2240 2284 2340 frequentissime
2330 2240 2415 2314 de
2458 2271 2519 2308 η

321 2355 618 2457 justitia,
652 2354 1087 2447 fortitudine,
1120 2355 1608 2456 temperantia,
1647 2356 2041 2457 caeterisque
2075 2355 2419 2429 similibus

331 2471 418 2543 sit
445 2469 922 2542 disserendum
942 2526 961 2561 ,
997 2489 1065 2542 et
1096 2469 1267 2543 adeo
1285 2527 1305 2560 ,
1340 2491 1419 2543 nt
1443 2470 1552 2543 vix
1584 2469 1729 2543 ulla
1758 2471 1967 2570 possit
1997 2497 2202 2544 causa
2230 2498 2420 2572 repe·

334 2585 481 2677 riri,
513 2584 583 2657 in
610 2612 825 2684 quam
850 2598 879 2631 ²
905 2611 1049 2657 non
1075 2584 1307 2686 aliqua
1328 2585 1612 2685 quaestio
1642 2612 1723 2658 ex
1750 2586 1856 2658 his
1880 2585 2168 2677 incidat,
2196 2612 2416 2685 eaque

333 2701 574 2772 omnia
597 2699 992 2773 inventione
1019 2721 1226 2800 atque
1254 2699 1643 2774 elocutione
1666 2700 1803 2773 sint
1824 2699 2264 2800 explicanda:
2293 2700 2418 2771 du·
2508 2751 2534 2808 3

333 2815 685 2905 bitabitur,
719 2814 1122 2914 ubicunque
1150 2814 1247 2887 vis
1272 2814 1534 2915 ingenii
1568 2836 1635 2889 et
1667 2815 1863 2915 copia
1887 2814 2162 2889 dicendi
2189 2837 2417 2915 postu-

334 2928 537 3021 latur,
583 2927 679 3000 ibi
722 2949 944 3028 partes
989 2929 1269 3002 oratoris
1315 2956 1458 3003 esse
1503 2929 1926 3029 praecipuas?
1968 2932 2415 3030 Fueruntque
2463 2948 2523 3001 13

333 3044 519 3134 haec,
559 3065 636 3116 ut
675 3043 919 3152 Cicero
948 3041 978 3086 ³
1008 3043 1431 3143 apertissime
1478 3042 1772 3144 colligit,
1812 3042 2415 3143 quemadmodum

326 3159 589 3261 juncta
619 3181 905 3248 natura,
951 3157 1045 3231 sic
1090 3157 1324 3231 officio
1364 3185 1646 3258 quoque
1689 3158 2044 3257 copulata,
2083 3179 2160 3230 ut
2202 3157 2416 3231 iidem

333 3276 671 3375 sapientes
694 3296 899 3375 atque
930 3274 1330 3373 eloquentes
1357 3273 1799 3345 haberentur.
1835 3270 2048 3344 Scidit
2075 3271 2324 3344 deinde
2348 3299 2418 3344 se

335 3390 679 3479 studium,
707 3411 912 3490 atque
937 3389 1183 3461 inertia
1204 3386 1236 3451 4
1257 3389 1520 3461 factum
1546 3409 1679 3479 est,
1708 3408 1786 3459 ut
1812 3407 1984 3460 artes
2012 3413 2155 3460 esse
2189 3385 2419 3485 plures

335 3502 791 3577 viderentur5.
807 3505 987 3576 Nam
1002 3524 1078 3575 ut
1091 3502 1402 3603 primum
1418 3502 1662 3602 lingua
1675 3528 1818 3574 esse
1829 3500 2032 3601 coepit
2045 3501 2116 3572 in
2128 3522 2387 3599 quaestu
2398 3559 2419 3592 ,

416 3699 460 3735 t.
512 3682 895 3753 compositiora.
942 3683 1040 3734 nic
1086 3681 1153 3733 dc
1203 3680 1294 3735 illa
1317 3719 1336 3749 ‚
1424 3679 1543 3734 edd.
1562 3698 1785 3753 quarum
1800 3694 1879 3733 est
1893 3694 1945 3732 et
1957 3682 2115 3734 Rusc.
2137 3692 2424 3751 postquam

340 3778 498 3831 quarn
539 3773 660 3831 post
700 3760 811 3813 haec
848 3760 1105 3813 tractabit
1127 3760 1197 3831 (Ι.
1232 3762 1335 3827 IX,
1422 3759 1678 3813 Locatelli
1702 3759 1833 3829 1493
1853 3773 1994 3811 recte
2011 3756 2229 3810 dederat
2242 3776 2418 3832 quam.

338 3857 384 3892 c.
425 3837 520 3909 4),
555 3840 949 3910 compositione,
989 3858 1082 3891 seu
1114 3857 1334 3891 numero
1495 3840 1545 3892 3.
1575 3839 1762 3892 Cicero.
1789 3841 1870 3891 De
1891 3841 2142 3902 Oratore,
2169 3834 2306 3886 libro
2327 3837 2420 3900 ln,

341 3919 590 3983 oratorio,
602 3935 712 3969 non
726 3931 803 3969 est
819 3917 1173 3988 cogitandum.
1191 3921 1337 3971 Com·
1423 3921 1596 3990 capite
1629 3917 1707 3969 15.

335 3997 582 4071 positiora
619 4010 742 4049 sunt
775 4000 939 4066 magis
977 3997 1215 4050 ordinata
1232 4036 1248 4064 ‚
1280 4001 1336 4052 in
1495 3997 1545 4063 4.
1566 3994 2031 4067 Inertiafactum...
2048 4002 2264 4046 utar-tes.
2280 3994 2423 4046 Con-

340 4095 500 4129 unam
522 4086 832 4148 compagem
856 4078 1150 4128 commissa.
1425 4074 1564 4126 sulto
1580 4094 1707 4126 sane
1722 4074 1846 4125 lusit
1861 4076 1916 4125 in
1935 4072 2035 4124 hac
2056 4071 2416 4124 alliteratione.

416 4175 462 4210 2.
479 4157 545 4207 In
562 4175 736 4228 quam.
753 4154 912 4208 Goth.
924 4193 944 4220 ,
957 4169 1162 4221 uon,nt
1175 4155 1333 4209 Gesn.
1495 4152 1545 4205 5.
1587 4154 1642 4207 V
1637 4152 1911 4204 iderentur.
1948 4151 2261 4203 ,radicentur
2295 4169 2418 4202 cum

340 4237 445 4302 ait,
479 4252 596 4309 quoe
611 4272 631 4302 ,
670 4233 763 4289 sed
797 4252 902 4309 qua
915 4271 935 4303 ‚
973 4250 1095 4286 cum
1135 4233 1338 4306 aliquot
1422 4231 1582 4287 Goth.
1605 4245 1658 4285 et
1676 4231 1873 4285 Bodlei.
1895 4233 2052 4284 etiam
2066 4230 2238 4284 Guelf.
2265 4230 2419 4282 male.
