3200 5150
836 517 921 600 84

1404 512 1499 576 Μ.
1538 511 1765 576 FABII
1804 511 2364 595 QUINTILIANI

758 661 795 715 9
831 638 1039 738 plane
1061 661 1290 735 neque
1313 634 1347 704 Ῑ
1368 647 1386 678 ¹
1424 633 1735 706 auditur:
1762 661 1852 706 an
1883 640 2117 707 rursus
2136 635 2284 708 aliae
2312 633 2703 708 redundent
2727 637 2935 736 (prae-

829 774 934 827 ter
968 751 1211 824 illam²
1248 748 1679 849 aspirationis
1723 748 2053 839 notam-²¹,
2088 776 2244 849 quae
2285 750 2342 822 si
2378 751 2759 823 necessaria
2790 773 2889 825 est
2910 808 2931 841 ‚

827 1000 968 1051 tem,
997 984 1340 1058 quamobrem
1370 984 1476 1036 hoe
1502 985 1836 1056 potissimum

827 1063 1069 1134 exemplo
1088 1079 1281 1114 usurus
1305 1063 1469 1114 fuisse
1492 1066 1575 1114 vix
1598 1062 1838 1115 videatur

829 1140 1202 1212 Quintilianus).
1252 1138 1712 1212 Aequiescendum
1756 1154 1837 1193 ta·-

826 1239 951 1273 men
982 1233 1231 1290 recepta;
1262 1238 1383 1271 nam
1412 1237 1441 1270 e
1467 1218 1681 1290 vulgata
1714 1221 1836 1290 qui-

827 1299 981 1363 dem,
1022 1300 1110 1369 qni
1148 1314 1333 1350 sensus
1375 1301 1547 1371 possit
1583 1297 1835 1365 extundi,

826 1377 985 1450 plane
1009 1395 1119 1429 non
1138 1375 1307 1429 video.
1325 1379 1469 1429 -R.
1500 1395 1518 1429 1
1536 1416 1553 1443 ‚
1579 1378 1829 1449 opimum.

824 1457 887 1508 R.
935 1472 963 1507 α
1005 1469 1057 1506 et
1092 1456 1281 1523 cim„
1320 1455 1593 1527 optimum.
1634 1457 1725 1507 En.
1764 1483 1836 1495 --

825 1535 1006 1588 Non..
1034 1536 1103 1586 sic
1126 1535 1379 1607 optimum
1407 1534 1626 1585 dicimus
1647 1544 1707 1585 ut
1729 1533 1836 1606 opi-

824 1632 991 1664 mum.
1022 1616 1143 1666 Non
1179 1628 1285 1665 tam
1319 1630 1561 1704 expresse
1593 1630 1834 1683 pronun·x

824 1695 1025 1745 ciamus
1046 1692 1311 1743 litteram
1293 1711 1306 1741 ι
1328 1694 1382 1743 in
1400 1709 1530 1743 voce
1547 1690 1830 1763 optimum,

827 1790 987 1843 quam
1014 1773 1069 1823 in
1098 1771 1364 1842 opimum,
1402 1769 1495 1821 sed
1524 1769 1834 1836 obscurius,

824 1864 885 1901 ut
898 1849 1137 1902 videatur
1149 1849 1258 1901 fere
1274 1847 1442 1900 audiri
1458 1868 1488 1898 u
1502 1885 1520 1912 ,
1539 1859 1830 1920 optumum.

905 1947 947 1981 1.
975 1930 1047 1980 Et
1065 1930 1119 1980 ἰη
1140 1929 1276 1979 Here
1290 1946 1456 2000 neque
1474 1928 1576 1979 E...
1599 1946 1765 2001 neque
1786 1928 1833 1979 I.

824 2009 1131 2079 Praepositio
1162 2005 1215 2056 in
1248 2005 1432 2058 abesse
1464 2004 1677 2076 quidem
1699 2004 1839 2057 vide-

825 2099 913 2140 tur
949 2087 1016 2139 ab
1054 2086 1301 2139 omnibus
1333 2085 1501 2138 Codd.
1537 2084 1631 2157 (ut
1659 2086 1832 2138 Guelf.

826 2182 881 2223 et
899 2167 1082 2233 Goth„
1100 2180 1203 2218 tac.
1220 2166 1478 2237 Gesn.)ut
1499 2179 1550 2217 et
1567 2179 1693 2218 vett.
1712 2165 1831 2218 edd.

825 2249 1191 2302 Necessariam
1206 2240 1381 2298 tamen
1396 2246 1506 2299 fere
1517 2245 1706 2298 dixeris
1724 2264 1837 2297 sen·

827 2331 1019 2381 tentiae.
1054 2357 1122 2397 3-
1144 2327 1217 2378 Et
1247 2328 1302 2378 in
1338 2326 1489 2377 Here.
1530 2327 1834 2397 Praepositio

826 2407 883 2458 in
909 2405 1059 2458 deest
1079 2408 1134 2458 in
1160 2404 1404 2457 omnibus
1428 2402 1594 2457 Codd.
1623 2406 1833 2457 nostris.

827 2488 963 2539 Dein
991 2486 1121 2536 Heri
1144 2503 1243 2557 pro
1273 2484 1410 2537 Here
1436 2482 1603 2537 Codd.
1631 2487 1736 2537 RR.
1769 2486 1836 2551 3,

836 2583 857 2619 1
880 2604 897 2633 ,
926 2584 956 2617 a
986 2583 1090 2617 sec.
1122 2584 1260 2616 man.
1287 2566 1378 2617 En.
1405 2593 1475 2605 -—
1498 2564 1570 2618 Et
1598 2563 1651 2614 in
1681 2562 1833 2616 Here.

828 2648 965 2699 Hinc
994 2658 1239 2716 apparet,
1269 2639 1540 2714 quomodo
1568 2645 1741 2714 poetis
1771 2643 1836 2695 li-

828 2728 997 2778 cuerit
1020 2723 1331 2776 alterutrum
1359 2742 1456 2795 pro
1487 2741 1580 2775 sua
1611 2721 1835 2774 utilitate

828 2820 1050 2876 ponere.
1078 2804 1322 2853 Priscian.
1341 2839 1357 2868 ‚
1379 2822 1433 2873 p.
1473 2819 1562 2853 rot
1580 2819 1598 2853 1
1624 2823 1636 2852 ε
1672 2823 1694 2845 κ
1714 2800 1839 2852 dici-

835 2895 968 2933 «tur
1003 2895 1055 2934 et
1090 2880 1232 2934 here.
1276 2879 1542 2933 Juvenalis
1579 2883 1634 2932 in
1667 2882 1689 2930 l
1723 2879 1839 2950 (est

832 2975 1007 3014 autem
1029 2975 1123 3013 sat.
1147 2961 1233 3029 ΠΙ,
1256 2959 1376 3034 23):
1411 2985 1432 3007 κ
1452 2964 1554 3013 Res
1571 2958 1734 3011 hodie
1749 2962 1840 3013 mi-

835 3061 862 3087 α
880 3058 982 3092 nor
998 3053 1077 3092 est
1097 3038 1214 3092 here
1232 3059 1390 3111 quam
1409 3041 1523 3092 fuit.
1542 3063 1564 3086 ι
1588 3040 1836 3090 Horatius

829 3121 889 3173 in
924 3120 971 3170 11
1001 3120 1107 3173 Ser.
1147 3118 1379 3190 (sat.11‚
1415 3120 1478 3184 8,
1514 3117 1580 3190 2)
1623 3116 1837 3172 «dictus

835 3220 863 3244 α
885 3196 1001 3249 here
1036 3197 1158 3249 illic.
1181 3222 1203 3246 a
1241 3200 1425 3270 Neque
1462 3211 1638 3249 tamen
1669 3198 1839 3248 Hora-

831 3277 939 3330 tius
954 3280 1105 3328 metri
1124 3279 1435 3329 necessitate
1450 3288 1685 3327 coactus.
1707 3274 1839 3328 Cha-

831 3357 987 3407 risius
1012 3357 1175 3407 lustit.
1196 3354 1425 3406 Gramm.
1440 3392 1457 3419 ‚
1479 3371 1599 3425 pag.
1622 3350 1834 3404 Putsch.

840 3435 941 3487 180
963 3457 975 3485 ε
1032 3456 1053 3479 α
1072 3432 1299 3502 Quidam
1342 3432 1467 3484 here
1508 3444 1698 3503 putant
1734 3430 1839 3483 dici

839 3533 866 3559 α
885 3512 1110 3578 debere,
1140 3510 1423 3583 quamdiu,
1461 3510 1574 3562 heri
1608 3509 1835 3580 quando.

840 3613 867 3636 α
886 3591 1132 3643 Afranius
1169 3603 1345 3640 tamen
1376 3591 1430 3640 in
1458 3589 1801 3658 Emancipato
1821 3626 1839 3653 ,

843 3691 869 3714 α
888 3668 1049 3738 Quod
1082 3667 1192 3718 heri
1224 3666 1291 3737 (i.
1320 3687 1365 3718 e.
1402 3685 1496 3736 per
1523 3678 1694 3716 totum
1723 3662 1842 3716 hes-

836 3759 1044 3799 ternum
1081 3745 1252 3810 diem,
1291 3745 1507 3795 notione
1549 3741 1840 3820 quamdiu)

843 3828 1088 3896 «inquit,
1135 3823 1353 3875 obstitit.
1376 3848 1397 3869 n
1456 3822 1513 3873 ld
1558 3822 1839 3874 discrimen

839 3906 1230 3976 significationis
1255 3921 1426 3973 neque
1455 3920 1485 3952 a
1511 3899 1837 3970 Quintiliano

839 3988 1069 4056 agnitum
1094 3984 1288 4045 fuisse,
1320 3995 1500 4032 nostro
1526 3979 1647 4030 loco
1673 3997 1839 4051 appa-

836 4077 930 4114 ret.
947 4065 1189 4115 Fortasse.
1210 4059 1389 4112 similis
1410 4059 1526 4111 soni
1545 4058 1837 4111 obscuritas

834 4143 964 4192 fuit’
950 4161 1003 4193 m
1021 4140 1153 4204 ruri,
1170 4139 1311 4191 unde
1332 4137 1601 4206 Horatius.
1625 4155 1709 4187 me
1724 4154 1837 4187 rure

835 4223 1088 4275 futurum.
1111 4221 1275 4291 Epist.
1295 4219 1345 4282 Ι,
1365 4235 1417 4289 7,
1444 4234 1486 4269 1.
1502 4199 1582 4268 De
1597 4214 1832 4267 herevid.

1927 985 2084 1037 etiam
2118 984 2334 1049 Nostin,
2366 999 2413 1035 c.
2455 1002 2505 1056 7,
2541 1000 2639 1048 υ,
2671 1001 2777 1055 quo
2810 983 2932 1037 loco

1928 1076 2146 1136 apparet
2179 1062 2474 1114 obsoletam
2511 1063 2673 1115 fuisse
2707 1064 2930 1136 scriptu-

1927 1160 2037 1193 ram
2067 1141 2192 1191 heri.

2000 1238 2048 1273 α.
2076 1220 2272 1271 Proeter
2296 1218 2501 1271 illam...
2525 1219 2706 1291 poscit.
2729 1219 2932 1271 tutelli-

1923 1303 1998 1371 git
2019 1300 2244 1352 litteram
2264 1302 2312 1351 H
2329 1299 2453 1370 (vid.
2477 1313 2587 1352 not.
2614 1300 2750 1371 seq.)
2771 1319 2930 1370 quam

1925 1381 2271 1431 necessariam
2294 1391 2482 1448 negat,
2510 1396 2672 1448 quum
2697 1380 2763 1429 sit
2785 1396 2933 1431 mera

1925 1461 2173 1530 aspiratio
2190 1496 2208 1525 ‚
2233 1476 2345 1529 quae
2376 1470 2502 1510 nota
2530 1475 2640 1510 non
2664 1459 2827 1527 magis
2851 1458 2934 1509 in·-

1924 1536 2130 1608 «figeac,
2158 1555 2313 1607 quam
2341 1536 2547 1608 spiritus
2570 1534 2730 1596 Ιεηίες
2755 1554 2933 1607 neque

1926 1629 2103 1669 tamen
2123 1615 2283 1687 hujus
2308 1616 2516 1684 signum
2535 1632 2651 1666 esse
2671 1613 2816 1684 apud
2838 1617 2934 1667 La-

1925 1695 2081 1745 tinos.
2107 1695 2364 1746 Nimirum
2387 1705 2588 1744 veteres
2604 1731 2621 1757 ,
2646 1710 2810 1763 quum
2831 1692 2934 1765 syl-

1924 1771 2096 1824 labam
2117 1791 2148 1824 a
2165 1771 2337 1825 vocali
2359 1769 2717 1837 ordiebantur,
2738 1774 2934 1824 sentie-

1925 1851 2054 1903 bant
2073 1852 2314 1923 spiritum
2334 1850 2563 1922 aliquem
2583 1852 2835 1903 anteverti
2858 1851 2938 1903 illi

1924 1931 2127 1998 vocali,
2156 1935 2247 2003 qui
2275 1946 2367 1984 aut
2395 1950 2550 2002 asper
2575 1945 2711 1984 esset
2739 1944 2828 1984 aut
2860 1931 2935 1983 le-

1925 2015 2023 2067 nis.
2048 2014 2217 2065 Tenet
2238 2015 2399 2081 igitur
2421 2011 2778 2080 Quintilianus
2792 2050 2809 2077 ‚
2839 2025 2934 2063 aut

1925 2094 2199 2162 utriusque
2232 2094 2440 2162 signum
2472 2092 2636 2144 fuisse
2667 2090 2935 2162 adoptan-

1925 2170 2050 2222 dum
2066 2208 2084 2236 ‚
2117 2183 2208 2221 aut
2235 2172 2511 2240 utriusque
2539 2169 2930 2241 negligendum.

1923 2249 2089 2302 Graeci
2119 2251 2223 2320 ipsi
2250 2251 2446 2320 pariter
2473 2268 2595 2301 cum
2623 2249 2931 2302 accentibus

1924 2327 2239 2398 ignorabant
2257 2330 2470 2400 spiritus
2489 2331 2543 2381 in
2564 2328 2868 2395 scribendo,
2883 2343 2936 2383 et

1924 2405 2019 2458 ubi
2037 2405 2275 2458 oblatum
2295 2421 2430 2459 esset
2445 2427 2493 2458 v.
2515 2425 2562 2459 c.
2584 2409 2800 2473 0100,
2817 2408 2937 2459 sola

1927 2487 2179 2538 orationis
2214 2489 2346 2538 serie
2372 2485 2684 2583 judicabant
2700 2524 2716 2552 ,
2753 2500 2936 2539 utntm
3003 2498 3014 2505 “

1925 2564 2388 2638 pronunciandum
2406 2579 2571 2632 esset,
2592 2557 2706 2628 οἷος,
2726 2583 2795 2618 an
2814 2557 2904 2623 οἷος
2920 2604 2940 2632 ‚

1927 2664 1995 2697 an
2019 2639 2121 2701 oio‘c.
2171 2695 2178 2704 ,

1998 2723 2048 2775 3.
2078 2722 2420 2796 Aspimtiom’s
2450 2735 2685 2777 notam...
2719 2737 2934 2778 contra—

1927 2802 2058 2853 riam
2081 2803 2173 2854 sibi
2191 2804 2369 2875 poscit.
2396 2803 2541 2857 Nihil
2564 2806 2748 2856 attinet
2771 2804 2938 2875 pluri·

1928 2898 2038 2932 mas
2079 2880 2166 2932 hic
2202 2900 2492 2934 memorare
2528 2881 2695 2934 Codd.
2735 2882 2936 2935 discre-

1927 2960 2166 3030 pantiae,
2195 2958 2287 3012 sed
2316 2959 2612 3012 monendus
2642 2972 2720 3012 est
2743 2960 2936 3026 lector,

1926 3049 2048 3108 post
2069 3048 2246 3110 notam
2267 3056 2380 3092 esse
2401 3040 2653 3089 omissum
2673 3056 2702 3089 a
2723 3056 2805 3089 me
2825 3037 2933 3089 hoc

1927 3118 2133 3187 signum
2147 3118 2206 3181 1«,
2227 3129 2285 3167 ut
2298 3130 2422 3190 post
2433 3117 2608 3187 posuit
2619 3117 2845 3169 alterum
2863 3119 2909 3169 —1
2919 3154 2938 3182 ,

1928 3213 2042 3267 quae
2075 3208 2199 3248 sunt
2231 3193 2373 3266 apud
2403 3195 2695 3247 Gesnerum
2729 3209 2779 3248 et
2813 3195 2949 3267 ple-¹

1926 3293 2121 3344 rosque
2159 3272 2385 3326 editores
2423 3291 2452 3324 a
2495 3273 2934 3345 septimodecimo

1927 3352 2049 3405 inde
2069 3351 2277 3404 saeculo.
2294 3354 2482 3423 Neque
2497 3353 2689 3405 absunt
2705 3372 2776 3405 eae
2792 3366 2935 3406 notae

1929 3429 1995 3482 ab
2018 3429 2262 3482 omnibus
2277 3431 2466 3496 Codd.,
2481 3434 2582 3484 etsi
2598 3449 2626 3482 a
2645 3431 2938 3504 plerisque,

1928 3521 1988 3560 ut
2011 3527 2040 3560 a
2059 3509 2231 3562 Guelf.
2258 3513 2382 3564 Non
2400 3525 2578 3564 autem
2596 3530 2933 3583 supervacue

1929 3586 2102 3640 solum
2140 3602 2260 3640 sunt
2276 3627 2293 3655 ,
2330 3589 2423 3641 sed
2464 3587 2678 3642 turbant
2715 3608 2934 3661 prorsus

1927 3666 2121 3717 locum.
2153 3666 2207 3718 Si
2229 3685 2315 3719 eas
2339 3669 2516 3738 posuit
2540 3667 2900 3735 Quintilianus
2916 3707 2950 3736 ,ὁ

1927 3750 2164 3818 sequitur
2186 3749 2299 3817 ejus
2325 3758 2559 3817 tempore
2581 3749 2636 3798 in
2667 3746 2938 3817 quotidia-

1925 3843 1996 3877 no
2026 3844 2126 3877 usu
2155 3826 2316 3877 fuisse
2343 3839 2522 3877 notam
2551 3826 2609 3890 1«,
2637 3824 2781 3896 quod
2812 3828 2932 3896 quis

1927 3915 2037 3966 est,
2068 3905 2157 3973 qui
2188 3901 2474 3954 defendat?
2503 3905 2640 3955 Nam
2672 3906 2716 3955 si
2747 3906 2934 3974 quaerit

1925 3982 2325 4072 grammaticus,
2349 3999 2416 4032 an
2443 3979 2700 4033 redundet
2724 3983 2936 4052 aspira-

1925 4061 2082 4111 tionis
2101 4073 2228 4111 nota
2247 4060 2306 4124 1·,
2325 4062 2575 4130 sequitur,
2595 4073 2653 4110 ut
2671 4061 2931 4112 invenerit

1927 4156 2042 4189 eam
2064 4139 2118 4192 in
2142 4136 2440 4209 alphabeto.
2463 4139 2550 4191 Sin
2571 4136 2790 4203 absunt,
2809 4156 2930 4209 quoe

1928 4228 2005 4268 est
2032 4215 2404 4288 plerorumque
2430 4211 2597 4267 Codd.
2633 4217 2893 4286 scriptura
2914 4251 2933 4278 ‚
