3200 5150
854 490 974 571 ι4ε
1408 486 1517 549 Μ.-
1541 484 1768 549 FABn
1807 483 2358 567 Qum‘rmANl

842 610 1012 699 bus»,
1054 636 1269 710 quam
1303 634 1383 681 ex
1406 605 1757 707 particulis
1783 606 1995 678 trium
2029 627 2304 680 coeunt.
2346 608 2691 680 Gaeterum
2722 607 2923 681 etiam

840 752 921 797 ex
952 723 1429 824 praepositione
1462 742 1529 795 et
1564 720 1842 793 duobus
1874 720 2227 793 vocabulis
2255 720 2426 795 dure
2453 722 2721 796 videtur
2753 745 2927 797 stru-

838 842 1009 914 xisse
1042 840 1419 914 Pacuvius:

1997 976 2009 988 .
2018 976 2030 989 .
2036 976 2047 987 .
2057 938 2231 989 .Nerei

1045 1026 1517 1100 Rependirostrum
1535 1027 1576 1092 ¹,
1599 1025 2072 1077 incurvicervicum
2093 1043 2275 1097 pecus.

725 1177 792 1231 68
830 1150 873 1221 J
879 1168 1237 1246 unguntur
1269 1168 1503 1219 autem
1533 1167 1654 1218 aut
1686 1173 1767 1218 ex
1791 1126 2066 1217 duobus
2089 1145 2350 1218 Latinis
2379 1145 2658 1245 integris
2677 1202 2697 1235 ‚
2727 1167 2805 1219 ut
2824 1175 2922 1219 su-

822 1268 1085 1367 perfui,
1115 1263 1494 1363 subterfuqi
1517 1265 1995 1362 (quamquam
2021 1290 2100 1335 ex
2125 1264 2403 1362 integris
2432 1291 2522 1335 an
2551 1264 2924 1362 composita

825 1380 962 1469 sint
978 1436 997 1468 ,
1020 1378 1389 1479 quaeritur.²
1413 1379 1481 1475 );
1514 1398 1635 1449 aut
1657 1405 1738 1449 ex
1762 1378 2027 1477 integro
2055 1398 2121 1452 et
2146 1399 2466 1477 corrupto
2485 1434 2505 1467 ‚
2536 1399 2613 1449 ut
2633 1378 2922 1451 malevo-

826 1495 965 1581 lus;
1007 1515 1127 1566 aut
1163 1521 1244 1566 ex
1280 1514 1603 1591 corrupto
1643 1512 1709 1564 et
1749 1493 2053 1591 integro,
2093 1515 2170 1565 ut
2210 1499 2641 1592 noctivaqus3
2691 1513 2810 1564 aut
2843 1521 2922 1566 ex

821 1609 1097 1682 duobus
1132 1608 1502 1707 corruptis,
1539 1627 1617 1679 ut
1634 1609 2066 1709 pedisequus;
2095 1628 2215 1680 aut
2248 1636 2330 1681 ex
2361 1629 2593 1680 nostro
2622 1626 2688 1678 et
2719 1618 2919 1705 pe're-
3008 1631 3017 1638 ·

818 1724 1017 1824 grino
1036 1780 1056 1812 ‚
1088 1745 1164 1795 ut
1188 1723 1543 1795 biclinium
1561 1720 1632 1810 3;
1666 1742 1786 1794 aut
1809 1743 2045 1794 contra
2062 1779 2081 1812 ,
2112 1743 2190 1795 ut
2212 1729 2585 1825 epitoqium
2603 1719 2658 1809 4,
2689 1743 2758 1793 et
2773 1728 2924 1794 An-

818 1845 1023 1911 ticato
1046 1838 1111 1928 ⁵3
1138 1858 1257 1909 aut
1274 1866 1355 1910 ex
1373 1838 1650 1910 duobus
1676 1837 2053 1937 peregrinis
2070 1893 2089 1928 ‚
2116 1858 2194 1910 ut
2215 1836 2638 1939 epirhedium
2657 1835 2725 1925 ⁶3
2754 1864 2916 1909 nam

816 1982 1042 2053 quum
1086 1953 1171 2025 sit
1214 1953 1601 2053 praepositio
1646 1967 1734 2023 ἐπὶ
1777 1955 2057 2042 Graeca,
2101 1950 2311 2025 rheda
2351 1951 2742 2041 Gallicum;
2791 1979 2918 2024 nec

818 2071 1102 2140 Graecus
1130 2088 1366 2139 tamen
1387 2126 1406 2155 ,
1456 2095 1584 2140 nec
1616 2067 1863 2139 Gallus
1904 2068 2120 2140 utitur
2147 2068 2532 2168 composito
2551 2097 2570 2156 ;
2618 2065 2924 2139 Romani

817 2211 1026 2256 suum
1076 2210 1157 2256 ex
1198 2203 1492 2282 utroque
1534 2181 1762 2254 alieno
1809 2183 2145 2256 fecerunt.
2209 2186 2634 2282 Frequenter
2683 2202 2920 2253 autem

817 2297 1328 2398 praepositiones
1365 2324 1648 2396 quoque
1686 2296 2033 2398 copulatio
2074 2298 2202 2370 ista
2237 2297 2703 2396 corrumpit⁷:
2753 2295 2922 2368 inde

877 2469 920 2502 1.
934 2448 1405 2520 Repandirostrum.
1416 2450 1692 2520 Designari
1707 2452 1819 2520 qui-

813 2530 935 2582 dem
957 2528 1200 2580 videntur
1226 2527 1422 2599 phocoe.
1465 2557 1537 2568 ——
1566 2527 1819 2581 Vocabu-

810 2610 926 2673 lum
948 2608 1400 2659 incurvicervicum
1424 2627 1545 2660 cum
1566 2608 1680 2661 aliis
1699 2611 1817 2680 qui-

810 2687 1039 2740 busdam
1059 2688 1216 2737 etiam
1230 2690 1395 2739 Varro
1415 2705 1479 2738 ex
1497 2686 1688 2739 eodem
1706 2707 1817 2740 me-

810 2779 984 2820 morat
1008 2765 1073 2817 de
1097 2767 1154 2816 L.
1180 2767 1237 2817 L.
1262 2785 1317 2836 p.
1344 2767 1455 2838 Bip.
1475 2770 1540 2819 V.
1567 2767 1815 2837 segregat

813 2849 918 2916 Qu.
953 2845 1057 2896 hoc
1088 2863 1254 2914 genus
1287 2846 1688 2915 compositionis
1722 2848 1815 2896 tri-

811 2928 966 3000 plicis
981 2945 1011 2976 a
1030 2924 1373 2997 praecedenti,
1392 2923 1484 2976 ubi
1498 2927 1650 2977 tertia
1670 2944 1817 2984 comt

812 3009 976 3079 positi
992 3024 1115 3076 pars
1133 3018 1185 3056 et
1202 3007 1317 3076 ipsa
1334 3004 1655 3056 vocabulum
1679 3017 1815 3071 erat,

813 3106 925 3139 non
949 3103 1089 3136 mera
1115 3087 1440 3155 praepositiO„

888 3183 936 3217 2.
968 3163 1238 3233 Quaeritur.
1276 3165 1569 3215 Accentum
1602 3161 1815 3232 quidem

815 3245 1120 3306 amiserunt,
1138 3243 1194 3292 in
1207 3243 1513 3312 compositis
1526 3240 1672 3292 hisce
1691 3260 1817 3312 prae·

810 3324 1106 3394 positiones
1127 3337 1281 3391 super
1300 3333 1354 3370 et
1381 3319 1570 3383 subter,
1613 3337 1717 3390 qua
1747 3318 1814 3370 de

814 3420 873 3454 re
898 3404 1097 3470 egimus
1122 3399 1265 3462 adl,
1298 3397 1329 3449 5
1347 3436 1363 3463 ‚
1404 3415 1487 3467 27.
1532 3396 1634 3449 Sed
1659 3401 1703 3450 si
1729 3400 1817 3449 cui

813 3479 937 3533 ideo
957 3498 1067 3530 non
1087 3478 1331 3529 videntur
1349 3495 1412 3527 ex
1432 3478 1647 3545 integris
1671 3494 1817 3526 com-

811 3559 1000 3631 positae
1023 3556 1102 3608 hae
1124 3573 1281 3607 voces
1297 3592 1314 3620 ‚
1336 3557 1381 3607 is
1405 3557 1622 3606 omnino
1646 3574 1709 3606 ex
1731 3558 1815 3607 in·

812 3638 972 3706 tegi-is
996 3635 1157 3686 ullam
1178 3652 1364 3685 vocem
1386 3635 1637 3704 componi
1659 3647 1815 3704 neget

812 3734 1031 3772 necesse
1047 3729 1144 3779 est,
1164 3732 1328 3784 quum
1341 3732 1549 3786 semper
1562 3712 1812 3768 alterutra

810 3799 1015 3849 amittat
1038 3808 1331 3847 accentum.

882 3875 933 3927 3.
954 3874 1255 3926 Biclinium.
1275 3873 1512 3926 Coenatio
1533 3891 1647 3944 quoe
1666 3875 1809 3944 capit

809 3953 946 4006 duos
984 3952 1151 4006 lectos
1170 3990 1189 4020 ‚
1247 3965 1307 4004 ut
1349 3949 1633 4004 triclinium
1684 3965 1806 4005 tres.

809 4033 975 4085 Tnnu.

1903 2448 1986 2501 car}
2020 2450 2257 2503 Groecnm
2274 2488 2290 2517 ‚
2320 2463 2372 2503 et
2406 2461 2525 2521 toqa
2550 2449 2830 2513 Latinnm3
2855 2463 2919 2501 ut

1904 2529 2040 2582 infra
2076 2528 2396 2602 epirhedium
2438 2545 2501 2581 ex
2538 2524 2619 2579 ini
2659 2528 2823 2581 Graec.
2865 2542 2924 2581 et

1907 2608 2064 2661 rheda
2085 2609 2363 2662 Gallicum.
2396 2611 2486 2661 Eo.
2514 2638 2587 2648 —
2605 2610 2934 2682 Epitoqium⁴

1906 2706 1935 2740 a
1958 2706 2064 2758 quo
2083 2691 2338 2760 scriptore
2357 2701 2672 2759 usurpatum
2688 2689 2783 2756 sit,
2803 2707 2920 2741 non

1904 2784 2132 2819 invenio.

1976 2842 2025 2896 5.
2057 2844 2317 2895 Anticato.
2347 2847 2555 2898 Nomen
2579 2847 2761 2898 fictum
2781 2865 2920 2919 pro-

1904 2921 1993 2973 cul
2007 2921 2172 2973 dubio
2187 2925 2414 2993 primum
2429 2942 2460 2975 a
2470 2925 2526 2976 C.
2539 2927 2567 2976 J
2573 2925 2680 2976 ulio
2692 2926 2918 2994 Caesare,

1904 3004 2056 3071 cujus
2084 3000 2230 3052 libris
2257 3000 2469 3054 duobus
2486 3041 2504 3068 ‚
2534 3002 2726 3074 quibus
2753 3005 2921 3055 Anti-

1905 3091 2148 3132 catonum
2184 3080 2395 3132 titulum
2427 3084 2584 3149 fecit,
2613 3082 2806 3135 deinde
2834 3084 2924 3135 ef-

1903 3161 2102 3211 fectum
2124 3174 2203 3213 est
2214 3198 2231 3226 ‚
2246 3174 2307 3211 ut
2323 3162 2749 3231 frequentaretur
2761 3181 2924 3216 vocn-

1902 3235 2088 3289 bulum
2104 3241 2474 3309 compositum.
2488 3239 2621 3292 Vide
2641 3243 2737 3307 111,
2754 3260 2807 3312 7,
2825 3243 2918 3295 28.

1974 3317 2026 3369 6.
2063 3317 2424 3389 Epirhedium.
2471 3318 2650 3371 Graeca
2695 3319 2920 3390 quidem

1903 3398 2037 3448 ratio
2062 3396 2258 3468 duplex
2278 3396 2546 3468 rflagitat‚
2572 3399 2665 3451 sed
2683 3401 2712 3451 J
2717 3418 2926 3453 avena.-

1903 3474 1966 3526 lis
1992 3476 2216 3546 simplici
2240 3478 2317 3529 uti
2342 3491 2392 3529 et
2417 3479 2531 3549 ipse
2556 3481 2762 3549 cogitur
2797 3499 2924 3533 me-

1901 3557 1969 3606 tri
2000 3554 2202 3607 heroici
2233 3559 2544 3608 necessitate
2565 3595 2582 3624 ‚
2621 3560 2769 3625 VIII,
2806 3558 2921 3627 65,

1904 3652 2078 3704 neque
2111 3633 2248 3686 ullus
2281 3635 2462 3688 Codex
2481 3637 2715 3706 geminat
2745 3656 2788 3689 r.
2825 3640 2918 3691 De

1902 3711 2093 3766 talibus
2125 3732 2188 3766 ex
2213 3726 2381 3767 nostro
2413 3726 2466 3767 et
2490 3716 2761 3790 peregrino
2797 3717 2912 3771 vid.

1813 3819 1822 3826 -
1900 3791 2116 3845 Salmas.
2157 3792 2226 3845 ad
2261 3793 2415 3846 Treb.
2455 3794 2705 3849 Pollionis
2741 3795 2914 3849 Clau-

1898 3868 2044 3922 dium
2057 3890 2111 3941 p.
2128 3871 2230 3937 405
2243 3909 2259 3938 ‚
2280 3871 2499 3943 aliisque
2514 3872 2643 3927 locis
2660 3873 2727 3926 ad
2741 3876 2915 3949 scrip-

1896 3962 2037 4002 tores
2062 3952 2193 4003 nist.
2218 3954 2353 4022 Aug.

1968 4047 2016 4099 7.
2061 4033 2369 4105 Corrumpit.
2412 4033 2585 4087 Guelf.
2628 4035 2867 4107 corrupit
2882 4073 2908 4101 ,

835 4147 841 4152 -
868 4111 928 4177 4.
952 4111 1273 4182 Epitoqium.
1298 4110 1477 4163 Genus
1493 4111 1653 4162 vestis
1672 4122 1804 4180 togae
1891 4107 2114 4165 fortasse
2150 4130 2215 4163 ex
2250 4131 2457 4185 errore,
2501 4133 2675 4188 neque
2713 4128 2908 4170 tamen

803 4191 1281 4263 superimpositum.
1297 4194 1415 4246 Vox
1432 4191 1728 4260 composita
1741 4208 1806 4244 ex
1890 4206 2107 4262 prorsus
2135 4188 2394 4264 displicet.
