3200 5150
693 477 1345 545 INSTtTUTloNts
1381 476 1637 545 ORAT.
1678 477 1839 547 Lm.
1880 480 1945 559 1,
1988 485 2047 563 4.
2335 503 2421 570 99

326 604 471 675 haec
501 599 770 675 videtur
809 627 895 675 ex
933 610 1197 692 συνδεσμῳ
1232 600 1455 700 magis
1500 601 1779 701 propria
1824 601 2197 675 translatio.
2240 603 2422 675 Pau-
2461 634 2527 689 ¹9

324 716 519 789 latim
552 743 595 789 a
627 714 1091 815 philosophiS,
1125 741 1203 787 ac
1238 715 1541 789 maxime
1578 716 1842 805 stoicis,
1876 736 2118 789 auctus
2154 738 2255 789 est
2289 745 2424 791 nu-

331 843 599 904 merus¹
636 857 652 902 :
695 856 783 925 ac,
812 829 1126 929 primum
1165 829 1769 907 convinctionibus
1808 829 2089 904 articuli
2134 829 2421 931 adjecti,

323 965 479 1045 post
527 949 1045 1046 praepositiones
1067 1001 1087 1032 ,
1151 942 1561 1017 nominibus
1629 942 2004 1047 appellatio
2028 956 2059 989 ²
2080 1001 2102 1034 ,
2172 945 2424 1018 deinde

321 1087 746 1162 pronomem,-
792 1058 1047 1135 deiude.
1093 1058 1389 1133 mixtum
1411 1055 1440 1102 ³
1482 1059 1693 1135 verbo
1729 1063 2222 1161 participium,
2263 1059 2426 1159 ipsis

228 1239 239 1243 -
324 1175 548 1249 verbis
585 1172 933 1248 adverbia.
971 1175 1219 1246 Noster
1250 1200 1477 1249 sermo
1512 1174 1837 1249 articulos
1869 1201 2016 1247 non
2051 1174 2425 1263 desiderat,

326 1289 625 1389 ideoque
654 1288 729 1360 in
758 1286 926 1360 alias
954 1307 1178 1388 partes
1207 1286 1533 1363 orationis
1559 1309 1983 1389 sparguntur
1998 1285 2053 1361 4.
2083 1287 2220 1365 Sed
2249 1315 2431 1362 acce-
2460 1325 2530 1367 ao

324 1402 427 1476 dit
478 1401 953 1504 superioribus
1014 1405 1387 1502 interjectio
1418 1399 1471 1474 ⁵.
1529 1400 1668 1477 Alii
1723 1422 1963 1478 tamen
2021 1430 2105 1477 ex
2160 1403 2428 1478 idoneis

324 1589 473 1647 Idem
495 1589 767 1643 Aristoteli
788 1588 971 1643 tribuit
990 1593 1160 1642 Varro
1183 1587 1251 1642 de
1273 1590 1332 1643 L.

325 1670 384 1723 1..
410 1667 504 1720 lib.
529 1670 656 1735 vn,
680 1688 734 1740 p.
758 1668 947 1741 (Bip.)
978 1668 1093 1721 106.

404 1764 450 1802 1.
466 1747 618 1799 Auct.
635 1758 707 1800 est
727 1767 984 1800 numerus.
1008 1748 1169 1800 Stoici
1185 1747 1335 1817 quin-

330 1846 434 1899 que
451 1841 629 1900 partes
642 1841 967 1901 posuerunt,
987 1827 1097 1879 scil.
1115 1844 1304 1878 nomen
1317 1864 1334 1889 ‚

329 1909 565 1973 verbum,
590 1909 1035 1981 conjunctionem,
1055 1906 1336 1959 articulum

325 1999 380 2039 et
407 1984 831 2059 appellationem,
858 1988 950 2038 En.

403 2084 457 2118 2..
473 2066 784 2119 Nominibus
801 2064 1107 2139 appellatio.
1128 2066 1341 2117 Diome-

328 2144 454 2211 des,
472 2165 526 2218 p.
548 2144 759 2197 Putsch.
788 2145 921 2198 306:
953 2167 976 2191 α
996 2146 1207 2198 Nomen
1230 2157 1336 2210 est,

334 2247 359 2270 σι
380 2241 487 2295 quo
508 2222 640 2277 deus
665 2238 755 2277 aut
779 2224 944 2276 homo
969 2225 1183 2297 propria
1207 2222 1339 2275 dun-

334 2314 522 2373 «taxat
541 2302 990 2356 discriminatione
1012 2304 1338 2375 pronuncia-

337 2404 360 2428 ·
381 2396 484 2449 tur,
521 2400 688 2453 quum
722 2382 916 2436 dicitur
950 2382 1040 2434 ille
1072 2383 1334 2453 Jupiter...

337 2483 360 2508 ι
380 2463 507 2514 item
532 2463 665 2514 Cato
693 2464 848 2515 iste...
880 2460 1182 2533 Appellatio
1210 2479 1337 2513 vero

334 2563 362 2588 ι
382 2553 461 2594 est
511 2544 806 2594 communis
862 2542 1111 2594 similium
1164 2558 1338 2593 rerum

337 2641 361 2667 ι
382 2622 683 2673 enunciatio
705 2623 881 2694 specie
900 2622 1158 2688 nominis,
1172 2633 1233 2672 ut
1245 2619 1340 2672 ho-

338 2722 361 2746 ·
382 2718 498 2766 mo,
521 2701 618 2765 vir,
642 2713 840 2752 taurus.
865 2723 887 2748 a·

404 2780 455 2831 3.
483 2778 686 2830 Deinde
710 2779 951 2830 mixtum.
982 2776 1155 2830 Guelf.
1189 2776 1339 2830 hisce

326 2856 540 2909 duabus
559 2857 780 2909 vocibus
802 2867 856 2908 et
874 2859 1083 2924 inserit,
1101 2874 1212 2908 non
1230 2875 1340 2908 ma·

326 2937 383 2989 le
402 2973 420 3003 ,
460 2938 713 3007 quoniam
751 2954 921 2987 novus
965 2938 1118 3008 quasi
1154 2938 1341 3007 incipit

330 3033 582 3068 recensus
605 3053 623 3082 ‚
671 3014 817 3086 quod
863 3014 1095 3066 ostendit
1143 3032 1341 3065 novum

330 3094 552 3147 verbum
583 3094 840 3158 mixtum,
871 3105 932 3145 ut
968 3092 1242 3145 dirimatur
1272 3091 1340 3144 ab

330 3174 523 3248 atijecti
543 3185 596 3225 et
618 3174 794 3244 priore
818 3175 921 3223 isto
945 3169 1146 3222 deinde.

407 3252 459 3319 4.
493 3250 809 3304 Articulos...
843 3260 1169 3323 sparguntur.
1207 3247 1343 3302 Nul-

331 3330 447 3383 lum
479 3333 533 3383 in
567 3331 797 3383 obscuro
827 3329 931 3381 hoc
960 3329 1082 3380 loco
1111 3347 1140 3380 a
1169 3328 1338 3380 codd.

336 3410 652 3484 praesidium.
696 3412 813 3463 Una
828 3448 846 3476 ,
894 3427 1008 3480 quse
1052 3410 1343 3474 invenitur,

331 3492 560 3542 varietas
588 3489 699 3542 haec
728 3502 807 3541 est
841 3488 987 3560 quod
1019 3487 1193 3541 Guelf.
1221 3505 1343 3539 cum

337 3567 475 3622 Alm.
507 3580 561 3620 et
596 3569 746 3620 Bern.
784 3567 876 3619 dat
911 3567 1206 3618 orationum
1283 3585 1341 3617 ro

332 3647 599 3699 orationis.
624 3648 782 3699 Venit
806 3648 864 3697 in
892 3658 1122 3697 mentem
1151 3663 1215 3696 ex
1241 3586 1343 3696 liae

340 3727 597 3796 scriptura
627 3724 940 3796 exculpere:
971 3725 1026 3775 in
1060 3723 1191 3776 alias
1216 3742 1344 3794 par-

340 3815 412 3856 tes
434 3803 717 3854 orationem
739 3804 1042 3874 partiuntur
1059 3825 1075 3853 .·
1100 3801 1344 3855 videlicet

333 3882 664 3954 grammatici
696 3884 878 3933 nostri.
918 3881 1021 3935 Sed
1053 3880 1259 3934 sublata
1288 3883 1345 3933 in

340 3961 588 4015 orationis
613 3959 785 4013 littera
813 3961 847 4013 S
874 3963 1032 4013 etiam
1059 3964 1232 4014 minus
1259 3963 1344 4012 in-

339 4040 618 4111 telligitur,
662 4038 933 4110 quomodo
975 4060 1005 4092 e
1046 4040 1350 4112 partiuntur

340 4121 543 4172 factum
567 4121 633 4171 sit
655 4128 999 4192 sparguntttr5
1029 4133 1081 4171 et
1103 4117 1347 4190 displicet

344 4216 506 4268 quam
528 4200 750 4252 maxime
772 4207 998 4268 partes...
1026 4196 1341 4268 partiuntur.

1423 1590 1596 1643 Etiam
1635 1608 1776 1655 non,
1820 1603 1943 1643 ente
1977 1588 2256 1658 desiderat,
2294 1610 2430 1663 segre

1423 1670 1557 1721 fero.
1588 1668 1813 1735 meone,
1836 1669 1963 1741 quia
1993 1669 2084 1720 lat.
2119 1688 2291 1722 sermo
2321 1690 2432 1723 non

1425 1747 1678 1801 desiderat
1710 1748 2035 1800 articulos....
2077 1752 2434 1821 sparguntur?

1425 1826 1775 1897 intelligerem
1803 1829 1879 1893 si,
1903 1827 2027 1899 quia
2054 1828 2214 1899 sparsi
2238 1838 2431 1893 essent,

1424 1923 1535 1958 non
1553 1906 1902 1972 desideraret,
1925 1906 2072 1978 quod
2089 1909 2332 1959 existeret
2351 1907 2432 1958 le-

1424 1984 1599 2055 gendo
1633 1984 1745 2038 ideo
1775 1985 1918 2059 quod
1941 2003 2040 2057 pro
2070 1984 2299 2058 ideoque.
2334 1988 2434 2039 Fa-

1426 2064 1578 2116 cilior
1610 2064 1774 2137 paulo
1809 2064 2075 2118 videretur
2110 2067 2269 2118 etiam
2309 2083 2432 2117 seu·-

1425 2146 1588 2197 tentia
1618 2146 1664 2196 si
1690 2162 1797 2195 uon
1826 2144 2061 2207 abessen
2095 2155 2154 2194 ut
2186 2143 2438 2196 desiderat

1427 2224 1773 2295 significaret:
1797 2241 1902 2275 non
1924 2222 2088 2275 habet.
2109 2251 2182 2263 —
2198 2224 2298 2275 Pro
2320 2241 2434 2274 ora·

1424 2302 1606 2369 tionis,
1632 2306 1692 2356 R.
1720 2303 1782 2369 4,
1809 2302 1870 2370 5,
1894 2300 2094 2356 habent
2117 2303 2433 2355 orationum.

1425 2383 1518 2434 En.
1539 2402 1613 2421 -ὸ
1633 2381 1699 2433 In
1723 2381 1909 2433 alias...
1931 2392 2260 2455 sparyuntur.
2286 2384 2436 2433 Inso-

1427 2459 1540 2512 lens
1569 2473 1623 2512 et
1651 2461 1877 2515 obscura
1907 2460 2107 2513 locutio
2125 2499 2142 2528 ,
2171 2461 2319 2532 quod
2350 2460 2438 2514 di-

1427 2554 1622 2593 cuntur
1634 2539 1866 2608 articuli,
1880 2553 2162 2613 propterea
2180 2539 2326 2613 quod
2340 2559 2435 2594 eos

1427 2620 1622 2673 latinus
1664 2638 1837 2673 sermo
1880 2639 1990 2674 non
2029 2620 2297 2674 desiderat
2314 2660 2332 2689 ,
2378 2624 2432 2672 in

1428 2697 1557 2751 alias
1572 2712 1749 2770 partes
1765 2702 2018 2752 orationis
2034 2701 2224 2771 spargi.
2247 2700 2434 2772 Spargi

1427 2780 1513 2829 vix
1535 2777 1687 2830 aliter
1707 2780 2064 2852 interpreteris
2090 2796 2280 2849 quam,
2302 2777 2434 2830 divi·

1428 2856 1516 2921 di,
1556 2869 1615 2907 ut
1651 2872 1793 2908 nunc
1829 2854 1931 2907 hac
1968 2875 2110 2908 nunc
2147 2857 2248 2909 alia
2281 2870 2439 2929 parte

1431 2936 1685 2987 orationis
1718 2934 1879 2987 latina
1914 2935 2195 3005 significari
2231 2933 2438 2988 dicatur

1429 3014 1597 3079 idem,
1619 3012 1765 3085 quod
1782 3014 1950 3066 Graeci
1967 3014 2189 3067 articulo
2210 3032 2308 3065 suo
2330 3017 2437 3084 sig-

1429 3093 1662 3143 nificam.
1680 3091 1932 3163 Exempla
1946 3092 2065 3144 talis
2080 3092 2315 3159 remedii,
2329 3111 2436 3164 quo

1430 3168 1673 3221 defectus
1714 3168 1921 3221 articuli
1955 3169 2256 3242 expleatur,
2300 3173 2437 3225 affe-

1430 3260 1555 3300 runt
1598 3249 1823 3320 Capper.
1869 3267 2170 3320 pronomen
2216 3248 2337 3316 ille,
2379 3263 2442 3305 ut

1435 3327 1479 3398 §.
1513 3343 1568 3378 ιι
1598 3327 1873 3399 legebatur
1899 3350 1920 3376 ιι
1941 3327 2010 3380 ab
2029 3327 2123 3380 illo
2138 3331 2269 3403 jacit
2289 3354 2312 3379 n
2338 3348 2437 3402 pro

1430 3407 1617 3459 Graeco
1654 3401 1762 3459 uini
1789 3408 1877 3459 τοῦ
1896 3410 2059 3480 jacit3
2090 3410 2251 3462 Gesn.
2287 3409 2437 3476 alter,

1435 3505 1542 3558 quo
1563 3485 1704 3539 idem
1723 3485 1992 3554 reddatur,
2013 3486 2159 3560 quod
2176 3489 2344 3542 Greci
2367 3489 2442 3541 di·

1434 3578 1557 3619 cant
1585 3565 1610 3617 i
1637 3564 1800 3631 ἄλλος,
1832 3585 1994 3638 quum
2022 3565 2158 3620 alius
2184 3569 2442 3639 significet

1435 3643 1589 3701 ἱλλος.
1618 3646 1682 3696 Et
1711 3663 1836 3697 sane
1864 3644 2144 3698 articulum
2165 3647 2220 3698 in
2243 3649 2439 3702 Latinis

1432 3727 1761 3794 grammatici
1799 3725 1908 3776 fere
1957 3724 2130 3777 solent
2172 3728 2441 3796 assignare

1433 3805 1736 3878 pronomini
1749 3808 1983 3858 utVarro
2000 3804 2067 3878 de
2081 3806 2138 3856 L.
2155 3805 2212 3858 L,
2232 3803 2437 3873 lih.v11,

1432 3899 1487 3952 p.
1518 3879 1695 3952 (Bip.)
1732 3881 1842 3934 115.
1869 3881 2004 3935 Vide
2033 3896 2085 3933 et
2112 3882 2229 3934 loca
2261 3899 2438 3954 gram-

1434 3962 1749 4011 maticorum
1766 3999 1783 4027 ,
1831 3979 1944 4031 quae
1993 3974 2233 4014 recenset
2281 3961 2442 4016 index

1432 4036 1802 4094 Putschianus.

1508 4115 1556 4168 5.
1595 4116 1752 4169 Sed...
1797 4117 2095 4191 interjectio.
2139 4118 2241 4172 Sed
2276 4137 2441 4192 quare

1432 4193 1660 4264 dicatur,
1679 4213 1791 4249 non
1810 4197 1935 4250 satis
1949 4211 2199 4270 apparet,
2216 4200 2463 4261 uisifora,

2104 4301 2153 4357 7.
