3200 5150
755 469 1405 537 INSTITUTIONIS
1446 473 1703 539 ORAT.
1744 475 1902 540 LIB.
1949 478 2011 556 Ι,
2055 475 2114 543 5.

2359 504 2481 570 119

370 591 494 693 jus
519 605 538 637 ¹
584 591 869 690 quidem
906 592 1075 664 ratio
1110 614 1374 665 mutata
1415 622 1581 667 cum
1617 597 2047 696 temporibus
2081 619 2181 670 est
2211 601 2479 699 saepius.

378 795 552 849 Guelf.
586 799 761 849 Turic.
793 811 845 849 et
879 816 1063 850 omnes
1095 797 1264 850 codd.
1304 811 1384 850 at-

378 894 483 946 que
516 874 635 927 edd.
661 888 850 947 praeter
870 880 1023 929 Voss.
1053 895 1081 928 2
1098 914 1115 940 ,
1141 889 1193 927 et
1219 876 1380 929 Goth.

375 957 467 1025 qui
504 973 603 1026 pro
646 964 771 1006 nota
811 955 942 1006 dant
977 964 1173 1007 notata.
1218 953 1380 1007 Goth.

373 1046 562 1104 praa-ter
584 1051 700 1087 eam
725 1035 780 1085 in
803 1052 934 1084 voce
960 1043 1139 1083 notata
1163 1035 1382 1085 varieta-

374 1125 508 1177 tem,
527 1110 628 1162 sibi
646 1130 769 1163 cum
787 1117 941 1163 Voss.
966 1130 994 1162 2
1017 1130 1380 1179 communem,

370 1188 481 1240 hoc
521 1206 737 1260 quoque
769 1204 969 1255 mutat,
1003 1189 1149 1261 quod
1180 1209 1278 1262 pro
1311 1203 1391 1247 est

370 1285 479 1319 non
494 1306 512 1332 ,
535 1267 627 1321 dat
647 1287 752 1327 non
771 1279 874 1329 est-,-
906 1288 1012 1340 quo
1033 1283 1253 1341 apparet
1271 1289 1381 1341 non

369 1364 486 1398 esse
516 1365 718 1398 merum
751 1346 1026 1399 scribentis
1060 1366 1290 1400 errorem
1324 1352 1379 1401 in

370 1434 584 1489 nomem,
621 1425 835 1495 qualem
858 1428 921 1477 in
941 1428 1093 1478 Voss.
1120 1444 1155 1495 ‚2
1190 1443 1379 1499 agnos-

368 1521 488 1554 cere
509 1502 860 1569 mihivideor‚
880 1503 977 1557 sed
994 1503 1242 1563 consulto
1263 1524 1377 1563 esse

367 1601 636 1637 recessum
659 1602 692 1634 a
718 1582 929 1653 vulgata
953 1586 1229 1656 scriptura.
1265 1585 1377 1638 Go-

366 1660 517 1714 thani
544 1664 804 1714 rationem
827 1664 987 1719 Gesn.
1028 1677 1108 1716 est
1145 1677 1374 1719 secutus.

368 1739 557 1805 Falso,
594 1754 653 1792 ut
677 1743 889 1812 opinor,
925 1743 1085 1797 Gesn-
1114 1756 1306 1832 negat,
1337 1743 1380 1795 ςί

366 1817 539 1869 littera
552 1818 708 1883 ςίεΗ,
725 1837 829 1870 non
847 1829 1000 1879 ποίας
1018 1821 1175 1890 quaeri
1190 1838 1378 1911 posse,

367 1913 436 1948 an
474 1895 768 1949 omittenda
807 1896 910 1951 hac
945 1896 1116 1949 littera
1132 1935 1150 1963 .,
1194 1900 1377 1956 vitium

368 1976 496 2029 fiat
480 1995 537 2027 ιιι
563 1978 760 2048 scripto
777 1978 801 2027 ἰ’
824 1994 1014 2047 nempe
1037 1977 1377 2033 manifestum

368 2067 497 2106 tunc
526 2073 640 2107 esse
664 2056 878 2121 vitium,
911 2054 978 2107 de
1008 2073 1115 2126 quo
1140 2055 1286 2108 nulla
1310 2059 1376 2108 sit

368 2136 621 2204 questio,
651 2132 705 2185 h.
739 2153 784 2185 e.
802 2172 820 2200 ‚
851 2132 1148 2186 dubitatio:
1189 2149 1375 2188 contra

367 2229 526 2283 posse
548 2214 706 2283 quaeri
727 2212 871 2284 apud
887 2215 1156 2265 Romanos
1171 2251 1188 2279 ,
1214 2233 1281 2266 an
1300 2216 1374 2266 vi·

368 2293 500 2342 tium
523 2291 711 2362 aliquis
731 2294 1049 2345 commiserit
1067 2295 1123 2344 in
1141 2295 1339 2366 scripto
1356 2331 1374 2361 ‚

368 2372 459 2441 qui
499 2372 873 2443 aspirationem
922 2390 1033 2423 non
1077 2374 1337 2435 notaverit
1356 2411 1373 2439 ,

366 2447 686 2521 apponenda
711 2449 881 2500 littera
905 2450 968 2501 H.
1003 2450 1063 2501 In
1087 2447 1188 2501 hac
1216 2467 1375 2521 argu-

366 2529 689 2582 mentatione
712 2526 920 2580 videtur
945 2526 1073 2580 mihi
1104 2528 1370 2582 Gesnerus

367 2608 635 2678 accepisse
655 2603 711 2660 ‘ri
743 2607 905 2680 quoeri
935 2626 1005 2657 an
1037 2607 1104 2659 sit
1126 2627 1227 2680 pro
1252 2607 1334 2661 his
1355 2631 1369 2660 z

365 2686 503 2737 credi
526 2705 631 2738 non
659 2705 787 2752 esse,
816 2688 889 2739 ita
916 2697 977 2737 ut
998 2685 1375 2739 dubitationem

365 2766 519 2816 istam
549 2778 761 2836 putaret
795 2783 1007 2834 vergere
1042 2767 1098 2817 in
1134 2767 1373 2839 κερατίο-

368 2861 504 2894 nem.
530 2841 789 2914 Equidem
811 2856 996 2894 contra
1018 2861 1231 2913 vergere
1254 2862 1372 2895 eam

366 2935 499 2993 puto
534 2924 591 2974 in
626 2919 1051 2995 affimationem.
1086 2923 1164 2975 Eo
1187 2922 1375 2975 videor

366 2998 558 3052 deduci
583 3001 715 3052 serie
738 3001 1006 3051 orationis.
1038 3001 1208 3053 Sonos
1223 3038 1240 3067 ‚
1262 3003 1374 3071 qui-

366 3078 466 3132 bus
482 3093 790 3142 annumerat
806 3080 1200 3171 aspirationem,
1215 3082 1370 3149 exigi,

365 3156 420 3209 h.
446 3176 492 3209 e.
511 3195 530 3224 ‚
570 3160 849 3211 examinari
865 3195 882 3223 ‚
919 3155 1277 3227 deprehendi,
1314 3159 1370 3210 in

364 3237 564 3308 scripto
600 3251 756 3307 negat
794 3238 898 3304 Qu.
936 3234 1054 3287 Tali
1097 3237 1370 3288 sententia

362 3332 529 3387 quum
539 3314 747 3387 subjicit
755 3332 1096 3388 quamquam,
1109 3316 1371 3386 exceptio·

364 3411 487 3444 nem
508 3392 741 3459 inducit,
768 3407 828 3445 ut
844 3395 957 3465 jam
980 3392 1168 3464 aliquis
1193 3406 1368 3445 tamen

366 3490 560 3538 sonus,
588 3472 698 3524 scil.
723 3474 971 3544 aspiratio
987 3510 1004 3536 ‚
1030 3473 1215 3523 vitium
1236 3491 1368 3545 pos-

365 3551 430 3600 sit
447 3550 622 3602 facere
642 3552 797 3602 etiam
814 3554 869 3602 in
893 3552 1107 3622 scripto.
1132 3552 1219 3601 An
1239 3568 1366 3621 ergo

366 3626 452 3678 hic
479 3627 617 3681 valet
639 3647 708 3680 an
731 3648 839 3685 non
855 3668 871 3694 ‚
904 3643 961 3681 ut
982 3632 1093 3682 fere
1116 3643 1241 3702 post
1264 3630 1366 3681 du·-

364 3703 568 3756 bitandi
582 3743 600 3771 ,
626 3707 893 3758 nesciendi
908 3745 926 3772 .‚
946 3708 1106 3760 verba
1123 3746 1141 3775 ‚
1165 3707 1233 3759 de
1259 3726 1366 3779 qua

362 3783 534 3834 forma
556 3783 767 3836 uberius
792 3785 979 3855 agendi
1011 3789 1109 3837 erit
1132 3789 1363 3839 occasio.

363 3862 555 3914 Sensus
604 3860 691 3913 hic
732 3875 842 3921 est:
902 3863 1047 3935 apud
1094 3863 1363 3917 Romanos

364 3942 521 3992 etiam
551 3958 650 4011 per
679 3943 1051 4012 aspirationem
1079 3942 1240 3994 videri
1261 3961 1363 4014 po-

363 4030 455 4071 test
470 4037 571 4072 esse
590 4017 700 4089 (sic
718 4018 883 4071 reddo
901 4041 913 4071 ε
932 4032 1098 4092 potest
1113 4023 1276 4095 quoen'
1289 4041 1360 4072 an

360 4097 459 4170 sit)
481 4100 664 4149 vitium
683 4099 737 4149 in
756 4099 950 4170 scripto
968 4120 985 4161 3
1010 4102 1052 4150 si
1070 4101 1118 4150 H
1134 4099 1362 4152 litteram

360 4189 607 4249 putamus
623 4217 640 4246 .,
666 4195 778 4231 ιιοιι
804 4190 1002 4229 notam.
1035 4180 1105 4230 At
1132 4180 1360 4232 certissi-

1475 819 1559 852 me
1578 810 1653 852 εςτ
1663 838 1681 865 ,
1709 803 1880 874 inquit
1897 803 2162 855 Gesnerus
2178 840 2196 868 ‚
2220 821 2329 856 non
2349 804 2483 857 vide-

1473 888 1560 930 tur
1579 879 1782 947 solum,
1803 880 1956 933 simul
1978 900 2038 933 ac
2062 881 2288 933 litteram
2310 901 2481 953 agno-

1470 960 1603 1011 veris
1630 953 1709 1011 ‘tir
1734 961 1798 1010 Η.
1829 961 1890 1011 Ιιι
1913 977 1977 1011 eo
2003 972 2179 1011 autem
2204 961 2248 1010 si
2272 974 2352 1011 est
2373 961 2482 1013 dif-

1470 1035 1677 1089 ficultas
1689 1074 1706 1103 ‚
1729 1052 1964 1090 remanet
1984 1037 2169 1091 eadem
2187 1040 2242 1090 in
2260 1040 2481 1094 Gesneri

1470 1114 1732 1183 lectione,
1761 1116 1852 1167 ubi
1875 1116 2056 1169 itidem
2083 1119 2132 1170 H
2164 1116 2355 1170 diserte
2381 1137 2478 1191 ap-

1469 1194 1700 1265 pellatur
1717 1193 1904 1247 littera.
1935 1192 2040 1249 Sed
2057 1209 2170 1247 tota
2190 1215 2252 1248 ea
2276 1195 2478 1248 locutio

1469 1275 1633 1346 quoen'
1650 1283 1818 1345 potest
1838 1294 1908 1324 an
1940 1275 2007 1327 ςίε
2038 1273 2169 1326 nihil
2201 1273 2344 1326 aliud
2377 1278 2478 1327 nisi

1470 1353 1710 1405 modeste
1728 1354 1981 1419 affirmat,
2004 1368 2053 1405 et
2073 1365 2250 1425 potest
2266 1355 2314 1405 ei
2334 1372 2477 1404 com-

1467 1431 1627 1483 moda
1648 1430 1895 1503 subjungi
1911 1444 2278 1501 argumentum
2294 1450 2393 1504 pro
2414 1451 2479 1485 ea

1466 1526 1582 1637 ἰξῗέ
1597 1508 2276 1658 ἰοὲἶῗῖἶζῗὲἳῗζᾷἶὶᾀί
2294 1525 2476 1639 ῗέἷῖἶ

1467 1663 1552 1716 do.
1578 1667 1658 1718 De
1677 1667 1724 1717 H
1743 1677 1869 1716 nota
1884 1702 1902 1730 ‚
1927 1681 2038 1716 non
2056 1663 2226 1716 littera
2248 1664 2367 1717 vide
2387 1685 2479 1718 su-

1466 1761 1563 1815 pra
1587 1742 1657 1803 ad
1679 1745 1734 1809 1,
1763 1744 1829 1811 4,
1860 1761 1894 1813 9
1910 1782 1928 1810 ‚
1957 1744 2047 1814 qui
2071 1741 2220 1794 locus
2244 1745 2358 1815 ipse
2390 1763 2475 1797 re-

1468 1835 1679 1892 ceptam
1705 1819 1793 1872 hic
1822 1835 1943 1873 ante
1971 1822 2130 1873 Gesn.
2163 1822 2473 1891 scripturam

1466 1899 1722 1952 defendit.
1757 1901 1936 1969 Quare
1960 1901 2150 1965 otiam,
2177 1916 2342 1969 quum
2374 1898 2476 1951 du-

1462 1978 1589 2050 plex
1619 1981 1788 2053 possit
1821 1979 1934 2031 fieri
1969 1997 2065 2050 per
2101 1980 2474 2049 aspirationem

1463 2059 1649 2110 vitium
1662 2097 1680 2123 ‚
1701 2056 1874 2110 solum
1893 2058 2122 2127 tangitur
2138 2054 2269 2121 illud
2285 2094 2300 2123 ,
2326 2056 2473 2127 quod

1464 2150 1544 2188 est
1562 2139 1617 2188 in
1631 2135 1858 2188 detracta
1873 2136 2226 2207 aspiratione?
2243 2136 2472 2206 Sequen-

1462 2213 1589 2266 dnm
1609 2217 1770 2285 igitur
1791 2212 1916 2266 duxi
1931 2252 1948 2280 ‚
1974 2212 2118 2284 quod
2133 2230 2327 2283 magno
2348 2232 2474 2266 con·

1464 2312 1623 2347 sensu
1645 2292 1876 2366 probant
1899 2290 2067 2344 codd.
2093 2291 2471 2343 Gesner-ianam

1462 2375 1722 2425 rationem
1743 2390 1959 2424 sensum
1985 2368 2182 2422 habere
2211 2367 2470 2441 probabi-

1461 2449 1565 2502 lem
1580 2468 1692 2501 non
1707 2468 1845 2520 nego
1856 2486 1875 2515 ‚
1888 2451 1932 2501 si
1944 2461 2119 2500 tamen
2130 2457 2298 2519 potest
2307 2449 2471 2520 quoen‘

1460 2546 1531 2580 cm
1553 2527 1861 2581 affirmative
1880 2525 2230 2597 intelligatun
2254 2525 2310 2578 id
2328 2527 2469 2578 enim

1461 2610 1815 2660 necessarium
1830 2606 1990 2679 plane
2006 2605 2185 2658 credo.
2206 2608 2340 2658 Eum
2356 2623 2471 2657 sen·

1462 2704 1580 2738 sum
1627 2688 1786 2756 etiam
1830 2685 2119 2758 Gedoynus
2168 2686 2423 2756 expressit
2451 2704 2465 2734 ε

1468 2786 1490 2810 ι
1519 2767 1748 2836 Onpeut
1771 2764 2083 2828 demanda,
2111 2763 2208 2815 si...
2238 2780 2316 2814 ces
2333 2762 2470 2834 fau-

1467 2854 1637 2895 τες..
1663 2862 1729 2894 πε
1755 2852 1961 2914 possent
1982 2840 2353 2914 pointjusqu’ci
2382 2840 2471 2893 Γέ-

1466 2922 1723 2986 «eduin,
1753 2922 1973 2992 suppose
1990 2938 2091 2992 que
2108 2918 2210 2984 rh,
2239 2920 2337 2971 soit
2363 2938 2469 2970 une

1466 2998 1658 3050 nlettre
1695 3007 1747 3048 et
1781 3015 1887 3049 non
1919 3016 2016 3068 pas
2047 2997 2331 3050 sentiment
2362 3016 2468 3049 une

1466 3095 1739 3148 amorque.
1761 3101 1784 3124 a·
1811 3075 1871 3127 ld
1891 3094 2104 3147 quoque
2123 3075 2351 3129 alienum
2366 3095 2464 3148 pu-

1461 3169 1515 3206 to
1544 3173 1575 3205 a
1606 3154 1919 3222 Quintiliani
1949 3169 2156 3219 mente,
2195 3154 2372 3224 quod,
2407 3156 2466 3207 in

1460 3234 1719 3304 scriptura
1742 3231 1987 3285 Gothana
2011 3235 2059 3284 Η
2081 3233 2252 3284 littera
2275 3232 2463 3305 appel-

1458 3310 1597 3362 latur
1618 3310 1688 3363 ab
1710 3311 1829 3382 ipso
1853 3323 2071 3362 auctore
2086 3348 2104 3375 .‚
2126 3328 2237 3362 non
2256 3327 2322 3362 ex
2339 3310 2464 3363 alte-

1456 3392 1565 3442 rius
1593 3390 1862 3462 opinione.
1895 3415 1970 3429 ι·-
1997 3389 2056 3443 Sa·
2086 3391 2134 3441 Η
2165 3387 2337 3440 littera
2358 3400 2463 3454 est,

1457 3488 1563 3521 non
1597 3480 1738 3521 nota.
1779 3472 2122 3522 Buttmannus
2157 3468 2317 3521 verba
2346 3467 2462 3520 hcc

1455 3547 1686 3618 glossam
1707 3561 1861 3620 putat
1875 3587 1893 3614 .‚
1921 3566 2036 3619 quoe
2059 3550 2102 3600 si
2126 3547 2299 3600 absint
2316 3549 2462 3619 cujum

1454 3626 1660 3678 facilius
1695 3625 1762 3678 ad
1793 3627 2168 3697 aspirationem
2203 3626 2460 3677 referatur

1453 3705 1608 3775 (vide
1642 3719 1815 3757 tamen
1852 3708 1953 3772 111,
1994 3722 2060 3774 9,
2104 3704 2215 3775 t.);
2259 3706 2316 3757 in
2354 3724 2461 3776 qua

1454 3788 1658 3837 ratione
1695 3803 1885 3837 novam
1911 3785 2224 3838 sententiam
2250 3800 2283 3834 a
2313 3787 2461 3856 enjus

1452 3863 1565 3916 vult
1590 3862 1844 3917 inchoari.
1876 3865 1954 3917 sn».
1981 3867 2035 3916 in
2053 3863 2252 3915 Praefat.
2281 3881 2336 3934 p.
2365 3861 2453 3931 75.

1529 3958 1573 3993 t.
1614 3944 1783 4014 Cujus.
1821 3943 1956 3993 Cave
1983 3943 2180 3992 referas
2212 3938 2280 3991 ad
2311 3939 2455 3992 litte-

1450 4039 1562 4072 ram
1599 4021 1678 4081 H;
1717 4032 1919 4090 spectat
1951 4018 2016 4071 ad
2053 4017 2417 4089 aspirationem
2431 4055 2453 4083 ,

1454 4098 1598 4170 quod
1617 4109 1838 4169 apparet
1855 4115 2003 4162 mox,
2022 4095 2103 4166 (S.
2128 4113 2211 4148 2ο.
2228 4094 2356 4167 )ubi
2374 4109 2455 4148 est

1454 4188 1712 4231 vetera...
1738 4176 1985 4229 dicebant.
2025 4177 2104 4228 De
2126 4177 2452 4247 pronuncia-
