3200 5150
842 453 1012 561 364²

1944 250 1985 293 Χ

1404 476 1498 542 Μ.
1537 476 1766 542 FABII
1803 475 2360 561 QUINTILIANI

839 601 1240 673 Phoenicem
1262 612 1281 645 ¹
1317 620 1468 672 tum
1499 599 1785 699 agendi,
1818 621 1973 673 tum
2005 587 2214 674 etiam
2245 596 2653 701 loquendi²‚
2688 621 2757 674 et
2786 627 2919 677 ora·

841 737 1019 789 tores
1038 716 1301 816 plure5‚
1324 734 1391 787 et
1408 741 1621 787 omne
1642 716 1717 788 in
1736 715 1954 788 tribus
1973 715 2271 789 ducibus
2291 714 2658 789 orationis³
2681 742 2887 816 genus
2900 772 2918 806 ,

841 852 910 903 et
945 828 1374 903 certamina4
1399 855 1683 930 quoque
1716 831 2065 930 proposita
2092 830 2506 931 eloquentiae
2534 830 2716 903 inter
2731 830 2922 933 juve-

839 971 965 1016 nes
978 1001 997 1032 ‚
1019 944 1415 1016 invenimus
1435 975 1453 1035 ;
1476 944 1648 1043 quin
1671 945 1747 1017 in
1769 944 2088 1017 caelatura
2103 944 2133 990 ⁵
2153 945 2378 1045 clypei
2395 943 2687 1018 Achillis
2706 966 2773 1017 et
2790 944 2922 1017 lites

766 1088 803 1144 9
840 1081 1003 1131 sunt
1035 1080 1103 1132 et
1132 1078 1412 1131 actores,
1449 1057 1634 1131 Illud
1669 1059 2094 1133 admonere⁶
2129 1060 2287 1132 satis
2321 1078 2451 1148 εει,
2481 1066 2751 1148 omnia,
2786 1086 2924 1159 quoe

840 1201 952 1246 ars
980 1179 1557 1246 consummaverit
1575 1188 1630 1263 ⁷,
1665 1203 1711 1246 α
1746 1192 1996 1249 natura
2031 1180 2228 1247 initia
2262 1176 2553 1248 duxisse.
2584 1178 2727 1247 Aut
2746 1173 2923 1247 tolla-

839 1346 1064 1414 gan'tius.
1094 1375 1166 1385 --
1188 1344 1356 1397 Codd.
1382 1348 1490 1399 RR.
1521 1364 1569 1413 1,
1596 1364 1657 1412 2,
1680 1346 1743 1413 3,
1772 1344 1846 1397 la-

839 1423 1092 1476 boramus.
1127 1428 1197 1476 At
1224 1424 1345 1476 edd.
1375 1425 1569 1490 (λιιι,
1596 1424 1761 1478 Hack.
1792 1436 1847 1476 et

838 1503 1028 1575 Capp.,
1050 1502 1342 1555 laboramus
1363 1503 1643 1576 acquirere.
1669 1507 1761 1557 En.

917 1581 1321 1633 1.Plzoenicem
1355 1580 1490 1634 Vide
1526 1583 1603 1648 11,
1648 1582 1714 1648 3,
1763 1598 1841 1634 12.

838 1663 1073 1734 Scriptor
1102 1664 1219 1714 vitae
1249 1665 1540 1716 Homerica
1571 1662 1754 1715 itidem
1784 1682 1849 1716 ex

837 1738 944 1792 hoc
964 1741 1085 1792 loco
1111 1741 1269 1793 docet
1285 1743 1572 1793 Homerum
1588 1761 1715 1811 eope
1717 1737 1851 1794 maiv-

837 1840 930 1880 τει,
957 1841 1024 1872 οτι
1047 1818 1187 1886 τίχνυ
1213 1818 1333 1875 ἔστὶν
1358 1817 1634 1890 nipmpuu',
1661 1841 1719 1894 Ρ.
1748 1821 1848 1891 237

839 1902 892 1952 in
917 1904 1122 1953 Ernesti
1147 1903 1406 1967 Homero,
1429 1901 1534 1953 vol.
1555 1906 1621 1954 V.

912 1996 958 2029 2.
987 1979 1272 2052 loquendi.
1296 1978 1458 2033 Goth.
1490 1978 1624 2048 (tac.
1656 1980 1851 2052 Genu.)

838 2058 1145 2131 eloquendi,
1175 2077 1300 2111 cum
1321 2063 1477 2111 Voss.
1507 2076 1535 2111 2
1553 2099 1571 2126 ,
1599 2059 1754 2112 mele.
1778 2088 1854 2099 —

838 2138 1136 2210 Loquendi,
1163 2142 1222 2192 R.
1252 2137 1282 2191 5
1306 2154 1357 2192 et
1381 2141 1541 2192 Canu».
1566 2138 1669 2191 Ed.

912 2218 962 2268 3.
979 2218 1206 2269 Ducibus
1218 2218 1481 2270 orationis.
1503 2218 1679 2271 Guelf.
1702 2216 1849 2270 hisce
1926 2220 1930 2227 ⁴

839 2294 1052 2348 duobus
1084 2296 1358 2349 vocabulis
1389 2298 1569 2349 inserit
1599 2299 1701 2349 ista
1717 2334 1734 2362 ,
1749 2299 1852 2369 ju·-

839 2374 1053 2440 dict'ale,
1084 2375 1570 2442 demonstrativum,
1596 2375 1849 2427 delibera-

841 2456 1033 2519 tivum,
1058 2455 1203 2507 solus
1224 2469 1481 2526 quantum
1496 2455 1671 2506 video.
1693 2454 1848 2507 Falto

840 2533 926 2587 ille
942 2552 1045 2607 qua
1061 2552 1152 2586 ora
1158 2537 1337 2602 ῑίοιιίε,
1354 2553 1458 2606 qua
1471 2536 1744 2588 sententiae
1758 2552 1854 2587 no·

839 2616 997 2664 mine.
1032 2612 1168 2665 Vide
1204 2613 1362 2666 finem
1398 2626 1552 2666 ηοω.
1590 2612 1852 2667 Eumdem

837 2706 1016 2744 tamen
1035 2710 1264 2744 errorem
1277 2693 1614 2766 Cnpperonn.
1633 2695 1849 2760 erravit,

837 2771 963 2826 licet
1002 2774 1212 2825 saniora
1254 2773 1536 2827 docentem
1579 2773 1852 2827 exhiberet

838 2852 1207 2904 camerarium.
1237 2854 1407 2906 Etiam
1433 2856 1490 2907 in
1517 2854 1730 2907 ducibus
1751 2855 1849 2906 de-

839 2930 1108 3000 signandis
1141 2931 1367 2999 fallitur,
1395 2950 1519 2985 cum
1549 2931 1809 3006 Gedoyno
1829 2970 1848 2999 ,

838 3010 1138 3064 Phoenicem
1147 3051 1163 3078 ‚
1177 3014 1457 3066 Nestorem
1466 3052 1484 3080 ‚
1498 3012 1741 3087 Ulyssem
1757 3030 1847 3083 ap·

835 3090 1057 3162 pellens.
1083 3120 1158 3131 —
1183 3092 1426 3145 Omnem.
1453 3092 1681 3144 ducibus.
1707 3091 1841 3144 Gell.

836 3175 957 3238 vn,
985 3173 1046 3239 14
1064 3195 1076 3223 :
1106 3195 1128 3218 κ
1147 3175 1221 3225 Ea
1241 3176 1354 3245 ipse
1375 3192 1568 3244 genera
1586 3173 1799 3225 dicendi
1814 3195 1837 3220 n

835 3248 1005 3321 (ἅδρὰν
1042 3251 1204 3316 uber,
1242 3247 1397 3317 ἶσχνόι
1433 3251 1630 3323 gracile
1649 3290 1666 3318 ‚
1703 3247 1846 3316 μὸσον

836 3328 1136 3396 mediocre)
1167 3352 1190 3375 α
1203 3334 1317 3401 jam
1340 3333 1629 3402 antiquitus
1654 3329 1848 3381 tradita

844 3430 866 3454 ιι
888 3407 955 3459 ab
991 3411 1222 3461 Homero
1261 3422 1386 3462 sunt
1421 3411 1518 3461 tria
1552 3411 1607 3461 in
1642 3407 1844 3469 tribus;

843 3508 866 3534 ι
886 3488 1223 3557 magnificum
1241 3490 1297 3540 in
1311 3489 1476 3562 Ulyxe
1498 3501 1552 3540 et
1570 3487 1846 3554 ubertum,

844 3587 867 3611 ιι
887 3565 1078 3618 subtile
1102 3569 1155 3617 in
1173 3567 1420 3620 Menelao
1446 3582 1499 3619 et
1519 3565 1845 3633 cohibitum,

843 3669 865 3691 ιι
885 3647 1104 3697 mixtum
1124 3644 1563 3717 moderatumque
1581 3647 1639 3697 in
1656 3647 1844 3698 Nesto-

842 3747 864 3770 «
884 3742 957 3775 re.
979 3748 1003 3771 a
1034 3723 1167 3776 Vide
1191 3739 1245 3777 et
1266 3726 1514 3778 vossium
1537 3727 1590 3777 in
1613 3728 1706 3781 Or.
1731 3727 1842 3777 Ins-

836 3805 914 3854 tit.
940 3802 976 3853 l.
999 3804 1099 3868 vl,
1122 3821 1168 3853 c.
1203 3820 1248 3868 1,
1272 3823 1326 3875 p.
1353 3804 1476 3875 427,
1500 3818 1552 3856 et
1575 3803 1842 3857 Glarkium

838 3881 906 3933 ad
918 3880 1065 3933 mad.
1083 3884 1179 3948 111,
1196 3900 1223 3934 2
1237 3899 1255 3933 1
1266 3884 1325 3947 3,
1338 3884 1428 3953 qui
1441 3882 1673 3954 plurium
1682 3885 1844 3954 scrip·

836 3974 1013 4011 torum
1049 3960 1179 4013 locis
1212 3960 1409 4014 docent
1428 3997 1444 4026 ,
1475 3964 1614 4013 inter
1642 3975 1841 4014 veteres

838 4041 1148 4092 convenisse
1187 4039 1255 4093 de
1298 4039 1400 4091 hac
1441 4042 1841 4093 Homericorum

839 4131 1108 4170 oratorum
1137 4122 1475 4191 proprietate.
1504 4123 1572 4173 Et
1603 4122 1840 4192 inprimis

838 4196 953 4249 vide
969 4200 1145 4251 Nostr.
1167 4199 1290 4266 XII,
1316 4216 1406 4266 ιο,
1426 4197 1523 4266 63,
1542 4199 1630 4267 64.
1651 4201 1730 4253 De
1749 4202 1842 4252 tri-

1932 1345 2034 1399 bus
2058 1345 2160 1399 illis
2184 1334 2397 1399 dicendi
2418 1345 2704 1416 generibus
2724 1344 2926 1417 copiose

1932 1426 2119 1479 Cicero
2142 1429 2290 1482 om.
2316 1445 2364 1478 c.
2395 1425 2592 1492 23-28,
2610 1427 2740 1478 item
2756 1436 2927 1477 auctor

1934 1505 2099 1559 libelli
2116 1505 2183 1558 de
2203 1507 2310 1558 vita
2327 1507 2541 1559 Homeri
2553 1543 2571 1573 ‚
2594 1525 2648 1578 p.
2670 1504 2820 1558 Galei
2836 1503 2926 1570 314

1935 1604 2046 1657 seq.
2076 1602 2232 1657 quem
2260 1584 2446 1637 eadem
2472 1584 2672 1636 ducum
2700 1585 2929 1636 Homeri·-

1936 1682 2124 1715 corum
2148 1663 2388 1734 exempla
2409 1663 2721 1715 efferentem
2745 1662 2926 1714 obscu-

1939 1743 2045 1795 rius
2078 1741 2318 1813 designat
2343 1741 2581 1794 Clarkius
2616 1760 2679 1793 ex
2709 1740 2855 1793 Galei
2882 1750 2929 1792 et

1938 1823 2169 1874 namesii
2189 1824 2476 1874 sententia:
2498 1823 2811 1893 Dionysium
2822 1818 2924 1871 nal.

1938 1896 2052 1969 anfi
2075 1900 2157 1955 eie
2176 1897 2377 1969 Ὀμιῖρου
2404 1896 2644 1954 mm‘mc.
2674 1902 2769 1952 Est
2795 1899 2927 1951 locus

1939 1979 2052 2033 Gal.
2093 1999 2148 2052 p.
2189 1980 2293 2050 377·
2328 1995 2437 2049 seq.
2476 1991 2529 2031 et
2567 1980 2784 2030 Homer.
2820 1979 2927 2029 Em.

1938 2058 2043 2111 vol.
2067 2062 2135 2124 V,
2163 2078 2217 2129 p.
2250 2058 2370 2112 238.
2400 2058 2651 2130 Superior
2677 2056 2827 2110 locus
2851 2075 2927 2128 ap.

1937 2141 2060 2191 Em.
2085 2156 2141 2210 p.
2174 2138 2275 2190 180
2298 2156 2408 2208 seq.

2006 2218 2056 2285 4.
2074 2218 2425 2270 certamina...
2425 2218 2658 2288 juvenes.
2671 2214 2819 2268 Iliad.
2830 2215 2931 2277 XV,

1944 2296 2083 2363 284:
2127 2292 2367 2350 ...dm-der·
2398 2296 2546 2363 κοῦροι
2579 2294 2804 2364 ἱρίσσυσιυ
2832 2291 2931 2364 copi

1934 2374 2112 2442 μύθων.

2011 2453 2062 2508 5.
2105 2457 2245 2526 Quin
2284 2454 2341 2507 t'n
2378 2454 2639 2507 coelatura.
2677 2454 2851 2507 Guelf.
2886 2465 2934 2506 et

1939 2535 2114 2587 Turio.
2153 2534 2209 2586 in
2243 2536 2495 2587 omittunt
2526 2552 2647 2587 cum
2678 2533 2933 2606 plerisque

1939 2613 2107 2666 Codd.
2138 2616 2329 2666 Utrum
2358 2613 2520 2666 Goth.
2554 2613 2756 2666 habeat
2786 2631 2932 2686 praep.

1938 2711 2108 2746 necne
2131 2711 2241 2746 non
2269 2694 2513 2756 memini3
2538 2694 2701 2746 Genu.
2733 2692 2935 2764 quidem

1938 2771 2014 2825 nil
2030 2774 2254 2825 monuit.
2275 2772 2380 2826 Sed
2395 2789 2582 2824 vereor
2599 2784 2659 2823 ut
2678 2774 2821 2824 assit.
2835 2773 2936 2823 Bri-

1937 2852 2136 2904 tannici
2158 2850 2328 2904 Codd.
2359 2850 2558 2904 habent
2586 2868 2733 2918 eam,
2758 2853 2803 2904 si
2827 2849 2936 2902 dili-

1936 2948 2066 3000 gens
2091 2943 2172 2983 est
2192 2929 2417 2983 Gibeoui
2442 2930 2727 2984 silentium.
2754 2932 2808 2984 Si
2825 2928 2935 2982 Aldi

1938 3023 2018 3063 est
2062 3013 2372 3082 conjectura
2414 3011 2470 3061 in
2510 3010 2617 3062 hoc
2658 3011 2933 3082 interposi·-

1935 3102 2078 3157 tum‚
2096 3091 2364 3142 verissime
2388 3101 2469 3142 est
2490 3088 2595 3141 illa.
2620 3119 2685 3128 -—-
2707 3090 2779 3142 In
2799 3091 2937 3140 omit·

1937 3181 2058 3220 tunt
2080 3187 2294 3240 quoque
2321 3171 2427 3222 RR.
2458 3167 2628 3222 codd.
2661 3185 2708 3234 1,
2742 3186 2801 3233 2,
2829 3169 2861 3219 3
2887 3180 2933 3218 et

1936 3249 2098 3301 Cin.
2135 3247 2236 3299 Ed.
2273 3278 2348 3287 —
2384 3248 2453 3299 In
2491 3245 2759 3300 celatura.
2792 3245 2929 3300 Iliad.

1933 3325 2128 3391 XVIII,
2152 3324 2406 3396 497-508.

2004 3404 2055 3456 6.
2082 3402 2231 3456 Illud
2246 3403 2539 3457 admonere.
2558 3402 2737 3457 Guelf.
2758 3404 2932 3455 inserit

1934 3483 2074 3536 enim
2114 3501 2237 3536 eum
2266 3486 2447 3537 Turio.
2491 3482 2653 3536 Goth.
2699 3496 2756 3535 et
2793 3484 2930 3537 Jens.

1934 3562 2166 3632 (tacente
2179 3563 2366 3634 Gesn.)
2381 3575 2435 3614 et
2452 3561 2621 3615 Codd.
2642 3561 2933 3634 plerisque,

1932 3639 2054 3694 edd.
2102 3654 2281 3694 autem
2322 3654 2442 3693 ante
2482 3639 2681 3715 Gryph.
2728 3638 2935 3711 (1544)

1930 3721 2060 3773 meis
2081 3719 2345 3773 omnibus.
2364 3723 2553 3792 Neque
2576 3719 2811 3772 alienum
2830 3731 2932 3782 est,

1931 3801 2092 3854 modo
2117 3802 2313 3853 referas
2337 3799 2407 3852 ed
2430 3800 2748 3866 laboramus,
2777 3814 2933 3852 mns-

1929 3880 2127 3935 iliendo
2146 3879 2534 3955 parenthesin*
2553 3897 2930 3952 quamnquam...

1937 3971 2229 4014 «auctores
2278 3958 2514 4013 Silentur
2557 3957 2783 4014 Codices
2828 3954 2930 4008 Bal.

1929 4043 2084 4092 Voss.
2118 4059 2164 4106 1,
2186 4042 2338 4093 Bern.

2003 4136 2053 4188 7.
2075 4118 2530 4173 Consummaverit.
2543 4116 2703 4171 Goth.
2722 4128 2777 4167 et
2790 4117 2929 4167 Jens.

1930 4197 2057 4269 (tac.
2079 4200 2267 4271 Gesu.)
2285 4198 2605 4254 concremarit
2618 4215 2741 4249 eum
2759 4193 2934 4247 multis
