3200 5150
581 513 1230 581 INSTITUTIONIS
1267 513 1528 591 ORAT..
1562 514 1722 593 [ΑΒ.
1764 514 1897 592 111,
1937 515 2000 581 6.
2203 513 2329 606 499

274 663 439 714 actor
472 638 734 738 optime
774 657 1081 726 tueatur;
1124 637 1215 707 ita
1246 634 1360 707 hic
1398 661 1680 734 quoque
1715 662 1911 734 posse
1951 637 2124 726 dici,
2167 666 2332 711 eum

273 776 505 827 statum
524 764 543 799 ¹
581 778 725 827 esse
755 750 1192 839 faciendum,
1227 749 1300 822 in
1329 776 1470 850 quo
1498 740 1760 823 tuendo
1792 750 2181 850 plurimum
2208 753 2336 823 ad-

272 868 490 942 hibere
516 867 770 940 virium
799 866 1010 966 possit
1036 886 1297 955 orator3
1329 865 1626 965 ideoque
1658 891 1783 965 pro
1812 864 2114 955 Milone,
2149 865 2339 938 aliud
2375 881 2444 950 93

273 981 570 1056 Ciceroni
590 981 819 1082 agenti
843 980 1134 1080 placuit,
1156 979 1348 1052 aliud
1371 981 1583 1053 Bruto
1599 994 1655 1071 ²,
1683 1008 1909 1080 quum
1933 981 2342 1054 exercitatio-

270 1097 365 1170 nis
396 1096 610 1197 gratia
639 1116 1093 1196 componeret
1121 1094 1542 1184 orationem3
1579 1122 1804 1194 quum
1843 1094 1959 1167 ille
1975 1098 2141 1195 jure
2174 1113 2344 1168 tam-

270 1238 464 1313 quam
487 1212 946 1285 insidiatorem
974 1218 1301 1300 occisum,
1330 1232 1397 1283 et
1419 1232 1657 1283 tamen
1692 1237 1839 1282 non
1866 1209 2153 1283 Miloni‘s
2182 1238 2345 1283 con-

269 1325 440 1416 silio,
477 1325 760 1411 dixer-iu
787 1324 901 1398 hic
930 1323 1184 1398 etiam³
1214 1326 1542 1426 qloriatus
1562 1331 1646 1399 sit
1675 1331 1895 1400 occiso
1925 1327 2109 1401 malo
2133 1335 2279 1399 cive
2295 1330 2345 1421 ).

268 1443 343 1512 In
369 1438 754 1541 conjunctis
776 1465 935 1514 vero
965 1467 1162 1541 posse
1179 1439 1213 1502 4
1246 1441 1419 1514 duos
1448 1463 1514 1513 et
1537 1462 1671 1514 tres
1689 1439 1717 1486 5
1749 1441 2085 1533 inveniri,
2112 1441 2219 1515 vel
2250 1442 2349 1513 di·
2386 1449 2459 1519 94

268 1582 514 1647 versos,
543 1575 620 1629 ut
645 1555 700 1628 si
724 1555 878 1655 quis
902 1555 1093 1629 aliud
1123 1584 1194 1630 se
1223 1584 1369 1629 non
1392 1557 1668 1646 fecisse,
1688 1556 1879 1630 aliud
1908 1578 2084 1630 recte
2111 1558 2352 1630 fecisse

270 1670 625 1761 defendat3
655 1671 764 1744 vel
802 1673 1073 1771 generis
1111 1672 1470 1774 ejusdem,
1501 1693 1580 1744 ut
1611 1672 1668 1744 si
1701 1672 1855 1771 quis
1889 1671 2030 1744 duo
2063 1671 2357 1743 crimina

268 1783 369 1856 vel
394 1784 633 1857 omnia
659 1806 884 1885 neget.
914 1786 1130 1876 Quod
1154 1784 1406 1858 accidit
1432 1785 1642 1859 etiam
1662 1842 1682 1876 ‚
1713 1786 1767 1857 si
1793 1786 1878 1858 de
1909 1813 2050 1858 una
2075 1813 2145 1859 re
2171 1812 2358 1886 quae-
2391 1795 2459 1866 95

272 1920 451 1970 ratur
477 1898 742 1999 aliqua,
767 1900 889 1973 sed
916 1925 1074 1975 eam
1104 1900 1336 2000 plures
1362 1922 1635 2000 petant;
1660 1900 1768 1973 vel
1792 1901 2040 1974 eodem
2058 1901 2254 2002 jure,
2283 1923 2360 1974 ut

269 2013 788 2113 proximitatis⁶;
817 2015 926 2088 vel
956 2016 1256 2109 diverso,
1281 2037 1359 2088 ut
1385 2043 1611 2116 quum
1638 2015 1749 2089 hic
1773 2012 2214 2106 testamento,
2242 2014 2358 2087 ille

259 2163 349 2230 jus
373 2159 450 2209 rei
477 2175 664 2224 causa,
689 2176 792 2229 qua
822 2158 970 2230 quod
993 2158 1187 2212 falsum
1212 2172 1267 2212 et
1352 2157 1564 2233 Duplex
1595 2157 1688 2210 ille
1716 2158 1940 2211 vidimus
1972 2160 2050 2223 11,
2084 2156 2148 2224 8,
2183 2173 2202 2207 ι
2220 2173 2262 2207 ι.
2287 2184 2359 2195 —-

265 2252 419 2308 turpe
443 2249 523 2289 est
546 2237 981 2289 velamus.Tnn1t.
1353 2240 1415 2290 R.
1445 2256 1503 2305 2,
1527 2238 1612 2290 hic
1631 2239 1807 2292 etiam.
1832 2240 1939 2290 RR.
1972 2254 1993 2287 ι
2010 2274 2029 2303 ,
2057 2234 2088 2288 5
2117 2248 2168 2287 et
2196 2234 2358 2286 editio

343 2333 386 2367 ι.
419 2317 562 2367 Eum
592 2326 819 2369 statum..
827 2316 1051 2388 ..possit
1078 2326 1264 2370 orator.
1355 2318 1549 2385 Cum,
1573 2317 1665 2370 ille
1686 2320 1859 2371 etiam.
1886 2320 1977 2368 En.

261 2395 400 2450 Vide
422 2394 466 2466 ς.
490 2413 553 2466 9,
585 2414 663 2450 ιο.
1428 2397 1479 2462 4.
1497 2396 1563 2448 In
1587 2396 1929 2466 conjunctis...
1946 2402 2106 2466 posse.
2122 2393 2369 2446 Pendent

336 2494 384 2528 2.
415 2475 595 2527 Bruto.
614 2475 749 2530 vide
774 2476 857 2547 X,
892 2494 938 2545 ι,
971 2476 1069 2542 23;
1096 2478 1178 2544 Χ,
1202 2474 1267 2543 5,
1355 2475 1469 2526 haee
1493 2491 1523 2525 a
1545 2472 1708 2525 verbo
1733 2473 1997 2535 convenit,
2019 2473 2063 2545 §.
2085 2490 2173 2543 91,
2196 2473 2358 2544 paulo

264 2570 351 2609 2ο.
377 2554 482 2624 Qui
503 2552 643 2608 hanc
666 2555 810 2608 Bruti
835 2559 1128 2609 orationem
1152 2568 1270 2608 tan-
1357 2551 1596 2623 longiore
1619 2553 1889 2624 interjecta
1911 2551 2233 2623 parenthesi,
2245 2570 2359 2623 quae

261 2644 412 2704 geret
432 2635 696 2683 neminem
715 2647 906 2701 praeter
923 2637 1177 2683 Nostrum
1195 2636 1273 2683 in-
1359 2644 1413 2683 et
1433 2633 1551 2703 ipsa
1576 2647 1701 2683 snos
1729 2630 1889 2682 habet
1915 2631 2196 2684 infinitivus
2223 2650 2358 2704 pen-

262 2709 401 2762 veni.
419 2709 725 2762 Orationem
736 2725 836 2779 pro
851 2707 1105 2779 Dejotaro
1125 2710 1271 2760 Bruti
1360 2708 1544 2761 dentes
1574 2728 1602 2761 a
1627 2708 1792 2761 eredo.

261 2786 434 2841 habes
453 2784 597 2857 apud
613 2784 720 2836 Cic.
743 2785 884 2835 Brut.
897 2802 980 2851 ‚.e
1004 2783 1063 2849 5,·
1079 2785 1148 2836 ad
1160 2786 1266 2838 Att.
1431 2786 1481 2838 5.
1509 2786 1651 2839 Duos
1672 2796 1723 2837 et
1745 2796 1855 2838 tres.
1886 2788 1962 2846 Ita
1983 2790 2158 2839 Turio.
2183 2787 2355 2840 Guelf.

261 2869 408 2933 xlv,
451 2881 515 2929 ι,
562 2877 616 2917 et
660 2866 901 2935 scriptor.
949 2863 1159 2934 Dialogi
1203 2865 1272 2917 de
1358 2865 1518 2918 Goth.
1556 2865 1681 2936 (tac.
1714 2864 1899 2935 Gesn.)
1933 2865 2068 2917 Alm.
2097 2869 2249 2918 Voss.
2294 2867 2327 2919 3
2342 2904 2360 2934 ,

260 2949 423 3011 Οτι,
450 2962 497 2996 e.
531 2955 626 3010 2ι,
660 2958 680 2994 ι
697 2959 750 3006 ις
780 2941 874 2995 sed
900 2942 1004 2994 alio
1034 2957 1271 3015 tempore
1360 2961 1483 2996 cum
1506 2942 1627 2995 edd.
1652 2942 1772 2995 Ald.
1798 2943 1976 3014 Steph.
2000 2943 2201 3016 Gryph.
2227 2944 2356 3000 Obr.

259 3023 503 3077 habitam
515 3039 672 3093 quam
686 2982 966 3074 Ciceronis.
983 3020 1271 3073 ldemscri-
1358 3024 1543 3076 caeteri
1564 3021 1617 3074 d.
1644 3021 1728 3074 vel
1750 3032 1784 3072 t.
1810 3023 2015 3074 Praetuli
2033 3037 2266 3074 nostram
2288 3024 2359 3075 ob

258 3116 395 3176 ptor
415 3106 530 3174 ejus
553 3101 908 3172 eloquentiam
925 3117 957 3151 ι
974 3100 1271 3152 Ciceronis·
1359 3119 1679 3154 consensum
1704 3099 1872 3153 codd.
1904 3114 1957 3152 et
1980 3102 2103 3171 quia
2129 3119 2251 3153 mox
2280 3115 2358 3153 est

259 3201 339 3234 na
360 3180 620 3233 diversam
633 3178 862 3231 ostendit
874 3178 940 3249 (c.
963 3195 980 3230 1
994 3196 1043 3249 7,
1065 3196 1082 3229 ι
1094 3180 1145 3245 8,
1163 3177 1269 3250 25),
1359 3180 1457 3233 vel.
1473 3181 1784 3232 Manifestus
1800 3192 1977 3231 autem
1992 3182 2291 3233 Turiceusis
2306 3195 2358 3233 et

257 3274 327 3314 ut
362 3274 417 3313 et
443 3256 793 3332 philosophiae
826 3260 1083 3329 aptiorem
1112 3276 1271 3329 quam
1357 3257 1614 3312 Almelov.
1640 3276 1929 3311 consensus
1957 3260 2012 3310 in
2041 3277 2214 3310 errore
2237 3278 2358 3331 pos-

255 3333 448 3394 causis'
475 3337 691 3411 agendis
722 3340 931 3403 Noster,
956 3340 1032 3405 X,
1062 3354 1082 3389 1
1103 3376 1119 3404 ,
1153 3339 1266 3392 123.
1356 3348 1430 3394 set
1451 3356 1538 3390 vos
1558 3355 1657 3410 pro
1680 3355 1825 3409 posse
1848 3336 1991 3391 duos.
2016 3336 2154 3408 (vid.
2183 3337 2225 3408 §.
2249 3338 2358 3412 84.)

253 3421 456 3474 Cicero
477 3436 689 3490 quoque
711 3436 741 3471 ιι
763 3436 857 3470 sna
875 3431 1018 3470 secta
1042 3417 1270 3471 alienum
1355 3445 1429 3458 --
1444 3418 1551 3469 RR.
1579 3433 1627 3483 ι,
1648 3433 1676 3467 2
1690 3453 1707 3482 ,
1731 3416 1765 3468 3
1783 3429 1838 3467 et
1856 3415 1937 3467 ed.
1960 3418 2119 3480 Qnr.
2133 3455 2149 3482 ,
2171 3427 2225 3467 et
2245 3428 2352 3469 tres.

253 3511 449 3552 narrat
469 3497 537 3549 ad
558 3499 665 3549 Att.
692 3499 828 3564 xlv,
852 3513 943 3562 203
961 3498 1077 3563 XV,
1103 3513 1147 3549 1.
1167 3495 1271 3550 sed
1356 3496 1453 3548 Ed.
1479 3497 1660 3562 Cum,
1684 3494 1767 3547 vel
1788 3506 1897 3548 tres
1923 3496 2014 3547 En.

255 3595 383 3631 non
425 3595 617 3647 genere
657 3576 865 3630 dicendi
906 3574 1054 3643 solo,
1090 3595 1272 3630 verum
1351 3629 1358 3634 ,
1429 3573 1480 3625 6.
1505 3575 1577 3626 Ut
1586 3573 1948 3647 proximitatis.
1970 3577 2105 3627 Nam
2124 3574 2266 3626 bona
2285 3578 2359 3626 in·

256 3658 433 3710 etiam
449 3653 652 3726 judicio
676 3654 978 3709 dissimilem
1005 3657 1271 3708 Ciceronis
1359 3665 1670 3705 testatorum
1703 3650 1769 3703 ab
1803 3654 2003 3722 agnatis
2040 3666 2092 3706 et
2127 3653 2228 3705 illis
2267 3656 2356 3722 qui

251 3735 418 3788 dicas
464 3732 570 3786 hoe
611 3734 867 3806 exemplo,
914 3735 1051 3787 Scite
1096 3748 1273 3787 autem
1361 3743 1483 3784 sunt
1523 3747 1732 3783 mortuo
1773 3733 1997 3802 proximi
2033 3731 2351 3783 obtinentur.

251 3823 458 3866 monet
477 3810 739 3863 Gesnerus
765 3813 941 3882 ipsum
962 3811 1272 3865 Ciceronem
1359 3812 1595 3864 Intestati
1615 3829 1740 3863 vero
1763 3825 1874 3861 non
1896 3809 2068 3860 solum
2091 3808 2355 3874 dicuntur,

250 3889 478 3961 aliquid
530 3889 696 3942 simile
749 3891 1002 3942 Brutianae
1056 3893 1270 3944 rationis
1359 3892 1397 3941 ii
1426 3893 1516 3960 qui
1543 3902 1913 3943 testamentum
1948 3906 2058 3940 non
2086 3889 2355 3950 fecerunt3
2456 3887 2465 3898 ‘

251 3983 534 4035 tractare,
569 3987 616 4020 e.
657 3986 753 4039 27-
725 3969 855 4035 -30,
890 3987 1062 4040 neque
1098 3983 1272 4023 temen
1360 3968 1455 4021 sed
1476 3957 1633 4020 etiam
1653 3985 1877 4038 qnorum
1903 3979 2268 4018 testamentum
2287 3968 2362 4017 ir·

253 4053 395 4123 ipsa
420 4049 626 4100 actione
649 4046 705 4099 id
727 4065 977 4100 ausurum
999 4046 1179 4100 videri.
1358 4050 1517 4100 ritum
1553 4046 1668 4116 lege
1706 4060 1758 4099 et
1783 4045 1986 4117 judicio
2018 4046 2218 4098 factum
2244 4059 2354 4112 est,

343 4127 403 4180 3
424 4125 527 4179 Hic
543 4126 716 4179 etiam.
732 4120 903 4179 Guelf.
925 4139 978 4177 et
990 4128 1163 4178 Turic-
1187 4125 1278 4180 ille
1362 4140 1452 4179 aut
1476 4133 1701 4196 quorum
1725 4137 2034 4176 testamento
2058 4123 2233 4176 nullus
2253 4125 2355 4177 fuit

245 4206 461 4272 etiam,
487 4224 609 4259 cum
626 4205 948 4260 Almeloven.
976 4217 1028 4259 et
1045 4208 1198 4260 Voss.
1220 4204 1274 4259 3.
1365 4203 1663 4277 designatus
1686 4203 1863 4260 haeres.
1890 4204 1979 4268 En.

1988 4292 2073 4347 32.
