<?xml version="1.0" encoding="UTF-8"?>
<!DOCTYPE html PUBLIC "-//W3C//DTD XHTML 1.0 Transitional//EN"
    "http://www.w3.org/TR/xhtml1/DTD/xhtml1-transitional.dtd">
<html xmlns="http://www.w3.org/1999/xhtml" xml:lang="en" lang="en">
 <head>
  <title>
</title>
<meta http-equiv="Content-Type" content="text/html;charset=utf-8" />
  <meta name='ocr-system' content='tesseract 3.04.00' />
  <meta name='ocr-capabilities' content='ocr_page ocr_carea ocr_par ocr_line ocrx_word'/>
</head>
<body>
  <div class='ocr_page' id='page_1' title='image "./deinstitutioneo12quingoog_0099.png"; bbox 0 0 3200 5150; ppageno 0'>
   <div class='ocr_carea' id='block_1_1' title="bbox 604 528 2386 645">
    <p class='ocr_par' dir='ltr' id='par_1_1' title="bbox 604 528 2386 645">
     <span class='ocr_line' id='line_1_1' title="bbox 604 528 2386 645; baseline 0.001 -39"><span class='ocrx_word' id='word_1_1' title='bbox 604 634 611 645; x_wconf 28' lang='grc' dir='ltr'><strong><em>ο</em></strong></span> <span class='ocrx_word' id='word_1_2' title='bbox 663 537 1313 607; x_wconf 82' lang='lat' dir='ltr'>lNSTITUTIONlS</span> <span class='ocrx_word' id='word_1_3' title='bbox 1347 538 1602 607; x_wconf 85' lang='lat' dir='ltr'><strong>ORAT.</strong></span> <span class='ocrx_word' id='word_1_4' title='bbox 1644 538 1804 609; x_wconf 90' lang='lat' dir='ltr'><strong>LIB.</strong></span> <span class='ocrx_word' id='word_1_5' title='bbox 1846 538 1912 621; x_wconf 85' lang='lat'><strong>1,</strong></span> <span class='ocrx_word' id='word_1_6' title='bbox 1956 562 2013 607; x_wconf 76' lang='lat'><strong>2.</strong></span> <span class='ocrx_word' id='word_1_7' title='bbox 2305 528 2386 629; x_wconf 69' lang='lat'><strong>73</strong></span> 
     </span>
    </p>
   </div>
   <div class='ocr_carea' id='block_1_2' title="bbox 284 661 2390 2707">
    <p class='ocr_par' dir='ltr' id='par_1_2' title="bbox 284 661 2390 2707">
     <span class='ocr_line' id='line_1_2' title="bbox 301 661 2390 764; baseline 0 -25"><span class='ocrx_word' id='word_1_8' title='bbox 301 686 652 739; x_wconf 74' lang='lat' dir='ltr'><strong>summam</strong></span> <span class='ocrx_word' id='word_1_9' title='bbox 695 685 979 763; x_wconf 83' lang='lat' dir='ltr'><strong>putant,</strong></span> <span class='ocrx_word' id='word_1_10' title='bbox 1013 663 1423 762; x_wconf 84' lang='lat' dir='ltr'><strong>eloquentiae</strong></span> <span class='ocrx_word' id='word_1_11' title='bbox 1454 661 1857 752; x_wconf 87' lang='lat' dir='ltr'><strong>audebunt;</strong></span> <span class='ocrx_word' id='word_1_12' title='bbox 1894 663 2207 764; x_wconf 85' lang='lat' dir='ltr'><strong>proxima</strong></span> <span class='ocrx_word' id='word_1_13' title='bbox 2238 689 2390 739; x_wconf 86' lang='lat' dir='ltr'><strong>am-</strong></span> 
     </span>
     <span class='ocr_line' id='line_1_3' title="bbox 298 775 2390 879; baseline -0.001 -26"><span class='ocrx_word' id='word_1_14' title='bbox 298 780 693 879; x_wconf 88' lang='lat' dir='ltr'><strong>plectuntur</strong></span> <span class='ocrx_word' id='word_1_15' title='bbox 738 778 958 876; x_wconf 79' lang='lat' dir='ltr'><strong>magis</strong></span> <span class='ocrx_word' id='word_1_16' title='bbox 984 832 1004 865; x_wconf 87' lang='lat'><strong>‚</strong></span> <span class='ocrx_word' id='word_1_17' title='bbox 1055 797 1129 848; x_wconf 91' lang='lat' dir='ltr'><strong>ut</strong></span> <span class='ocrx_word' id='word_1_18' title='bbox 1168 777 1334 850; x_wconf 87' lang='lat' dir='ltr'><strong>vites</strong></span> <span class='ocrx_word' id='word_1_19' title='bbox 1382 776 1745 853; x_wconf 82' lang='lat' dir='ltr'>arboribus</span> <span class='ocrx_word' id='word_1_20' title='bbox 1786 775 2123 877; x_wconf 83' lang='lat' dir='ltr'><strong>applicitae</strong></span> <span class='ocrx_word' id='word_1_21' title='bbox 2146 832 2167 866; x_wconf 87' lang='lat'>‚</span> <span class='ocrx_word' id='word_1_22' title='bbox 2212 775 2390 851; x_wconf 88' lang='lat' dir='ltr'><strong>infe-</strong></span> 
     </span>
     <span class='ocr_line' id='line_1_4' title="bbox 298 888 2390 992; baseline -0 -27"><span class='ocrx_word' id='word_1_23' title='bbox 298 894 507 967; x_wconf 87' lang='lat' dir='ltr'><strong>riores</strong></span> <span class='ocrx_word' id='word_1_24' title='bbox 544 892 738 992; x_wconf 83' lang='lat' dir='ltr'><strong>prius</strong></span> <span class='ocrx_word' id='word_1_25' title='bbox 770 888 1361 990; x_wconf 82' lang='lat' dir='ltr'><strong>apprehendendo</strong></span> <span class='ocrx_word' id='word_1_26' title='bbox 1406 916 1676 978; x_wconf 63' lang='lat' dir='ltr'><strong>ramoS,</strong></span> <span class='ocrx_word' id='word_1_27' title='bbox 1719 890 1792 963; x_wconf 90' lang='lat' dir='ltr'><strong>in</strong></span> <span class='ocrx_word' id='word_1_28' title='bbox 1835 891 2204 964; x_wconf 86' lang='lat' dir='ltr'><strong>cacumina</strong></span> <span class='ocrx_word' id='word_1_29' title='bbox 2235 918 2390 964; x_wconf 83' lang='lat' dir='ltr'><strong>eva·</strong></span> 
     </span>
     <span class='ocr_line' id='line_1_5' title="bbox 299 1003 2385 1104; baseline 0 -23"><span class='ocrx_word' id='word_1_30' title='bbox 299 1008 493 1080; x_wconf 88' lang='lat' dir='ltr'><strong>dunt.</strong></span> <span class='ocrx_word' id='word_1_31' title='bbox 533 1006 748 1096; x_wconf 90' lang='lat' dir='ltr'><strong>Quod</strong></span> <span class='ocrx_word' id='word_1_32' title='bbox 781 1006 953 1078; x_wconf 89' lang='lat' dir='ltr'><strong>adeo</strong></span> <span class='ocrx_word' id='word_1_33' title='bbox 990 1032 1234 1077; x_wconf 87' lang='lat' dir='ltr'><strong>verum</strong></span> <span class='ocrx_word' id='word_1_34' title='bbox 1269 1024 1405 1094; x_wconf 85' lang='lat' dir='ltr'><strong>est,</strong></span> <span class='ocrx_word' id='word_1_35' title='bbox 1441 1026 1518 1077; x_wconf 88' lang='lat' dir='ltr'><strong>ut</strong></span> <span class='ocrx_word' id='word_1_36' title='bbox 1550 1003 1764 1104; x_wconf 86' lang='lat' dir='ltr'><strong>ipsius</strong></span> <span class='ocrx_word' id='word_1_37' title='bbox 1799 1004 2007 1077; x_wconf 89' lang='lat' dir='ltr'><strong>etiam</strong></span> <span class='ocrx_word' id='word_1_38' title='bbox 2041 1005 2385 1104; x_wconf 78' lang='lat' dir='ltr'>magistri,</span> 
     </span>
     <span class='ocr_line' id='line_1_6' title="bbox 297 1117 2386 1218; baseline 0 -26"><span class='ocrx_word' id='word_1_39' title='bbox 297 1122 352 1193; x_wconf 89' lang='lat' dir='ltr'><strong>si</strong></span> <span class='ocrx_word' id='word_1_40' title='bbox 414 1142 649 1195; x_wconf 88' lang='lat' dir='ltr'><strong>tamen</strong></span> <span class='ocrx_word' id='word_1_41' title='bbox 702 1120 1084 1192; x_wconf 79' lang='lat' dir='ltr'>ambitiosis</span> <span class='ocrx_word' id='word_1_42' title='bbox 1153 1118 1347 1190; x_wconf 89' lang='lat' dir='ltr'><strong>utilia</strong></span> <span class='ocrx_word' id='word_1_43' title='bbox 1412 1119 1725 1217; x_wconf 65' lang='lat' dir='ltr'><strong>praeferet</strong></span> <span class='ocrx_word' id='word_1_44' title='bbox 1755 1173 1774 1209; x_wconf 84' lang='lat'><strong>,</strong></span> <span class='ocrx_word' id='word_1_45' title='bbox 1833 1117 1968 1193; x_wconf 87' lang='lat' dir='ltr'><strong>hoc</strong></span> <span class='ocrx_word' id='word_1_46' title='bbox 2022 1145 2198 1218; x_wconf 84' lang='lat' dir='ltr'><strong>opus</strong></span> <span class='ocrx_word' id='word_1_47' title='bbox 2253 1120 2338 1193; x_wconf 89' lang='lat' dir='ltr'><strong>sit</strong></span> <span class='ocrx_word' id='word_1_48' title='bbox 2364 1175 2386 1209; x_wconf 87' lang='lat'><strong>‚</strong></span> 
     </span>
     <span class='ocr_line' id='line_1_7' title="bbox 295 1232 2389 1335; baseline -0.001 -28"><span class='ocrx_word' id='word_1_49' title='bbox 295 1260 519 1335; x_wconf 89' lang='lat' dir='ltr'><strong>quum</strong></span> <span class='ocrx_word' id='word_1_50' title='bbox 554 1234 783 1306; x_wconf 85' lang='lat' dir='ltr'><strong>adhuc</strong></span> <span class='ocrx_word' id='word_1_51' title='bbox 826 1233 1027 1305; x_wconf 88' lang='lat' dir='ltr'><strong>rudia</strong></span> <span class='ocrx_word' id='word_1_52' title='bbox 1059 1232 1372 1305; x_wconf 84' lang='lat' dir='ltr'>tractabit</span> <span class='ocrx_word' id='word_1_53' title='bbox 1412 1232 1730 1330; x_wconf 79' lang='lat' dir='ltr'><strong>ingenia,</strong></span> <span class='ocrx_word' id='word_1_54' title='bbox 1764 1259 1908 1304; x_wconf 90' lang='lat' dir='ltr'><strong>non</strong></span> <span class='ocrx_word' id='word_1_55' title='bbox 1947 1232 2178 1304; x_wconf 83' lang='lat' dir='ltr'><strong>statim</strong></span> <span class='ocrx_word' id='word_1_56' title='bbox 2221 1259 2389 1305; x_wconf 89' lang='lat' dir='ltr'><strong>one-</strong></span> 
     </span>
     <span class='ocr_line' id='line_1_8' title="bbox 294 1345 2387 1444; baseline -0 -25"><span class='ocrx_word' id='word_1_57' title='bbox 294 1374 442 1422; x_wconf 86' lang='lat' dir='ltr'><strong>rare</strong></span> <span class='ocrx_word' id='word_1_58' title='bbox 467 1347 943 1421; x_wconf 84' lang='lat' dir='ltr'><strong>infirmitatem</strong></span> <span class='ocrx_word' id='word_1_59' title='bbox 976 1346 1427 1436; x_wconf 83' lang='lat' dir='ltr'><strong>discentium,</strong></span> <span class='ocrx_word' id='word_1_60' title='bbox 1448 1347 1567 1417; x_wconf 86' lang='lat' dir='ltr'><strong>sed</strong></span> <span class='ocrx_word' id='word_1_61' title='bbox 1598 1367 1979 1444; x_wconf 87' lang='lat' dir='ltr'><strong>temperare</strong></span> <span class='ocrx_word' id='word_1_62' title='bbox 1999 1345 2174 1418; x_wconf 86' lang='lat' dir='ltr'><strong>vires</strong></span> <span class='ocrx_word' id='word_1_63' title='bbox 2196 1372 2387 1436; x_wconf 75' lang='lat' dir='ltr'><strong>suaS,</strong></span> 
     </span>
     <span class='ocr_line' id='line_1_9' title="bbox 294 1459 2389 1537; baseline -0.001 -3"><span class='ocrx_word' id='word_1_64' title='bbox 294 1484 360 1534; x_wconf 87' lang='lat' dir='ltr'><strong>et</strong></span> <span class='ocrx_word' id='word_1_65' title='bbox 384 1463 472 1535; x_wconf 89' lang='lat' dir='ltr'><strong>ad</strong></span> <span class='ocrx_word' id='word_1_66' title='bbox 500 1462 930 1537; x_wconf 86' lang='lat' dir='ltr'><strong>intellectum</strong></span> <span class='ocrx_word' id='word_1_67' title='bbox 954 1461 1300 1535; x_wconf 86' lang='lat' dir='ltr'><strong>audientis</strong></span> <span class='ocrx_word' id='word_1_68' title='bbox 1330 1460 1766 1537; x_wconf 83' lang='lat' dir='ltr'><strong>descendere.</strong></span> <span class='ocrx_word' id='word_1_69' title='bbox 1800 1463 1978 1532; x_wconf 89' lang='lat' dir='ltr'><strong>Nam</strong></span> <span class='ocrx_word' id='word_1_70' title='bbox 2011 1480 2088 1531; x_wconf 90' lang='lat' dir='ltr'><strong>ut</strong></span> <span class='ocrx_word' id='word_1_71' title='bbox 2112 1459 2389 1537; x_wconf 86' lang='lat' dir='ltr'><strong>vascula</strong></span> 
     </span>
     <span class='ocr_line' id='line_1_10' title="bbox 292 1573 2385 1675; baseline 0 -28"><span class='ocrx_word' id='word_1_72' title='bbox 292 1575 427 1648; x_wconf 86' lang='lat' dir='ltr'><strong>oris</strong></span> <span class='ocrx_word' id='word_1_73' title='bbox 472 1576 745 1674; x_wconf 77' lang='lat' dir='ltr'><strong>angusti</strong></span> <span class='ocrx_word' id='word_1_74' title='bbox 772 1591 788 1621; x_wconf 87' lang='lat'><em>¹</em></span> <span class='ocrx_word' id='word_1_75' title='bbox 844 1576 1282 1675; x_wconf 85' lang='lat' dir='ltr'><strong>superfusam</strong></span> <span class='ocrx_word' id='word_1_76' title='bbox 1325 1575 1642 1646; x_wconf 86' lang='lat' dir='ltr'><strong>humoris</strong></span> <span class='ocrx_word' id='word_1_77' title='bbox 1683 1573 1958 1672; x_wconf 84' lang='lat' dir='ltr'><strong>copiam</strong></span> <span class='ocrx_word' id='word_1_78' title='bbox 2004 1595 2385 1672; x_wconf 73' lang='lat' dir='ltr'><strong>respuunt,</strong></span> 
     </span>
     <span class='ocr_line' id='line_1_11' title="bbox 292 1686 2390 1778; baseline -0.001 -17"><span class='ocrx_word' id='word_1_79' title='bbox 292 1689 548 1762; x_wconf 81' lang='lat' dir='ltr'><strong>sensim</strong></span> <span class='ocrx_word' id='word_1_80' title='bbox 582 1712 817 1763; x_wconf 90' lang='lat' dir='ltr'><strong>autem</strong></span> <span class='ocrx_word' id='word_1_81' title='bbox 851 1688 1347 1778; x_wconf 77' lang='lat' dir='ltr'><strong>influentibuS,</strong></span> <span class='ocrx_word' id='word_1_82' title='bbox 1379 1688 1486 1760; x_wconf 85' lang='lat' dir='ltr'><strong>vel</strong></span> <span class='ocrx_word' id='word_1_83' title='bbox 1524 1686 1734 1760; x_wconf 89' lang='lat' dir='ltr'><strong>etiam</strong></span> <span class='ocrx_word' id='word_1_84' title='bbox 1775 1687 2159 1759; x_wconf 80' lang='lat' dir='ltr'><strong>instillatis²</strong></span> <span class='ocrx_word' id='word_1_85' title='bbox 2195 1716 2390 1765; x_wconf 85' lang='lat' dir='ltr'><strong>com-</strong></span> 
     </span>
     <span class='ocr_line' id='line_1_12' title="bbox 290 1803 2388 1904; baseline 0 -29"><span class='ocrx_word' id='word_1_86' title='bbox 290 1804 613 1902; x_wconf 84' lang='lat' dir='ltr'><strong>plentur3</strong></span> <span class='ocrx_word' id='word_1_87' title='bbox 663 1805 758 1877; x_wconf 87' lang='lat' dir='ltr'><strong>sic</strong></span> <span class='ocrx_word' id='word_1_88' title='bbox 804 1805 1020 1877; x_wconf 89' lang='lat' dir='ltr'><strong>animi</strong></span> <span class='ocrx_word' id='word_1_89' title='bbox 1067 1828 1446 1904; x_wconf 88' lang='lat' dir='ltr'><strong>puerorum</strong></span> <span class='ocrx_word' id='word_1_90' title='bbox 1489 1824 1835 1901; x_wconf 86' lang='lat' dir='ltr'><strong>quantum</strong></span> <span class='ocrx_word' id='word_1_91' title='bbox 1879 1803 2186 1902; x_wconf 86' lang='lat' dir='ltr'><strong>excipere</strong></span> <span class='ocrx_word' id='word_1_92' title='bbox 2229 1831 2388 1902; x_wconf 88' lang='lat' dir='ltr'><strong>pos-</strong></span> 
     </span>
     <span class='ocr_line' id='line_1_13' title="bbox 289 1914 2386 2019; baseline 0 -30"><span class='ocrx_word' id='word_1_93' title='bbox 289 1918 463 2007; x_wconf 83' lang='lat' dir='ltr'>sint,</span> <span class='ocrx_word' id='word_1_94' title='bbox 495 1918 879 1991; x_wconf 80' lang='lat' dir='ltr'><strong>videndum</strong></span> <span class='ocrx_word' id='word_1_95' title='bbox 917 1940 1056 1991; x_wconf 86' lang='lat' dir='ltr'><strong>est:</strong></span> <span class='ocrx_word' id='word_1_96' title='bbox 1100 1944 1265 1989; x_wconf 89' lang='lat' dir='ltr'><strong>nam</strong></span> <span class='ocrx_word' id='word_1_97' title='bbox 1306 1914 1572 2019; x_wconf 88' lang='lat' dir='ltr'><strong>majora</strong></span> <span class='ocrx_word' id='word_1_98' title='bbox 1613 1917 2002 2005; x_wconf 87' lang='lat' dir='ltr'><strong>intellectu,</strong></span> <span class='ocrx_word' id='word_1_99' title='bbox 2037 1916 2225 1989; x_wconf 87' lang='lat' dir='ltr'><strong>velut</strong></span> <span class='ocrx_word' id='word_1_100' title='bbox 2265 1944 2386 2015; x_wconf 90' lang='lat' dir='ltr'><strong>pa-</strong></span> 
     </span>
     <span class='ocr_line' id='line_1_14' title="bbox 288 2031 2378 2133; baseline 0 -29"><span class='ocrx_word' id='word_1_101' title='bbox 288 2060 450 2105; x_wconf 86' lang='lat' dir='ltr'><strong>rum</strong></span> <span class='ocrx_word' id='word_1_102' title='bbox 485 2054 754 2132; x_wconf 88' lang='lat' dir='ltr'><strong>apertos</strong></span> <span class='ocrx_word' id='word_1_103' title='bbox 787 2033 876 2106; x_wconf 91' lang='lat' dir='ltr'><strong>ad</strong></span> <span class='ocrx_word' id='word_1_104' title='bbox 920 2033 1486 2133; x_wconf 82' lang='lat' dir='ltr'><strong>percipiendum,</strong></span> <span class='ocrx_word' id='word_1_105' title='bbox 1531 2032 1803 2105; x_wconf 84' lang='lat' dir='ltr'><strong>animos</strong></span> <span class='ocrx_word' id='word_1_106' title='bbox 1838 2060 1982 2105; x_wconf 90' lang='lat' dir='ltr'><strong>non</strong></span> <span class='ocrx_word' id='word_1_107' title='bbox 2019 2031 2378 2105; x_wconf 82' lang='lat' dir='ltr'><strong>subibunt.</strong></span> 
     </span>
     <span class='ocr_line' id='line_1_15' title="bbox 287 2144 2383 2246; baseline 0 -27"><span class='ocrx_word' id='word_1_108' title='bbox 287 2144 472 2219; x_wconf 81' lang='lat' dir='ltr'>Utile</span> <span class='ocrx_word' id='word_1_109' title='bbox 528 2147 738 2246; x_wconf 80' lang='lat' dir='ltr'><strong>igitur</strong></span> <span class='ocrx_word' id='word_1_110' title='bbox 791 2169 892 2220; x_wconf 87' lang='lat' dir='ltr'><strong>est</strong></span> <span class='ocrx_word' id='word_1_111' title='bbox 944 2147 1238 2236; x_wconf 86' lang='lat' dir='ltr'><strong>habere,</strong></span> <span class='ocrx_word' id='word_1_112' title='bbox 1289 2173 1464 2246; x_wconf 86' lang='lat' dir='ltr'><strong>quos</strong></span> <span class='ocrx_word' id='word_1_113' title='bbox 1514 2146 1768 2219; x_wconf 87' lang='lat' dir='ltr'><strong>imitari</strong></span> <span class='ocrx_word' id='word_1_114' title='bbox 1814 2147 2174 2246; x_wconf 82' lang='lat' dir='ltr'><strong>primum,</strong></span> <span class='ocrx_word' id='word_1_115' title='bbox 2221 2173 2383 2219; x_wconf 83' lang='lat' dir='ltr'><strong>mox</strong></span> 
     </span>
     <span class='ocr_line' id='line_1_16' title="bbox 284 2262 2379 2363; baseline 0.001 -31"><span class='ocrx_word' id='word_1_116' title='bbox 284 2263 559 2363; x_wconf 70' lang='lat' dir='ltr'><strong>vincere</strong></span> <span class='ocrx_word' id='word_1_117' title='bbox 597 2263 766 2335; x_wconf 81' lang='lat' dir='ltr'><strong>velis</strong></span> <span class='ocrx_word' id='word_1_118' title='bbox 792 2262 863 2353; x_wconf 76' lang='lat'><strong>35</strong></span> <span class='ocrx_word' id='word_1_119' title='bbox 912 2264 1003 2336; x_wconf 90' lang='lat' dir='ltr'><strong>ita</strong></span> <span class='ocrx_word' id='word_1_120' title='bbox 1026 2320 1046 2353; x_wconf 87' lang='lat'><strong>‚</strong></span> <span class='ocrx_word' id='word_1_121' title='bbox 1095 2262 1431 2363; x_wconf 88' lang='lat' dir='ltr'><strong>paulatim</strong></span> <span class='ocrx_word' id='word_1_122' title='bbox 1470 2284 1537 2335; x_wconf 90' lang='lat' dir='ltr'><strong>et</strong></span> <span class='ocrx_word' id='word_1_123' title='bbox 1572 2263 2013 2363; x_wconf 87' lang='lat' dir='ltr'><strong>superiorum</strong></span> <span class='ocrx_word' id='word_1_124' title='bbox 2046 2290 2200 2363; x_wconf 87' lang='lat' dir='ltr'><strong>spes</strong></span> <span class='ocrx_word' id='word_1_125' title='bbox 2233 2263 2379 2335; x_wconf 89' lang='lat' dir='ltr'><strong>erit.</strong></span> 
     </span>
     <span class='ocr_line' id='line_1_17' title="bbox 286 2379 2384 2481; baseline 0 -31"><span class='ocrx_word' id='word_1_126' title='bbox 286 2379 731 2481; x_wconf 76' lang='lat' dir='ltr'><strong>Hisadjicio,</strong></span> <span class='ocrx_word' id='word_1_127' title='bbox 767 2401 1215 2480; x_wconf 67' lang='lat' dir='ltr'><strong>praeceptores</strong></span> <span class='ocrx_word' id='word_1_128' title='bbox 1249 2380 1430 2479; x_wconf 85' lang='lat' dir='ltr'><strong>ipsos</strong></span> <span class='ocrx_word' id='word_1_129' title='bbox 1464 2406 1607 2453; x_wconf 91' lang='lat' dir='ltr'><strong>non</strong></span> <span class='ocrx_word' id='word_1_130' title='bbox 1642 2380 1832 2452; x_wconf 88' lang='lat' dir='ltr'><strong>idem</strong></span> <span class='ocrx_word' id='word_1_131' title='bbox 1860 2379 2112 2453; x_wconf 89' lang='lat' dir='ltr'><strong>mentis</strong></span> <span class='ocrx_word' id='word_1_132' title='bbox 2141 2407 2220 2452; x_wconf 89' lang='lat' dir='ltr'><strong>ac</strong></span> <span class='ocrx_word' id='word_1_133' title='bbox 2250 2380 2384 2479; x_wconf 85' lang='lat' dir='ltr'><strong>spi-</strong></span> 
     </span>
     <span class='ocr_line' id='line_1_18' title="bbox 285 2492 2384 2594; baseline 0.001 -30"><span class='ocrx_word' id='word_1_134' title='bbox 285 2492 452 2564; x_wconf 91' lang='lat' dir='ltr'><strong>ritus</strong></span> <span class='ocrx_word' id='word_1_135' title='bbox 493 2493 566 2564; x_wconf 90' lang='lat' dir='ltr'><strong>in</strong></span> <span class='ocrx_word' id='word_1_136' title='bbox 606 2492 900 2565; x_wconf 88' lang='lat' dir='ltr'><strong>dicendo</strong></span> <span class='ocrx_word' id='word_1_137' title='bbox 947 2520 1144 2594; x_wconf 80' lang='lat' dir='ltr'><strong>posse</strong></span> <span class='ocrx_word' id='word_1_138' title='bbox 1183 2494 1544 2593; x_wconf 82' lang='lat' dir='ltr'><strong>concipere</strong></span> <span class='ocrx_word' id='word_1_139' title='bbox 1575 2493 1868 2593; x_wconf 78' lang='lat' dir='ltr'><strong>singulis</strong></span> <span class='ocrx_word' id='word_1_140' title='bbox 1903 2513 2176 2565; x_wconf 87' lang='lat' dir='ltr'><strong>tantum</strong></span> <span class='ocrx_word' id='word_1_141' title='bbox 2211 2518 2384 2593; x_wconf 79' lang='lat' dir='ltr'><strong>prae-</strong></span> 
     </span>
     <span class='ocr_line' id='line_1_19' title="bbox 287 2605 2377 2707; baseline 0 -29"><span class='ocrx_word' id='word_1_142' title='bbox 287 2606 634 2697; x_wconf 68' lang='lat' dir='ltr'><strong>sentibus»,</strong></span> <span class='ocrx_word' id='word_1_143' title='bbox 672 2608 862 2707; x_wconf 87' lang='lat' dir='ltr'><strong>quod</strong></span> <span class='ocrx_word' id='word_1_144' title='bbox 913 2608 1032 2680; x_wconf 90' lang='lat' dir='ltr'><strong>illa</strong></span> <span class='ocrx_word' id='word_1_145' title='bbox 1074 2605 1463 2680; x_wconf 80' lang='lat' dir='ltr'><strong>celebritate</strong></span> <span class='ocrx_word' id='word_1_146' title='bbox 1511 2607 1948 2681; x_wconf 88' lang='lat' dir='ltr'><strong>audientium</strong></span> <span class='ocrx_word' id='word_1_147' title='bbox 2001 2607 2377 2681; x_wconf 77' lang='lat' dir='ltr'><strong>instinctos,</strong></span> 
     </span>
    </p>
   </div>
   <div class='ocr_carea' id='block_1_3' title="bbox 2424 1029 2488 1083">
    <p class='ocr_par' dir='ltr' id='par_1_3' title="bbox 2424 1029 2488 1083">
     <span class='ocr_line' id='line_1_20' title="bbox 2424 1029 2488 1083; baseline 0 0"><span class='ocrx_word' id='word_1_148' title='bbox 2424 1029 2488 1083; x_wconf 81' lang='lat'><strong>²7</strong></span> 
     </span>
    </p>
   </div>
   <div class='ocr_carea' id='block_1_4' title="bbox 2425 1465 2491 1518">
    <p class='ocr_par' dir='ltr' id='par_1_4' title="bbox 2425 1465 2491 1518">
     <span class='ocr_line' id='line_1_21' title="bbox 2425 1465 2491 1518; baseline 0.015 -1"><span class='ocrx_word' id='word_1_149' title='bbox 2425 1465 2491 1518; x_wconf 78' lang='lat'><strong>28</strong></span> 
     </span>
    </p>
   </div>
   <div class='ocr_carea' id='block_1_5' title="bbox 2423 2165 2491 2217">
    <p class='ocr_par' dir='ltr' id='par_1_5' title="bbox 2423 2165 2491 2217">
     <span class='ocr_line' id='line_1_22' title="bbox 2423 2165 2491 2217; baseline 0 0"><span class='ocrx_word' id='word_1_150' title='bbox 2423 2165 2491 2217; x_wconf 85' lang='lat'><strong>29</strong></span> 
     </span>
    </p>
   </div>
   <div class='ocr_carea' id='block_1_6' title="bbox 285 2721 2485 2821">
    <p class='ocr_par' dir='ltr' id='par_1_6' title="bbox 285 2721 2485 2821">
     <span class='ocr_line' id='line_1_23' title="bbox 285 2721 2485 2821; baseline 0.001 -30"><span class='ocrx_word' id='word_1_151' title='bbox 285 2722 593 2796; x_wconf 86' lang='lat' dir='ltr'><strong>Maxima</strong></span> <span class='ocrx_word' id='word_1_152' title='bbox 642 2722 833 2794; x_wconf 89' lang='lat' dir='ltr'><strong>enim</strong></span> <span class='ocrx_word' id='word_1_153' title='bbox 880 2748 1036 2820; x_wconf 88' lang='lat' dir='ltr'><strong>pars</strong></span> <span class='ocrx_word' id='word_1_154' title='bbox 1083 2721 1495 2821; x_wconf 69' lang='lat' dir='ltr'><strong>eloquentiae</strong></span> <span class='ocrx_word' id='word_1_155' title='bbox 1542 2742 1809 2793; x_wconf 86' lang='lat' dir='ltr'><strong>constat</strong></span> <span class='ocrx_word' id='word_1_156' title='bbox 1856 2722 2137 2794; x_wconf 87' lang='lat' dir='ltr'><strong>animo:</strong></span> <span class='ocrx_word' id='word_1_157' title='bbox 2189 2724 2377 2793; x_wconf 91' lang='lat' dir='ltr'><strong>hunc</strong></span> <span class='ocrx_word' id='word_1_158' title='bbox 2417 2728 2485 2778; x_wconf 84' lang='lat'><strong>3⁰</strong></span> 
     </span>
    </p>
   </div>
   <div class='ocr_carea' id='block_1_7' title="bbox 287 2837 2380 2938">
    <p class='ocr_par' dir='ltr' id='par_1_7' title="bbox 287 2837 2380 2938">
     <span class='ocr_line' id='line_1_24' title="bbox 287 2837 2380 2938; baseline 0 -30"><span class='ocrx_word' id='word_1_159' title='bbox 287 2837 511 2926; x_wconf 85' lang='lat' dir='ltr'><strong>affici,</strong></span> <span class='ocrx_word' id='word_1_160' title='bbox 535 2837 726 2909; x_wconf 89' lang='lat' dir='ltr'><strong>hunc</strong></span> <span class='ocrx_word' id='word_1_161' title='bbox 753 2839 1113 2937; x_wconf 86' lang='lat' dir='ltr'><strong>concipere</strong></span> <span class='ocrx_word' id='word_1_162' title='bbox 1139 2839 1478 2938; x_wconf 77' lang='lat' dir='ltr'><strong>imagines</strong></span> <span class='ocrx_word' id='word_1_163' title='bbox 1509 2865 1742 2910; x_wconf 87' lang='lat' dir='ltr'><strong>rerum</strong></span> <span class='ocrx_word' id='word_1_164' title='bbox 1763 2894 1782 2927; x_wconf 86' lang='lat'>,</span> <span class='ocrx_word' id='word_1_165' title='bbox 1814 2859 1880 2910; x_wconf 86' lang='lat' dir='ltr'><strong>et</strong></span> <span class='ocrx_word' id='word_1_166' title='bbox 1910 2839 2380 2910; x_wconf 85' lang='lat' dir='ltr'><strong>transformari</strong></span> 
     </span>
    </p>
   </div>
   <div class='ocr_carea' id='block_1_8' title="bbox 281 2977 2386 3441">
    <p class='ocr_par' dir='ltr' id='par_1_8' title="bbox 281 2977 2386 3441">
     <span class='ocr_line' id='line_1_25' title="bbox 283 2977 2382 3051; baseline 0 -21"><span class='ocrx_word' id='word_1_167' title='bbox 283 2988 484 3051; x_wconf 74' lang='lat' dir='ltr'><strong>putare.</strong></span> <span class='ocrx_word' id='word_1_168' title='bbox 514 2979 726 3048; x_wconf 85' lang='lat' dir='ltr'><strong>Repetit</strong></span> <span class='ocrx_word' id='word_1_169' title='bbox 753 2996 866 3048; x_wconf 74' lang='lat' dir='ltr'><strong>quae</strong></span> <span class='ocrx_word' id='word_1_170' title='bbox 893 2977 981 3030; x_wconf 83' lang='lat' dir='ltr'><strong>hie</strong></span> <span class='ocrx_word' id='word_1_171' title='bbox 1003 2980 1187 3048; x_wconf 71' lang='lat' dir='ltr'><strong>posuit</strong></span> <span class='ocrx_word' id='word_1_172' title='bbox 1210 2980 1287 3044; x_wconf 86' lang='lat'><strong>11,</strong></span> <span class='ocrx_word' id='word_1_173' title='bbox 1378 2978 1761 3032; x_wconf 67' lang='lat' dir='ltr'><strong>instillandbus.</strong></span> <span class='ocrx_word' id='word_1_174' title='bbox 1783 2979 1887 3032; x_wconf 79' lang='lat' dir='ltr'><strong>Alii</strong></span> <span class='ocrx_word' id='word_1_175' title='bbox 1905 2977 2179 3031; x_wconf 73' lang='lat' dir='ltr'><strong>instillatis.</strong></span> <span class='ocrx_word' id='word_1_176' title='bbox 2201 2982 2293 3030; x_wconf 86' lang='lat' dir='ltr'><strong>Eo.</strong></span> <span class='ocrx_word' id='word_1_177' title='bbox 2310 3007 2382 3019; x_wconf 89' lang='lat'><strong>—-</strong></span> 
     </span>
     <span class='ocr_line' id='line_1_26' title="bbox 287 3055 2381 3134; baseline -0.001 -24"><span class='ocrx_word' id='word_1_178' title='bbox 287 3059 353 3123; x_wconf 85' lang='lat'><strong>3,</strong></span> <span class='ocrx_word' id='word_1_179' title='bbox 390 3075 483 3121; x_wconf 81' lang='lat' dir='ltr'><strong>ro,</strong></span> <span class='ocrx_word' id='word_1_180' title='bbox 517 3055 609 3107; x_wconf 88' lang='lat' dir='ltr'><strong>ubi</strong></span> <span class='ocrx_word' id='word_1_181' title='bbox 640 3055 893 3107; x_wconf 80' lang='lat' dir='ltr'><strong>elementa</strong></span> <span class='ocrx_word' id='word_1_182' title='bbox 930 3060 1146 3108; x_wconf 82' lang='lat' dir='ltr'><strong>mutavit</strong></span> <span class='ocrx_word' id='word_1_183' title='bbox 1178 3068 1288 3110; x_wconf 80' lang='lat' dir='ltr'><strong>stu—</strong></span> <span class='ocrx_word' id='word_1_184' title='bbox 1377 3057 1775 3134; x_wconf 67' lang='lat' dir='ltr'><strong>Infhoentr&#39;bus...</strong></span> <span class='ocrx_word' id='word_1_185' title='bbox 1795 3055 2072 3110; x_wconf 78' lang='lat' dir='ltr'><strong>instillatis.</strong></span> <span class='ocrx_word' id='word_1_186' title='bbox 2089 3061 2180 3109; x_wconf 80' lang='lat' dir='ltr'><strong>Est</strong></span> <span class='ocrx_word' id='word_1_187' title='bbox 2193 3057 2297 3108; x_wconf 85' lang='lat' dir='ltr'><strong>hoc</strong></span> <span class='ocrx_word' id='word_1_188' title='bbox 2317 3075 2381 3108; x_wconf 79' lang='lat' dir='ltr'><strong>ex</strong></span> 
     </span>
     <span class='ocr_line' id='line_1_27' title="bbox 285 3134 2382 3209; baseline 0 -22"><span class='ocrx_word' id='word_1_189' title='bbox 285 3137 409 3200; x_wconf 70' lang='lat' dir='ltr'><strong>diis,</strong></span> <span class='ocrx_word' id='word_1_190' title='bbox 452 3134 637 3188; x_wconf 70' lang='lat' dir='ltr'><strong>eadem</strong></span> <span class='ocrx_word' id='word_1_191' title='bbox 679 3138 1013 3209; x_wconf 69' lang='lat' dir='ltr'><strong>metonymia.</strong></span> <span class='ocrx_word' id='word_1_192' title='bbox 1042 3164 1115 3175; x_wconf 91' lang='lat'>—</span> <span class='ocrx_word' id='word_1_193' title='bbox 1139 3135 1291 3188; x_wconf 83' lang='lat' dir='ltr'><strong>Subit</strong></span> <span class='ocrx_word' id='word_1_194' title='bbox 1376 3153 1525 3187; x_wconf 80' lang='lat' dir='ltr'><strong>more</strong></span> <span class='ocrx_word' id='word_1_195' title='bbox 1538 3149 1772 3188; x_wconf 75' lang='lat' dir='ltr'><strong>veterum</strong></span> <span class='ocrx_word' id='word_1_196' title='bbox 1786 3137 2266 3207; x_wconf 75' lang='lat' dir='ltr'><strong>scriptorum‚post</strong></span> <span class='ocrx_word' id='word_1_197' title='bbox 2280 3137 2382 3187; x_wconf 72' lang='lat' dir='ltr'><strong>sin-</strong></span> 
     </span>
     <span class='ocr_line' id='line_1_28' title="bbox 286 3212 2386 3285; baseline -0 -19"><span class='ocrx_word' id='word_1_198' title='bbox 286 3229 488 3267; x_wconf 78' lang='lat' dir='ltr'><strong>mutare</strong></span> <span class='ocrx_word' id='word_1_199' title='bbox 515 3233 701 3266; x_wconf 83' lang='lat' dir='ltr'><strong>vocem</strong></span> <span class='ocrx_word' id='word_1_200' title='bbox 728 3214 981 3274; x_wconf 60' lang='lat' dir='ltr'><strong>elementa</strong></span> <span class='ocrx_word' id='word_1_201' title='bbox 1009 3218 1061 3267; x_wconf 89' lang='lat' dir='ltr'><strong>in</strong></span> <span class='ocrx_word' id='word_1_202' title='bbox 1084 3214 1289 3266; x_wconf 69' lang='lat' dir='ltr'><strong>emda-</strong></span> <span class='ocrx_word' id='word_1_203' title='bbox 1376 3213 1640 3284; x_wconf 72' lang='lat' dir='ltr'><strong>gahrein,</strong></span> <span class='ocrx_word' id='word_1_204' title='bbox 1661 3226 1719 3264; x_wconf 87' lang='lat' dir='ltr'><strong>ut</strong></span> <span class='ocrx_word' id='word_1_205' title='bbox 1741 3212 1830 3264; x_wconf 75' lang='lat' dir='ltr'><strong>hic</strong></span> <span class='ocrx_word' id='word_1_206' title='bbox 1851 3212 2104 3277; x_wconf 76' lang='lat' dir='ltr'><strong>humoris,</strong></span> <span class='ocrx_word' id='word_1_207' title='bbox 2127 3232 2386 3285; x_wconf 71' lang='lat' dir='ltr'><strong>usurpare</strong></span> 
     </span>
     <span class='ocr_line' id='line_1_29' title="bbox 285 3290 2377 3365; baseline 0 -22"><span class='ocrx_word' id='word_1_208' title='bbox 285 3304 487 3357; x_wconf 84' lang='lat' dir='ltr'><strong>menta,</strong></span> <span class='ocrx_word' id='word_1_209' title='bbox 514 3292 654 3344; x_wconf 77' lang='lat' dir='ltr'><strong>dicta</strong></span> <span class='ocrx_word' id='word_1_210' title='bbox 677 3311 775 3364; x_wconf 90' lang='lat' dir='ltr'><strong>pro</strong></span> <span class='ocrx_word' id='word_1_211' title='bbox 795 3294 1118 3365; x_wconf 72' lang='lat' dir='ltr'><strong>profectibus.</strong></span> <span class='ocrx_word' id='word_1_212' title='bbox 1145 3294 1288 3345; x_wconf 89' lang='lat' dir='ltr'><strong>Con-</strong></span> <span class='ocrx_word' id='word_1_213' title='bbox 1376 3292 1662 3364; x_wconf 80' lang='lat' dir='ltr'><strong>pluralem,</strong></span> <span class='ocrx_word' id='word_1_214' title='bbox 1679 3309 1842 3362; x_wconf 85' lang='lat' dir='ltr'><strong>quum</strong></span> <span class='ocrx_word' id='word_1_215' title='bbox 1861 3290 1928 3343; x_wconf 81' lang='lat' dir='ltr'><strong>de</strong></span> <span class='ocrx_word' id='word_1_216' title='bbox 1944 3294 2186 3344; x_wconf 71' lang='lat' dir='ltr'><strong>universo</strong></span> <span class='ocrx_word' id='word_1_217' title='bbox 2201 3292 2377 3362; x_wconf 77' lang='lat' dir='ltr'><strong>aliquo</strong></span> 
     </span>
     <span class='ocr_line' id='line_1_30' title="bbox 281 3371 2374 3441; baseline -0.001 -16"><span class='ocrx_word' id='word_1_218' title='bbox 281 3373 366 3425; x_wconf 65' lang='lat' dir='ltr'><strong>fer</strong></span> <span class='ocrx_word' id='word_1_219' title='bbox 404 3371 612 3424; x_wconf 79' lang='lat' dir='ltr'><strong>Ruhnk.</strong></span> <span class='ocrx_word' id='word_1_220' title='bbox 656 3387 708 3424; x_wconf 84' lang='lat' dir='ltr'><strong>et</strong></span> <span class='ocrx_word' id='word_1_221' title='bbox 753 3371 883 3424; x_wconf 68' lang='lat' dir='ltr'><strong>alios</strong></span> <span class='ocrx_word' id='word_1_222' title='bbox 918 3376 1027 3424; x_wconf 88' lang='lat' dir='ltr'><strong>VV.</strong></span> <span class='ocrx_word' id='word_1_223' title='bbox 1066 3375 1179 3425; x_wconf 88' lang='lat' dir='ltr'><strong>DD.</strong></span> <span class='ocrx_word' id='word_1_224' title='bbox 1220 3371 1291 3424; x_wconf 83' lang='lat' dir='ltr'><strong>ad</strong></span> <span class='ocrx_word' id='word_1_225' title='bbox 1375 3387 1567 3441; x_wconf 76' lang='lat' dir='ltr'><strong>genere</strong></span> <span class='ocrx_word' id='word_1_226' title='bbox 1614 3373 1798 3441; x_wconf 68' lang='lat' dir='ltr'><strong>agitur.</strong></span> <span class='ocrx_word' id='word_1_227' title='bbox 1851 3372 1935 3424; x_wconf 88' lang='lat' dir='ltr'><strong>Sic</strong></span> <span class='ocrx_word' id='word_1_228' title='bbox 1980 3373 2190 3424; x_wconf 82' lang='lat' dir='ltr'><strong>Terent.</strong></span> <span class='ocrx_word' id='word_1_229' title='bbox 2242 3374 2374 3425; x_wconf 83' lang='lat' dir='ltr'><strong>Eun.</strong></span> 
     </span>
    </p>
   </div>
   <div class='ocr_carea' id='block_1_9' title="bbox 276 3450 1287 4306">
    <p class='ocr_par' dir='ltr' id='par_1_9' title="bbox 276 3450 1287 3996">
     <span class='ocr_line' id='line_1_31' title="bbox 284 3450 1286 3522; baseline 0 -20"><span class='ocrx_word' id='word_1_230' title='bbox 284 3450 544 3503; x_wconf 82' lang='lat' dir='ltr'><strong>Velleinm</strong></span> <span class='ocrx_word' id='word_1_231' title='bbox 562 3454 635 3517; x_wconf 85' lang='lat'><strong>11,</strong></span> <span class='ocrx_word' id='word_1_232' title='bbox 657 3452 752 3522; x_wconf 82' lang='lat'><strong>78,</strong></span> <span class='ocrx_word' id='word_1_233' title='bbox 784 3470 826 3504; x_wconf 84' lang='lat'><strong>1.</strong></span> <span class='ocrx_word' id='word_1_234' title='bbox 853 3453 983 3503; x_wconf 81' lang='lat' dir='ltr'><strong>Item</strong></span> <span class='ocrx_word' id='word_1_235' title='bbox 1005 3454 1286 3521; x_wconf 66' lang='lat' dir='ltr'><strong>Nostrum,</strong></span> 
     </span>
     <span class='ocr_line' id='line_1_32' title="bbox 276 3527 1287 3604; baseline -0.001 -21"><span class='ocrx_word' id='word_1_236' title='bbox 276 3527 380 3598; x_wconf 77' lang='lat'><strong>111,</strong></span> <span class='ocrx_word' id='word_1_237' title='bbox 405 3533 465 3597; x_wconf 88' lang='grc'><strong>8,</strong></span> <span class='ocrx_word' id='word_1_238' title='bbox 491 3550 542 3601; x_wconf 85' lang='grc'><strong>7,</strong></span> <span class='ocrx_word' id='word_1_239' title='bbox 564 3531 763 3584; x_wconf 81' lang='lat' dir='ltr'><strong>leniore</strong></span> <span class='ocrx_word' id='word_1_240' title='bbox 787 3533 1028 3603; x_wconf 82' lang='lat' dir='ltr'><strong>profecto</strong></span> <span class='ocrx_word' id='word_1_241' title='bbox 1052 3544 1287 3604; x_wconf 80' lang='lat' dir='ltr'><strong>metony-</strong></span> 
     </span>
     <span class='ocr_line' id='line_1_33' title="bbox 280 3609 1285 3681; baseline 0.002 -20"><span class='ocrx_word' id='word_1_242' title='bbox 280 3612 386 3661; x_wconf 83' lang='lat' dir='ltr'><strong>mia</strong></span> <span class='ocrx_word' id='word_1_243' title='bbox 424 3627 581 3680; x_wconf 81' lang='lat' dir='ltr'><strong>quam</strong></span> <span class='ocrx_word' id='word_1_244' title='bbox 618 3612 670 3661; x_wconf 88' lang='lat' dir='ltr'><strong>in</strong></span> <span class='ocrx_word' id='word_1_245' title='bbox 704 3609 988 3663; x_wconf 73' lang='lat' dir='ltr'><strong>elementia.</strong></span> <span class='ocrx_word' id='word_1_246' title='bbox 1023 3610 1285 3681; x_wconf 73' lang='lat' dir='ltr'><strong>Adjuvare</strong></span> 
     </span>
     <span class='ocr_line' id='line_1_34' title="bbox 278 3687 1285 3761; baseline 0.004 -23"><span class='ocrx_word' id='word_1_247' title='bbox 278 3687 487 3738; x_wconf 78' lang='lat' dir='ltr'><strong>vide‘tur</strong></span> <span class='ocrx_word' id='word_1_248' title='bbox 518 3693 909 3759; x_wconf 76' lang='lat' dir='ltr'><strong>conjecturam,</strong></span> <span class='ocrx_word' id='word_1_249' title='bbox 943 3689 1089 3761; x_wconf 85' lang='lat' dir='ltr'><strong>quod</strong></span> <span class='ocrx_word' id='word_1_250' title='bbox 1121 3689 1285 3742; x_wconf 84' lang='lat' dir='ltr'><strong>modo</strong></span> 
     </span>
     <span class='ocr_line' id='line_1_35' title="bbox 282 3764 1284 3840; baseline 0.005 -25"><span class='ocrx_word' id='word_1_251' title='bbox 282 3777 466 3816; x_wconf 78' lang='lat' dir='ltr'><strong>erant:</strong></span> <span class='ocrx_word' id='word_1_252' title='bbox 493 3764 1056 3837; x_wconf 75' lang='lat' dir='ltr'><strong>pmfectusfirmiores‚</strong></span> <span class='ocrx_word' id='word_1_253' title='bbox 1094 3768 1284 3840; x_wconf 77' lang='lat' dir='ltr'><strong>quibus</strong></span> 
     </span>
     <span class='ocr_line' id='line_1_36' title="bbox 280 3843 1283 3916; baseline 0.005 -23"><span class='ocrx_word' id='word_1_254' title='bbox 280 3855 335 3894; x_wconf 84' lang='lat' dir='ltr'><strong>et</strong></span> <span class='ocrx_word' id='word_1_255' title='bbox 370 3843 496 3913; x_wconf 82' lang='lat' dir='ltr'><strong>ipsis</strong></span> <span class='ocrx_word' id='word_1_256' title='bbox 529 3861 753 3912; x_wconf 79' lang='lat' dir='ltr'><strong>persona</strong></span> <span class='ocrx_word' id='word_1_257' title='bbox 785 3847 1170 3916; x_wconf 81' lang='lat' dir='ltr'><strong>imponebatur.</strong></span> <span class='ocrx_word' id='word_1_258' title='bbox 1200 3848 1283 3898; x_wconf 86' lang='lat' dir='ltr'><strong>Sic</strong></span> 
     </span>
     <span class='ocr_line' id='line_1_37' title="bbox 280 3920 1280 3996; baseline 0.003 -23"><span class='ocrx_word' id='word_1_259' title='bbox 280 3923 437 3973; x_wconf 83' lang='lat' dir='ltr'><strong>etiam</strong></span> <span class='ocrx_word' id='word_1_260' title='bbox 454 3921 517 3985; x_wconf 81' lang='grc' dir='ltr'><strong>ΙΙ,</strong></span> <span class='ocrx_word' id='word_1_261' title='bbox 532 3920 584 3985; x_wconf 81' lang='lat'><strong>3,</strong></span> <span class='ocrx_word' id='word_1_262' title='bbox 607 3937 685 3972; x_wconf 81' lang='grc' dir='ltr'><strong>ιο.</strong></span> <span class='ocrx_word' id='word_1_263' title='bbox 701 3922 873 3974; x_wconf 67' lang='lat' dir='ltr'><strong>Sum.</strong></span> <span class='ocrx_word' id='word_1_264' title='bbox 892 3926 1104 3982; x_wconf 60' lang='lat' dir='ltr'><strong>imPraef.</strong></span> <span class='ocrx_word' id='word_1_265' title='bbox 1123 3945 1177 3996; x_wconf 89' lang='lat' dir='ltr'><strong>p.</strong></span> <span class='ocrx_word' id='word_1_266' title='bbox 1197 3926 1280 3994; x_wconf 83' lang='lat'><strong>73.</strong></span> 
     </span>
    </p>

    <p class='ocr_par' dir='ltr' id='par_1_10' title="bbox 276 3998 1285 4230">
     <span class='ocr_line' id='line_1_38' title="bbox 359 3998 1285 4075; baseline 0.001 -23"><span class='ocrx_word' id='word_1_267' title='bbox 359 4018 403 4052; x_wconf 83' lang='grc' dir='ltr'><strong>ι.</strong></span> <span class='ocrx_word' id='word_1_268' title='bbox 434 3999 487 4051; x_wconf 87' lang='lat' dir='ltr'><em>V</em></span> <span class='ocrx_word' id='word_1_269' title='bbox 481 3998 655 4050; x_wconf 78' lang='lat' dir='ltr'><strong>ascula</strong></span> <span class='ocrx_word' id='word_1_270' title='bbox 679 4000 779 4053; x_wconf 77' lang='lat' dir='ltr'><strong>oris</strong></span> <span class='ocrx_word' id='word_1_271' title='bbox 794 4004 1016 4075; x_wconf 70' lang='lat' dir='ltr'><strong>anqusti.</strong></span> <span class='ocrx_word' id='word_1_272' title='bbox 1043 4002 1285 4055; x_wconf 83' lang='lat' dir='ltr'><strong>Pulcher-</strong></span> 
     </span>
     <span class='ocr_line' id='line_1_39' title="bbox 279 4080 1284 4151; baseline 0.005 -21"><span class='ocrx_word' id='word_1_273' title='bbox 279 4080 410 4130; x_wconf 86' lang='lat' dir='ltr'><strong>rima</strong></span> <span class='ocrx_word' id='word_1_274' title='bbox 422 4080 765 4149; x_wconf 83' lang='lat' dir='ltr'><strong>comparatio,</strong></span> <span class='ocrx_word' id='word_1_275' title='bbox 779 4097 933 4149; x_wconf 83' lang='lat' dir='ltr'><strong>quam</strong></span> <span class='ocrx_word' id='word_1_276' title='bbox 946 4084 1111 4151; x_wconf 74' lang='lat' dir='ltr'><strong>tangit</strong></span> <span class='ocrx_word' id='word_1_277' title='bbox 1125 4084 1284 4134; x_wconf 84' lang='lat' dir='ltr'><strong>etiam</strong></span> 
     </span>
     <span class='ocr_line' id='line_1_40' title="bbox 276 4157 1278 4230; baseline 0.001 -20"><span class='ocrx_word' id='word_1_278' title='bbox 276 4158 580 4211; x_wconf 79' lang='lat' dir='ltr'><strong>Lactantius</strong></span> <span class='ocrx_word' id='word_1_279' title='bbox 595 4157 658 4209; x_wconf 79' lang='lat' dir='ltr'><strong>cle</strong></span> <span class='ocrx_word' id='word_1_280' title='bbox 676 4157 895 4230; x_wconf 74' lang='lat' dir='ltr'><strong>opificio</strong></span> <span class='ocrx_word' id='word_1_281' title='bbox 910 4160 1034 4223; x_wconf 81' lang='lat' dir='ltr'><strong>Dei,</strong></span> <span class='ocrx_word' id='word_1_282' title='bbox 1050 4179 1095 4211; x_wconf 90' lang='lat' dir='ltr'><strong>c.</strong></span> <span class='ocrx_word' id='word_1_283' title='bbox 1120 4162 1169 4213; x_wconf 81' lang='lat'><strong>8.</strong></span> <span class='ocrx_word' id='word_1_284' title='bbox 1186 4162 1278 4213; x_wconf 84' lang='lat' dir='ltr'><strong>En.</strong></span> 
     </span>
    </p>

    <p class='ocr_par' dir='ltr' id='par_1_11' title="bbox 350 4233 1277 4306">
     <span class='ocr_line' id='line_1_41' title="bbox 350 4233 1277 4306; baseline -0.001 -16"><span class='ocrx_word' id='word_1_285' title='bbox 350 4253 399 4290; x_wconf 78' lang='lat'><strong>2.</strong></span> <span class='ocrx_word' id='word_1_286' title='bbox 418 4233 705 4291; x_wconf 71' lang='lat' dir='ltr'><strong>Instillate&#39;s.</strong></span> <span class='ocrx_word' id='word_1_287' title='bbox 723 4236 857 4292; x_wconf 79' lang='lat' dir='ltr'><strong>cod.</strong></span> <span class='ocrx_word' id='word_1_288' title='bbox 879 4240 938 4292; x_wconf 74' lang='grc' dir='ltr'><strong>Β.</strong></span> <span class='ocrx_word' id='word_1_289' title='bbox 964 4255 991 4290; x_wconf 80' lang='lat'><em>2</em></span> <span class='ocrx_word' id='word_1_290' title='bbox 1012 4253 1063 4291; x_wconf 83' lang='lat' dir='ltr'><strong>et</strong></span> <span class='ocrx_word' id='word_1_291' title='bbox 1087 4240 1243 4292; x_wconf 67' lang='lat' dir='ltr'><strong>Cur.</strong></span> <span class='ocrx_word' id='word_1_292' title='bbox 1261 4276 1277 4306; x_wconf 89' lang='lat'>‚</span> 
     </span>
    </p>
   </div>
   <div class='ocr_carea' id='block_1_10' title="bbox 1369 3451 2382 4305">
    <p class='ocr_par' dir='ltr' id='par_1_12' title="bbox 1377 3451 2379 3679">
     <span class='ocr_line' id='line_1_42' title="bbox 1377 3451 2376 3522; baseline 0 -20"><span class='ocrx_word' id='word_1_293' title='bbox 1377 3452 1542 3516; x_wconf 81' lang='lat' dir='ltr'><strong>act.1‚</strong></span> <span class='ocrx_word' id='word_1_294' title='bbox 1562 3469 1634 3502; x_wconf 74' lang='lat' dir='ltr'><strong>sc.</strong></span> <span class='ocrx_word' id='word_1_295' title='bbox 1656 3468 1713 3516; x_wconf 80' lang='lat'><strong>2,</strong></span> <span class='ocrx_word' id='word_1_296' title='bbox 1728 3470 1776 3502; x_wconf 78' lang='lat' dir='ltr'><strong>v.</strong></span> <span class='ocrx_word' id='word_1_297' title='bbox 1794 3451 1882 3522; x_wconf 82' lang='lat'><strong>87,</strong></span> <span class='ocrx_word' id='word_1_298' title='bbox 1901 3451 1994 3504; x_wconf 78' lang='lat'><strong>88:</strong></span> <span class='ocrx_word' id='word_1_299' title='bbox 2023 3472 2046 3496; x_wconf 71' lang='grc' dir='ltr'>ι</span> <span class='ocrx_word' id='word_1_300' title='bbox 2061 3451 2376 3502; x_wconf 69' lang='lat' dir='ltr'><strong>Eunuchum</strong></span> 
     </span>
     <span class='ocr_line' id='line_1_43' title="bbox 1383 3528 2379 3599; baseline -0.001 -18"><span class='ocrx_word' id='word_1_301' title='bbox 1383 3552 1407 3575; x_wconf 73' lang='grc' dir='ltr'>ι</span> <span class='ocrx_word' id='word_1_302' title='bbox 1424 3528 1551 3581; x_wconf 81' lang='lat' dir='ltr'><strong>dixti</strong></span> <span class='ocrx_word' id='word_1_303' title='bbox 1569 3529 1704 3581; x_wconf 78' lang='lat' dir='ltr'><strong>velie</strong></span> <span class='ocrx_word' id='word_1_304' title='bbox 1728 3542 1807 3595; x_wconf 81' lang='lat' dir='ltr'><strong>te,</strong></span> <span class='ocrx_word' id='word_1_305' title='bbox 1828 3531 1950 3599; x_wconf 80' lang='lat' dir='ltr'><strong>quia</strong></span> <span class='ocrx_word' id='word_1_306' title='bbox 1970 3528 2094 3582; x_wconf 79' lang='lat' dir='ltr'><strong>solae</strong></span> <span class='ocrx_word' id='word_1_307' title='bbox 2119 3529 2196 3582; x_wconf 71' lang='lat' dir='ltr'><strong>his</strong></span> <span class='ocrx_word' id='word_1_308' title='bbox 2217 3542 2379 3586; x_wconf 78' lang='lat' dir='ltr'><strong>utun-</strong></span> 
     </span>
     <span class='ocr_line' id='line_1_44' title="bbox 1381 3609 2330 3679; baseline 0.005 -23"><span class='ocrx_word' id='word_1_309' title='bbox 1381 3632 1405 3656; x_wconf 72' lang='lat'>«</span> <span class='ocrx_word' id='word_1_310' title='bbox 1422 3624 1509 3661; x_wconf 87' lang='lat' dir='ltr'><strong>tur</strong></span> <span class='ocrx_word' id='word_1_311' title='bbox 1524 3612 1713 3679; x_wconf 68' lang='lat' dir='ltr'><strong>regine</strong></span> <span class='ocrx_word' id='word_1_312' title='bbox 1734 3632 1782 3674; x_wconf 72' lang='grc' dir='ltr'><strong>ο,</strong></span> <span class='ocrx_word' id='word_1_313' title='bbox 1800 3609 1894 3660; x_wconf 81' lang='lat' dir='ltr'><strong>ubi</strong></span> <span class='ocrx_word' id='word_1_314' title='bbox 1910 3609 2030 3660; x_wconf 74' lang='lat' dir='ltr'><strong>vide</strong></span> <span class='ocrx_word' id='word_1_315' title='bbox 2046 3611 2330 3661; x_wconf 84' lang='lat' dir='ltr'><strong>Donatum.</strong></span> 
     </span>
    </p>

    <p class='ocr_par' dir='ltr' id='par_1_13' title="bbox 1369 3689 2382 4305">
     <span class='ocr_line' id='line_1_45' title="bbox 1445 3689 2378 3760; baseline -0.003 -19"><span class='ocrx_word' id='word_1_316' title='bbox 1445 3689 1495 3742; x_wconf 82' lang='lat'><strong>3.</strong></span> <span class='ocrx_word' id='word_1_317' title='bbox 1522 3689 1730 3740; x_wconf 76' lang='lat' dir='ltr'><strong>Imitari</strong></span> <span class='ocrx_word' id='word_1_318' title='bbox 1747 3690 2005 3760; x_wconf 75' lang='lat' dir='ltr'><strong>primum,</strong></span> <span class='ocrx_word' id='word_1_319' title='bbox 2032 3706 2156 3740; x_wconf 75' lang='lat' dir='ltr'><strong>mox</strong></span> <span class='ocrx_word' id='word_1_320' title='bbox 2180 3689 2378 3741; x_wconf 73' lang='lat' dir='ltr'><strong>vincere</strong></span> 
     </span>
     <span class='ocr_line' id='line_1_46' title="bbox 1376 3765 2376 3834; baseline -0.004 -16"><span class='ocrx_word' id='word_1_321' title='bbox 1376 3768 1515 3820; x_wconf 73' lang='lat' dir='ltr'><strong>velis.</strong></span> <span class='ocrx_word' id='word_1_322' title='bbox 1538 3769 1683 3822; x_wconf 81' lang='lat' dir='ltr'><strong>Bona</strong></span> <span class='ocrx_word' id='word_1_323' title='bbox 1698 3767 1905 3819; x_wconf 75' lang='lat' dir='ltr'><strong>videtur</strong></span> <span class='ocrx_word' id='word_1_324' title='bbox 1922 3765 2190 3819; x_wconf 81' lang='lat' dir='ltr'><strong>Gebhardi</strong></span> <span class='ocrx_word' id='word_1_325' title='bbox 2207 3765 2346 3834; x_wconf 70' lang='grc' dir='ltr'><strong>κρίσις</strong></span> <span class='ocrx_word' id='word_1_326' title='bbox 2360 3805 2376 3824; x_wconf 87' lang='grc'>,</span> 
     </span>
     <span class='ocr_line' id='line_1_47' title="bbox 1376 3844 2378 3918; baseline -0.003 -19"><span class='ocrx_word' id='word_1_327' title='bbox 1376 3850 1465 3916; x_wconf 87' lang='lat' dir='ltr'><strong>qui</strong></span> <span class='ocrx_word' id='word_1_328' title='bbox 1496 3865 1595 3918; x_wconf 83' lang='lat' dir='ltr'><strong>pro</strong></span> <span class='ocrx_word' id='word_1_329' title='bbox 1628 3848 1913 3899; x_wconf 75' lang='lat' dir='ltr'><strong>novissimo</strong></span> <span class='ocrx_word' id='word_1_330' title='bbox 1941 3844 2202 3897; x_wconf 71' lang='lat' dir='ltr'><strong>vocabulo</strong></span> <span class='ocrx_word' id='word_1_331' title='bbox 2232 3845 2378 3896; x_wconf 83' lang='lat' dir='ltr'><strong>malit</strong></span> 
     </span>
     <span class='ocr_line' id='line_1_48' title="bbox 1373 3922 2376 3996; baseline -0.003 -20"><span class='ocrx_word' id='word_1_332' title='bbox 1373 3925 1522 3988; x_wconf 80' lang='lat' dir='ltr'><strong>velit,</strong></span> <span class='ocrx_word' id='word_1_333' title='bbox 1545 3926 1665 3994; x_wconf 82' lang='lat' dir='ltr'><strong>quia</strong></span> <span class='ocrx_word' id='word_1_334' title='bbox 1677 3961 1696 3990; x_wconf 93' lang='grc'>,</span> <span class='ocrx_word' id='word_1_335' title='bbox 1714 3924 1780 3976; x_wconf 86' lang='lat' dir='ltr'><strong>de</strong></span> <span class='ocrx_word' id='word_1_336' title='bbox 1800 3942 1968 3996; x_wconf 85' lang='lat' dir='ltr'><strong>puero</strong></span> <span class='ocrx_word' id='word_1_337' title='bbox 1989 3922 2055 3975; x_wconf 75' lang='lat' dir='ltr'><strong>ad</strong></span> <span class='ocrx_word' id='word_1_338' title='bbox 2074 3924 2348 3992; x_wconf 75' lang='lat' dir='ltr'><strong>magistros</strong></span> <span class='ocrx_word' id='word_1_339' title='bbox 2360 3963 2376 3986; x_wconf 84' lang='grc'>,</span> 
     </span>
     <span class='ocr_line' id='line_1_49' title="bbox 1371 4003 2376 4072; baseline -0.001 -17"><span class='ocrx_word' id='word_1_340' title='bbox 1371 4003 1682 4072; x_wconf 75' lang='lat' dir='ltr'><strong>Quintiliani</strong></span> <span class='ocrx_word' id='word_1_341' title='bbox 1726 4005 1794 4056; x_wconf 76' lang='lat' dir='ltr'><strong>sit</strong></span> <span class='ocrx_word' id='word_1_342' title='bbox 1833 4020 2021 4054; x_wconf 80' lang='lat' dir='ltr'><strong>sermo.</strong></span> <span class='ocrx_word' id='word_1_343' title='bbox 2065 4004 2264 4055; x_wconf 75' lang='lat' dir='ltr'><strong>Assunt</strong></span> <span class='ocrx_word' id='word_1_344' title='bbox 2304 4005 2376 4054; x_wconf 74' lang='lat' dir='ltr'><strong>ita</strong></span> 
     </span>
     <span class='ocr_line' id='line_1_50' title="bbox 1371 4078 2380 4150; baseline 0 -18"><span class='ocrx_word' id='word_1_345' title='bbox 1371 4082 1654 4150; x_wconf 76' lang='lat' dir='ltr'><strong>corrigenti</strong></span> <span class='ocrx_word' id='word_1_346' title='bbox 1684 4097 1800 4131; x_wconf 80' lang='lat' dir='ltr'><strong>non</strong></span> <span class='ocrx_word' id='word_1_347' title='bbox 1834 4080 1992 4149; x_wconf 86' lang='lat' dir='ltr'><strong>pauci</strong></span> <span class='ocrx_word' id='word_1_348' title='bbox 2024 4078 2192 4131; x_wconf 83' lang='lat' dir='ltr'><strong>codd.</strong></span> <span class='ocrx_word' id='word_1_349' title='bbox 2227 4094 2286 4131; x_wconf 92' lang='lat' dir='ltr'><strong>ut</strong></span> <span class='ocrx_word' id='word_1_350' title='bbox 2323 4095 2380 4132; x_wconf 82' lang='lat' dir='ltr'><strong>et</strong></span> 
     </span>
     <span class='ocr_line' id='line_1_51' title="bbox 1369 4156 2382 4230; baseline -0.002 -18"><span class='ocrx_word' id='word_1_351' title='bbox 1369 4158 1528 4212; x_wconf 79' lang='lat' dir='ltr'><strong>Goth.</strong></span> <span class='ocrx_word' id='word_1_352' title='bbox 1546 4186 1608 4198; x_wconf 91' lang='lat'><strong>-—</strong></span> <span class='ocrx_word' id='word_1_353' title='bbox 1627 4159 1732 4209; x_wconf 85' lang='lat' dir='ltr'><strong>BR.</strong></span> <span class='ocrx_word' id='word_1_354' title='bbox 1749 4156 1918 4211; x_wconf 83' lang='lat' dir='ltr'><strong>codd.</strong></span> <span class='ocrx_word' id='word_1_355' title='bbox 1938 4175 2151 4230; x_wconf 85' lang='lat' dir='ltr'><strong>quoque</strong></span> <span class='ocrx_word' id='word_1_356' title='bbox 2179 4175 2223 4225; x_wconf 82' lang='grc' dir='ltr'><strong>ι,</strong></span> <span class='ocrx_word' id='word_1_357' title='bbox 2248 4177 2306 4224; x_wconf 78' lang='lat'><strong>2,</strong></span> <span class='ocrx_word' id='word_1_358' title='bbox 2321 4173 2382 4210; x_wconf 77' lang='lat' dir='ltr'><strong>et</strong></span> 
     </span>
     <span class='ocr_line' id='line_1_52' title="bbox 1369 4235 1844 4305; baseline -0.002 -15"><span class='ocrx_word' id='word_1_359' title='bbox 1369 4240 1558 4305; x_wconf 56' lang='lat' dir='ltr'><strong>Caum,</strong></span> <span class='ocrx_word' id='word_1_360' title='bbox 1585 4235 1723 4289; x_wconf 70' lang='lat' dir='ltr'><strong>velit.</strong></span> <span class='ocrx_word' id='word_1_361' title='bbox 1750 4239 1844 4291; x_wconf 76' lang='lat' dir='ltr'><strong>Eu.</strong></span> 
     </span>
    </p>
   </div>
  </div>
 </body>
</html>
