3200 5150
707 446 1364 515 INSTITUTIONIS
1400 447 1658 513 ORAT.
1698 447 1859 513 LIB.
1900 448 1966 526 1,
2009 448 2068 515 5.

2323 472 2434 516 111

335 591 414 644 ut
437 571 523 661 is,
548 597 590 644 a
612 598 754 670 quo
776 569 1152 643 insolenter
1170 569 1364 669 quid,
1386 589 1508 643 aut
1533 569 1919 662 minaciter,
1940 592 2062 642 aut
2078 570 2447 645 crudeliter

333 685 599 759 dictum
631 686 753 775 sit,
801 686 1095 759 barbare
1123 683 1397 757 locutus
1430 683 1857 758 existimetur
1897 698 1945 756 ¹.
1990 685 2309 758 Tertium
2348 708 2449 758 est
2492 717 2560 753 ιο

334 800 513 873 illud
543 801 791 875 vitium
816 798 1262 888 barbarismi,
1298 798 1501 901 cujus
1526 797 1846 898 exempla
1867 799 2077 899 vulgo
2102 820 2267 873 sunt
2289 801 2447 900 plu-

332 915 548 1005 rima,
586 917 720 989 sibi
758 915 966 990 etiam
1008 916 1305 1015 quisque
1334 915 1599 1013 fingere
1630 935 1888 1014 potest,
1933 935 2010 987 ut
2038 915 2285 1006 verbo,
2332 916 2445 988 cui

328 1028 611 1121 libebit,
659 1031 939 1134 adjiciat
965 1030 1264 1103 litteram
1294 1029 1760 1130 syllabamve;
1801 1030 1912 1103 vel
1942 1029 2287 1121 detrahat;
2327 1052 2449 1105 aut

327 1145 539 1218 aliam
559 1174 685 1247 pro
708 1145 877 1236 alia,
900 1166 1020 1218 aut
1044 1145 1368 1218 eamdem
1393 1144 1528 1217 alio
1547 1201 1566 1233 ,
1597 1172 1814 1244 quam
1842 1163 2108 1217 rectum
2132 1165 2232 1216 est
2247 1201 2267 1233 ,
2291 1143 2446 1218 loco

330 1282 566 1363 ponat.
618 1261 757 1334 Sed
789 1261 1078 1360 quidam
1112 1262 1256 1332 fere
1296 1259 1368 1332 in
1399 1258 1853 1361 jactationem
1889 1259 2296 1332 eruditionis
2332 1287 2448 1331 su·
2493 1298 2550 1335 ιι

328 1404 520 1450 mere
555 1375 675 1448 illa
704 1403 785 1450 ex
809 1375 1028 1475 poetis
1056 1374 1280 1448 solent
1300 1431 1320 1464 ,
1352 1396 1420 1446 et
1446 1396 1758 1447 auctores
1777 1431 1797 1465 ,
1823 1400 1999 1473 quos
2024 1374 2445 1474 praelegunt,

326 1489 812 1562 criminantur.
845 1489 1033 1562 Scire
1069 1509 1305 1561 autem
1338 1488 1545 1561 debet
1582 1515 1794 1588 puer,
1838 1489 1985 1559 haec
2016 1489 2203 1587 apud
2236 1491 2451 1589 scrip-

328 1629 507 1680 tores
540 1606 941 1680 carminum
966 1626 1087 1679 aut
1109 1605 1312 1678 venia
1343 1606 1554 1705 digna
1571 1661 1591 1695 ,
1627 1626 1749 1678 aut
1773 1604 1982 1677 etiam
2009 1604 2214 1678 laude
2241 1606 2443 1679 duci:

329 1722 698 1822 potiusque
727 1721 849 1794 illa
875 1721 1175 1794 docendi
1208 1742 1415 1793 erunt
1446 1721 1684 1792 minus
1715 1719 2015 1819 vulgata.
2053 1723 2236 1792 Nam
2272 1722 2447 1795 duos
2492 1758 2551 1794 ια

326 1837 401 1908 in
419 1842 564 1908 un‘o
588 1835 879 1908 nomine
901 1835 1200 1908 faciebat
1215 1835 1681 1906 barbarismos
1695 1834 1920 1907 Tinea
1933 1832 2377 1909 Placentinus
2389 1852 2445 1928 ²,

325 1951 383 2022 si
442 1950 977 2050 reprehendenti
1037 1949 1407 2023 Hortensio
1459 1950 1810 2022 credimus
1841 2006 1862 2040 ,
1912 1950 2271 2051 preculam
2320 1978 2447 2051 pro

321 2062 658 2166 perqula³
682 2065 917 2137 dicens
932 2123 951 2156 ,
975 2085 1041 2137 et
1060 2064 1573 2156 immutatione,
1605 2090 1830 2164 quum
1852 2093 1890 2138 c
1905 2091 2031 2164 pro
2046 2093 2089 2165 9
2109 2086 2443 2159 uteretur;

326 2202 395 2252 et
412 2176 986 2253 transmutatione
1001 2237 1021 2271 ,
1057 2207 1284 2279 quum
1306 2206 1346 2251 r
1360 2201 1794 2280 praeponeret
1813 2209 1850 2252 e
1874 2180 2335 2254 antecedenti.
2357 2183 2449 2254 At

328 2297 401 2371 in
427 2296 672 2371 eadem
699 2298 841 2371 vitii
866 2297 1341 2399 geminatione
1366 2300 1622 2372 Metieo
1646 2299 1958 2398 Fufetieo
1981 2295 2016 2359 4
2043 2297 2281 2372 dicens
2306 2302 2450 2372 En-

327 2505 378 2555 vi
404 2503 718 2574 significatio
744 2500 814 2554 ab
838 2505 1041 2575 origine
1064 2521 1161 2556 sua
1194 2522 1343 2557 rece-

328 2583 422 2636 dit.
449 2586 541 2637 En.

406 2678 451 2714 1.
480 2663 834 2715 Existimetur.
868 2661 1045 2714 Guelf.
1080 2662 1345 2715 existima-

329 2751 431 2804 tur,
453 2759 576 2792 cum
592 2738 753 2792 Goth.
776 2753 828 2792 et
846 2743 1000 2792 Voss.
1025 2740 1207 2793 tribus.
1230 2740 1346 2793 Pla-

330 2832 415 2872 cet
429 2821 540 2870 fere
554 2857 573 2885 ‚
592 2837 765 2888 neque
782 2817 960 2870 obstat
973 2821 1345 2890 conjunctivus

332 2901 387 2948 in
406 2897 499 2960 sit,
527 2899 618 2967 qui
644 2897 865 2966 optativi
888 2914 1047 2948 sensu
1068 2911 1245 2968 potest
1265 2915 1347 2949 nt.»

330 2978 438 3048 cipi
474 2993 572 3046 pro
605 2974 793 3047 fuerit.
831 2975 1181 3027 Existimant·
1217 2975 1347 3029 dant

332 3058 492 3109 etiam
524 3055 709 3107 Locat.
748 3056 937 3106 Venet.
989 3053 1138 3124 1494.
1183 3057 1341 3107 Ruso.

332 3137 494 3189 Viart.
528 3133 650 3186 Ald.
675 3132 803 3187 obt.
838 3162 912 3174 -
941 3135 1019 3185 lta
1044 3150 1258 3204 quoque
1280 3133 1342 3186 R.

341 3230 396 3282 1,
422 3232 480 3280 ει,
504 3214 567 3281 3.,
590 3215 749 3267 Qu».
776 3212 878 3264 Ed.

396 3311 443 3345 2.
470 3291 635 3345 Tinea
654 3290 1008 3345 Placentinus.
1029 3294 1156 3364 Ejus
1171 3292 1365 3343 memi·.

334 3375 412 3425 nit
433 3374 619 3427 Cicero
643 3374 817 3437 Brun,
856 3388 906 3423 c.
934 3370 1018 3437 46.
1044 3401 1117 3411 —-
1138 3373 1269 3423 Item
1291 3372 1346 3421 in

337 3469 497 3524 opere
522 3453 609 3504 cui
632 3447 849 3515 titulus,
876 3449 941 3501 de
972 3449 1132 3503 elaris
1160 3450 1347 3502 Orato-

338 3531 502 3596 ribus,
553 3529 647 3581 ubi
692 3528 937 3582 eumdem
973 3530 1349 3581 facetissimum

338 3607 608 3661 hominem
630 3609 794 3660 fuisse
816 3607 962 3660 dicit.
990 3611 1082 3666 En.

314 3737 322 3756 ,
424 3688 475 3739 3.
511 3686 756 3760 Pet-qula.
790 3687 1091 3739 Ablativum
1129 3705 1193 3740 ex
1225 3683 1344 3739 edd.

340 3779 462 3819 ante
490 3766 657 3818 Stoer.
686 3764 912 3837 (preter
942 3765 1111 3838 Bad.)
1144 3768 1350 3838 recepi,

340 3864 439 3919 pro
465 3862 639 3897 accus.
668 3846 757 3915 qui
780 3857 859 3896 est
877 3847 931 3895 in
950 3858 1167 3897 recentt.
1196 3858 1250 3896 et
1269 3846 1350 3916 ip·

340 3928 445 3992 sis,
478 3939 536 3976 ut
558 3924 791 3989 videtur,
821 3916 990 3976 codd‘.
1026 3954 1098 3965 -—
1119 3926 1243 3976 Non
1268 3938 1350 3975 ta-

341 4023 465 4057 men
485 4002 759 4068 omnibus‚
782 4020 904 4053 nam
926 4003 988 4054 R.
1018 4018 1064 4070 ι,
1090 4020 1149 4069 a,
1174 4004 1235 4070 3,
1259 4002 1350 4055 ht·

343 4084 473 4137 bent
491 4081 725 4156 pergula.
750 4084 842 4134 En.

1433 2505 1533 2555 teri
1566 2503 1635 2555 ad
1666 2520 1834 2556 unum
1865 2521 2050 2557 onmes
2087 2521 2283 2556 nomen
2316 2507 2446 2559 scri-

1433 2581 1569 2635 bunt
1591 2603 1691 2656 per
1711 2584 1753 2636 S
1770 2582 2026 2648 litteram,
2049 2596 2110 2634 ut
2133 2596 2185 2635 et
2208 2582 2328 2636 edd.
2357 2584 2448 2636 ad·

1432 2659 1541 2714 huo
1558 2678 1759 2715 omnes.
1773 2663 2060 2714 Auctorem
2070 2674 2246 2714 tamen
2261 2677 2447 2718 nactus

1435 2757 1600 2793 unum
1615 2741 1867 2795 Codicem
1876 2778 1894 2808 ‚
1908 2757 2083 2812 neque
2092 2741 2449 2813 spernendum

1436 2837 1559 2872 eum
1569 2859 1587 2886 ‚
1601 2820 1764 2872 malui
1778 2821 2014 2891 recipere
2029 2822 2257 2874 nominis
2271 2821 2451 2874 ortho-

1433 2898 1712 2971 graphiam
1742 2898 1897 2950 bonis
1925 2899 2217 2951 rationibus
2249 2900 2449 2972 proba·
2491 2901 2506 2906 “

1436 2990 1572 3043 tam,
1597 2994 1663 3029 ex
1684 2978 1939 3048 Dionysio
1959 2978 2450 3047 potissimum-Hali-

1435 3057 1763 3107 carnassensi
1783 3066 1836 3106 et
1854 3053 2154 3107 Plutarcho.
2181 3056 2298 3109 vid.
2324 3061 2450 3112 Dra-

1436 3132 1595 3186 kenb.
1614 3133 1682 3185 ad
1692 3135 1800 3186 Liv.
1818 3135 1868 3198 1,
1885 3133 1972 3197 23,
1986 3132 2196 3199 4.-Ῑη
2210 3135 2449 3189 eadem...

1434 3210 1690 3283 Fufeta'eo.
1737 3212 2033 3265 Geminatio
2067 3213 2167 3265 ista
2197 3215 2308 3265 vitii
2339 3234 2451 3268 non

1438 3289 1654 3362 quidem
1677 3289 1836 3362 plane
1859 3289 2045 3342 eadem
2065 3303 2173 3357 est,
2203 3293 2370 3362 qualis
2394 3296 2449 3346 in

1432 3367 1675 3442 praeculta,
1715 3368 1808 3421 sed
1831 3368 2080 3440 idipsum
2096 3405 2114 3435 ‚
2146 3370 2293 3441 quod
2316 3385 2368 3424 et
2395 3375 2451 3426 in

1435 3448 1521 3502 his
1540 3448 1853 3501 nominibus
1875 3447 1992 3500 due
2015 3467 2098 3501 res
2121 3465 2309 3522 prater
2331 3471 2450 3503 mo-

1437 3548 1550 3582 rem
1585 3528 1750 3595 fiunt,
1793 3527 1926 3579 idem
1971 3526 2179 3581 dicitur.
2212 3530 2452 3584 Alterum

1438 3610 1581 3661 enim
1616 3609 1800 3660 vitium
1838 3620 1950 3674 est,
1987 3607 2134 3679 quod
2169 3628 2266 3681 pro
2299 3612 2454 3662 Metii

1439 3687 1688 3741 scribitur
1709 3688 1896 3752 Aletie,
1935 3686 2160 3740 alterum
2185 3689 2329 3760 qnod
2354 3690 2451 3743 ad-

1433 3768 1616 3838 jicitur
1635 3766 1833 3818 vocalis
1857 3785 1905 3818 ο.
1932 3769 2055 3835 Quo
2077 3782 2256 3820 nutem
2272 3788 2450 3823 versus

1440 3846 1563 3897 loco
1590 3848 1829 3917 posuerit
1853 3844 1963 3898 haec
1988 3850 2203 3899 nomina
2227 3851 2453 3914 EnniuS,

1437 3923 1495 3976 id
1530 3923 1744 3994 quidem
1775 3925 2095 3992 ignoramus.
2136 3927 2270 3979 Sunt
2304 3932 2457 4004 enlin

1441 4015 1672 4055 extrema
1696 4015 1846 4074 parte
1870 4002 2210 4071 collocanda,
2235 4009 2280 4059 si
2300 4010 2456 4061 inter-

1441 4083 1623 4153 posuit
1645 4080 1872 4133 litteram
1891 4083 1914 4133 1
1936 4080 2030 4137 τοῖς
2049 4085 2092 4136 Ε
2110 4096 2164 4135 et
2181 4086 2262 4152 Ο,
2286 4087 2454 4158 qualis

423 4163 471 4230 4.
491 4161 739 4236 Εὶιριτίεο.
757 4159 1141 4233 Guelfifufetio
1154 4177 1231 4222 eo.
1251 4162 1355 4216 Can-
1447 4174 1528 4213 est
1541 4159 1800 4217 Obrechti
1820 4174 1872 4215 et
1887 4162 2070 4230 unius,
2092 4165 2147 4219 in
2161 4170 2454 4237 posteriore
