3200 5150
762 478 880 543 162

1309 478 1402 541 M.
1448 476 1679 542 FABII
1717 477 2277 560 QUINTILIANI

750 626 910 674 mus
927 612 985 688 -¹‚
1018 620 1086 671 et
1104 605 1596 673 conservavisse
1613 632 1639 686 ;
1671 599 1779 673 his
1811 599 2091 700 adjiciat
2091 602 2265 699 face
2277 613 2332 687 ²,
2370 619 2437 671 et
2463 599 2646 688 dice,
2678 620 2751 673 ,et
2770 599 2856 671 si-

643 750 708 785 22
749 715 963 788 milia.
997 718 1211 789 Recta
1231 736 1334 789 est
1349 715 1495 788 hoec
1519 716 1629 789 via
1654 742 1668 787 :
1694 715 1852 813 quis
1872 715 2122 815 negat?
2153 715 2276 788 sed
2296 714 2569 816 adjacet
2590 734 2659 786 et
2681 712 2858 787 mol-

746 831 911 920 lior,
946 852 1014 902 et
1039 831 1263 930 magis
1289 831 1444 904 trita
1462 828 1516 902 ³.
1559 832 1709 929 Ego
1734 851 1972 905 tamen
2006 859 2154 904 non
2189 831 2326 903 alio
2350 829 2575 929 magis
2599 856 2857 929 angor,

745 973 960 1047 quam
986 945 1179 1045 quod
1203 943 1505 1044 obliquis
1531 944 1805 1018 casibus
1832 945 2022 1031 ducti
2052 945 2262 1019 etiam
2288 945 2548 1045 primas
2576 943 2707 1017 sibi
2738 971 2871 1043 po·-

743 1062 1022 1133 sitiones
1045 1088 1190 1132 non
1221 1060 1527 1133 invenire
1548 1116 1567 1149 ‚
1597 1060 1719 1135 sed
1743 1082 2013 1135 mutate
2042 1061 2491 1160 permittunt3
2529 1080 2608 1133 ut
2627 1087 2857 1159 quum

742 1174 961 1251 ebur-4
988 1197 1056 1250 et
1073 1176 1316 1265 robur,
1347 1177 1441 1248 ita
1462 1177 1645 1250 dicta
1665 1205 1746 1250 ac
1770 1179 2020 1278 scripta
2043 1178 2341 1252 summis
2362 1176 2391 1224 ⁵
2419 1176 2818 1251 auctoribus
2836 1232 2858 1267 ,

743 1294 816 1365 in
846 1319 888 1365 0
920 1292 1218 1364 litteram
1247 1293 1570 1392 secundae
1600 1293 1882 1393 syllabae
1912 1295 2373 1383 transferunt3
2423 1293 2591 1393 quia
2618 1292 2703 1366 sit
2735 1320 2857 1365 ro-

744 1407 922 1480 boris
950 1429 1018 1479 et
1043 1404 1295 1495 eboris,
1329 1407 1555 1505 sufflat·
1575 1429 1814 1480 autem
1842 1428 1911 1481 et
1935 1424 2194 1507 φαίην,
2226 1437 2272 1480 u
2301 1408 2599 1480 litteram
2624 1407 2697 1479 in
2726 1434 2857 1506 ge-

741 1523 954 1595 nitivo
988 1543 1295 1612 servent3
1332 1522 1631 1623 ideoque
1664 1523 1873 1595 etiam
1887 1529 2098 1626 jecur
2123 1544 2189 1595 et
2193 1525 2447 1622 femur
2470 1543 2858 1595 controver-

639 1655 705 1710 23
741 1639 916 1711 siam
934 1635 966 1683 ⁶
983 1639 1302 1711 fecerunt
1321 1692 1341 1726 ‚
1375 1638 1569 1737 quod
1588 1665 1735 1711 non
1756 1639 1994 1712 minus
2013 1661 2115 1713 est
2131 1638 2571 1713 licentiosum
2589 1693 2609 1727 ,
2634 1665 2854 1737 quam

739 1815 907 1870 Codd.
941 1829 1131 1889 praeter
1165 1815 1301 1869 Alm.
1340 1819 1431 1888 qui
1464 1836 1586 1869 cum
1620 1830 1746 1871 vett.

741 1895 862 1949 edd.
880 1896 972 1948 dat
984 1896 1239 1967 ealeface,
1256 1896 1393 1949 male
1406 1916 1562 1962 sane,
1584 1914 1750 1968 quum

738 1992 865 2026 mox
880 1974 1098 2027 domum
1109 1987 1355 2045 tangatur
1367 1975 1502 2028 illu‘d
1509 1976 1637 2047 face
1648 1995 1748 2048 pro

766 2071 845 2106 ac.

728 2054 775 2126 f
817 2151 835 2184 1
849 2173 860 2184 .
887 2133 1056 2203 Quam
1077 2133 1219 2203 quod
1235 2132 1468 2186 dicimus.
1485 2134 1747 2185 Nimirum

738 2212 1023 2284 calfacere,
1056 2226 1267 2263 extruso
1291 2230 1336 2263 e.

813 2311 860 2344 2.
887 2293 986 2344 His
1006 2292 1222 2364 atijict’at
1234 2291 1378 2364 face.
1403 2292 1488 2343 sic
1512 2290 1745 2345 solemus

736 2373 847 2424 fere
877 2370 1079 2423 stolidis
1105 2371 1449 2440 insigniorem
1471 2383 1523 2421 et
1545 2371 1747 2438 justam

739 2453 889 2521 quasi
909 2463 1091 2521 optare
1110 2448 1443 2501 dementiam.
1465 2451 1749 2519 Hujusmo-

736 2530 792 2584 di
814 2543 894 2583 est
911 2529 1256 2600 Virgilianum
1281 2528 1442 2582 illud:
1475 2549 1498 2573 ει
1517 2530 1626 2597 Qui
1648 2531 1749 2583 Ba-

742 2635 765 2659 ·
784 2614 929 2672 vium
942 2630 1054 2664 non
1067 2611 1181 2662 odit
1191 2649 1208 2676 ‚
1224 2622 1367 2663 amet
1377 2624 1472 2662 tua
1484 2613 1746 2678 carmina,

741 2715 765 2739 a·
785 2694 954 2745 Maevi.
976 2716 998 2740 ι
1027 2690 1211 2760 Eclog.
1236 2692 1333 2754 ΙΙΙ,
1361 2706 1449 2757 9⁰·

810 2772 860 2823 3.
898 2771 1073 2843 Magis
1106 2771 1243 2821 trita.
1282 2769 1458 2821 Guelf.
1498 2769 1746 2841 magistra

737 2869 859 2902 cum
891 2854 1044 2903 Voss.
1085 2850 1149 2915 3,
1183 2851 1335 2900 Bem.
1368 2850 1560 2900 Jonnn.
1597 2847 1745 2918 quod

734 2929 929 3002 probat
947 2968 966 2996 ‚
998 2941 1189 3001 prater
1221 2925 1489 2982 Gebhard.
1527 2929 1583 2979 in
1619 2927 1746 2979 Cre-

733 3009 937 3083 pundd.
953 3048 972 3075 ‚
1022 3012 1182 3061 etiam
1229 3007 1512 3060 Salmasius
1557 3009 1741 3061 Exere.

734 3093 866 3143 Ptin.
884 3128 902 3156 ,
928 3110 982 3162 p.
1010 3090 1143 3159 339,
1165 3101 1226 3139 ut
1249 3089 1318 3139 sit
1337 3105 1437 3159 pro
1462 3087 1617 3160 reyia.
1639 3086 1745 3140 Sed

735 3168 1031 3222 defendunt
1054 3180 1135 3220 sat
1157 3166 1309 3218 multi
1330 3179 1616 3239 receptam.

807 3251 857 3317 4.
910 3249 1086 3319 Quum
1129 3248 1266 3300 ebur.
1284 3286 1295 3299 .
1311 3286 1323 3298 .
1344 3286 1355 3298 .
1405 3246 1741 3317 transferunt.

735 3332 906 3383 Etiam
928 3329 1016 3380 hic
1037 3327 1196 3380 verba
1219 3327 1491 3397 finguntur
1510 3344 1572 3378 ea
1594 3326 1744 3379 fece·

735 3429 791 3462 re
806 3448 822 3475 ‚
852 3427 967 3479 quae
996 3410 1268 3479 patiuntur
1293 3424 1488 3459 revera.
1513 3405 1649 3457 Vide
1673 3405 1744 3458 sd

735 3492 789 3554 1,
826 3489 891 3553 6,
937 3488 1031 3553 14,
1071 3496 1226 3560 coyat
1257 3485 1377 3537 dici.
1418 3483 1580 3553 Quod
1618 3503 1742 3537 mox

735 3568 1031 3640 subjicitur,
1047 3566 1173 3638 quia
1191 3565 1309 3617 sit...
1329 3574 1545 3628 servent,
1568 3563 1623 3615 id
1643 3563 1741 3615 du-

735 3647 1024 3702 riusculum
1051 3659 1160 3708 est,
1187 3646 1308 3716 quia
1335 3643 1740 3716 conjunctivus,

737 3729 918 3782 alienae
938 3726 1405 3798 argumentationis
1422 3721 1579 3776 index
1596 3723 1740 3794 (vide

736 3809 806 3861 ad
829 3811 878 3872 Ι,
900 3806 960 3872 5,
979 3805 1076 3873 40,
1100 3804 1338 3875 cadant),
1362 3804 1517 3869 facit,
1540 3816 1600 3855 ut
1623 3805 1739 3874 ipsa

735 3888 849 3940 haec
871 3885 1129 3938 vocabula
1146 3923 1162 3951 ‚
1189 3885 1314 3935 ebur
1336 3896 1389 3936 et
1411 3884 1577 3948 robur,
1605 3895 1742 3933 tam-

735 3985 898 4037 quam
913 3964 1252 4017 delibet-antia
1273 3977 1324 4015 et
1343 3982 1530 4015 causas
1550 3961 1741 4032 agendi

738 4045 1092 4114 explet-antia,
1111 4046 1359 4095 sistantur
1377 4042 1586 4112 legenti.
1605 4041 1740 4092 Cha-

737 4126 922 4187 risius,
955 4142 1009 4193 p.
1052 4139 1131 4191 17,
1160 4134 1395 4174 recenset
1429 4122 1577 4171 robor
1603 4123 1740 4172 inter

735 4219 970 4255 manner
1012 4213 1064 4252 et
1105 4218 1293 4273 oequor.
1337 4203 1596 4270 Agroetius
1621 4238 1639 4266 ,
1679 4218 1736 4270 p.

1843 1818 2013 1887 2269‚
2043 1832 2096 1870 et
2120 1817 2294 1884 Beda,
2320 1816 2459 1883 2344
2475 1854 2493 1882 ,
2519 1815 2856 1886 distinguunt

1838 1898 1995 1949 robur
2015 1898 2295 1963 virtutem,
2328 1908 2383 1948 et
2411 1896 2562 1949 robor
2589 1895 2850 1953 arborem.

1839 1979 2057 2050 Caper„
2082 1999 2135 2050 p.
2165 1976 2304 2043 2248
2318 2015 2337 2043 ,
2359 1976 2482 2029 ebor
2499 1975 2660 2028 sen-ibi
2681 1990 2854 2043 vetat,

1840 2059 1966 2128 quia
1988 2057 2113 2108 ebur
2132 2074 2327 2108 nomen
2352 2057 2435 2109 sit.

1910 2134 1960 2188 5.
1985 2138 2189 2209 Scripta
2200 2134 2435 2187 sumatis.
2461 2132 2639 2187 Guell'.
2665 2134 2853 2187 inserit

1837 2217 1892 2268 in
1909 2255 1926 2282 ,
1961 2236 2082 2269 cum
2114 2216 2291 2268 multis
2319 2214 2489 2268 Codd.
2507 2253 2526 2281 ,
2552 2214 2692 2268 male
2718 2233 2851 2287 pro-

1834 2298 1976 2349 fecto
1991 2335 2008 2362 ‚
2051 2309 2105 2348 et
2145 2309 2269 2349 sunt
2312 2313 2441 2349 sane
2480 2293 2651 2347 Codd.
2695 2308 2849 2349 ηοω

1836 2377 2105 2446 scriptnrae
2128 2374 2383 2426 vindices.
2408 2402 2483 2413 —
2509 2375 2587 2425 Ita
2608 2375 2671 2425 R.
2703 2372 2768 2439 3,
2795 2372 2845 2425 5.

1833 2455 1905 2504 At
1932 2456 1992 2505 R.
2031 2469 2076 2519 t,
2108 2471 2170 2519 2,
2207 2453 2275 2519 6,
2313 2453 2369 2503 ἰη
2400 2451 2642 2512 summis,-
2673 2464 2727 2503 et
2758 2450 2844 2504 ed.

1833 2534 1994 2586 Cnn’.
2013 2568 2031 2599 ,
2051 2552 2087 2584 a
2108 2532 2337 2586 nammis.
2364 2532 2457 2584 En.

1904 2613 1957 2664 6.
2000 2612 2426 2665 Controversiam.
2465 2613 2545 2663 lta
2577 2608 2754 2664 Guelf.
2794 2623 2849 2662 et

1740 2727 1741 2730 =
1836 2710 2052 2758 omnes,
2074 2705 2210 2763 puto
2233 2689 2403 2743 Codd.
2434 2690 2595 2744 Gesn.
2627 2707 2693 2741 ex
2717 2690 2847 2741 Jon-

1833 2774 2055 2824 soniam
2072 2809 2114 2836 ,.
2131 2773 2220 2823 eui
2256 2769 2463 2822 aceedit
2498 2771 2626 2822 Loc-
2642 2806 2662 2834 ‚
2698 2767 2849 2822 dedit

1833 2860 2232 2902 controversum.
2275 2850 2361 2902 sic
2386 2851 2544 2920 jecur
2577 2861 2631 2902 et
2660 2847 2850 2919 senar

1833 2930 1967 2981 finnt
1981 2930 2295 2995 accusativi,
2310 2926 2718 2998 subjectumque
2732 2945 2849 2979 sen-

1835 3010 2009 3061 tentia:
2043 3022 2165 3062 sunt
2197 3008 2476 3073 homines,
2505 3009 2598 3077 qui
2631 3024 2758 3060 sane
2790 3007 2847 3058 in

1832 3106 1932 3154 eo,
1961 3088 2108 3160 quod
2135 3089 2312 3139 statim
2344 3087 2601 3156 sequitur,
2630 3086 2847 3157 suly'ioe-

1832 3179 1975 3233 rent,
2006 3181 2130 3220 sunt
2150 3165 2501 3236 intelligendi.
2525 3168 2717 3218 Praeter
2745 3164 2846 3216 ob-

1831 3260 2061 3300 stantem
2071 3246 2239 3300 Codd.
2258 3247 2629 3298 auetoritntem
2639 3282 2656 3311 ‚
2669 3246 2728 3296 in
2742 3243 2844 3296 hae

1830 3328 2036 3379 ratione
2076 3325 2320 3397 displicet
2362 3323 2507 3395 quod
2547 3335 2847 3376 controver-

1827 3424 1941 3458 sum
1967 3405 2218 3476 singulari
2240 3423 2463 3456 numero
2492 3403 2704 3470 dicitur,
2731 3421 2844 3455 non

1828 3497 2150 3539 contr-eversa
2178 3484 2403 3557 plurali,
2436 3482 2508 3535 ob
2540 3483 2652 3535 dno
2679 3501 2844 3535 voea-

1827 3565 1981 3632 bula,
1997 3566 2065 3619 ad
2086 3585 2200 3637 quae
2219 3567 2462 3618 refertur.
2480 3567 2654 3616 Burm.
2678 3566 2733 3615 in
2754 3562 2840 3616 ed.

1827 3647 2009 3698 Locst.
2036 3646 2139 3715 legi
2158 3658 2363 3697 narrat:
2388 3653 2769 3695 controversum
2790 3651 2843 3694 et

1816 3724 1926 3797 fec.
1943 3723 2201 3795 Equidem
2215 3726 2268 3775 in
2282 3726 2470 3776 Locat.
2491 3724 2704 3774 invenio
2720 3738 2843 3773 con·

1828 3812 2107 3855 tmversum
2127 3802 2236 3874 fec.
2264 3801 2403 3853 Illud
2426 3814 2603 3853 autem
2632 3809 2840 3852 contro-

1828 3901 2027 3934 versum
2046 3883 2216 3954 etfec
2237 3884 2293 3934 in
2311 3884 2471 3934 Ruso.
2483 3919 2501 3946 ,
2520 3882 2836 3952 repetitione

1825 3961 2208 4013 hmatsllianae.
2224 3963 2406 4029 Quum
2417 3963 2651 4032 primum
2664 3958 2836 4011 offen-

1826 4040 2007 4092 derem
2025 4044 2080 4093 in
2099 4040 2203 4093 hoc
2223 4040 2343 4093 loco
2356 4077 2373 4108 ‚
2395 4051 2654 4092 succurrit
2672 4037 2837 4110 paulo

1827 4135 1948 4174 ante
1970 4137 2173 4174 mutare
2196 4122 2270 4173 ita
2292 4124 2347 4173 in
2373 4122 2508 4185 sint,
2536 4132 2645 4191 quo
2666 4116 2836 4169 modo

1824 4201 1883 4252 in
1905 4215 2093 4254 neutra
2115 4203 2375 4254 sententia
2395 4213 2558 4273 agunt
2575 4196 2839 4252 voeabula
