3200 5150
1047 469 1564 544 PRAEFATto.
2273 502 2353 576 ¹9

247 595 620 691 custodit03
654 619 855 692 quem
892 594 1137 665 librum
1176 602 1504 667 Martinus
1539 592 1938 685 corbet-tus,
1967 603 2356 674 monasterii

248 725 315 773 et
364 707 893 798 congregationis
938 705 1159 772 Sancti
1200 706 1395 773 Blasii
1451 708 1519 771 in
1565 706 1730 771 silva
1770 708 1958 798 nigra
1997 710 2235 793 abbas,
2283 715 2355 778 in

249 814 710 880 Monumentis
736 813 979 879 veteris
1010 812 1323 902 Liturgiae
1352 811 1825 903 Alemannicae,
1852 832 2007 882 ante
2038 817 2359 884 saeculum

251 916 433 988 certe
485 945 741 987 nonum
797 922 1117 1011 scriptum
1165 943 1310 987 esse
1362 919 1776 997 demonstrat
1811 923 1901 1009 (⁸).
1936 953 1962 984 n
2019 926 2390 992 Hactenus·

251 1027 724 1118 Sulzbergerus
764 1030 840 1092 V.
882 1029 952 1091 C.
999 1026 1315 1093 Codicem
1357 1028 1561 1118 igitur
1599 1045 1799 1095 tantae
1831 1045 2112 1121 ,tamque
2149 1033 2363 1099 mani·-

254 1136 441 1201 festae
466 1132 877 1225 antiquitatis
902 1131 996 1220 (²¹³)
1022 1156 1233 1223 quum
1258 1151 1631 1223 teneamu5‚
1659 1158 1953 1225 eumque
1976 1137 2362 1207 monasterii

256 1240 599 1333 quondam
626 1239 1064 1330 Sangallensis
1093 1239 1460 1321 cimelium,
1488 1239 1652 1331 quid
1675 1241 1957 1331 impedit
1983 1246 2165 1331 (quae
2190 1243 2361 1334 ejus·

258 1346 413 1417 dem
433 1345 850 1435 Sulzbergeri
874 1361 974 1411 est
1002 1345 1420 1435 conjectura)
1451 1369 1586 1437 quo
1618 1347 1839 1413 minus
1867 1348 1951 1413 sit
1979 1349 2091 1415 ille
2120 1350 2263 1439 ipse
2289 1350 2366 1415 li-

255 1454 379 1520 ber
397 1478 435 1519 a
450 1454 697 1543 Poggio
715 1454 785 1517 in
808 1466 992 1516 turre
1017 1450 1425 1541 Sangallensi
1445 1453 1756 1519 inventus
1780 1472 2084 1543 tempore
2099 1456 2367 1525 concilii

260 1558 827 1626 Constantiensis?
853 1554 1061 1623 Adest
1085 1573 1320 1622 auctor
1345 1558 1777 1625 Mabillonius
1805 1561 2084 1645 (citante
2112 1563 2371 1651 Sulzb.)

260 1670 329 1734 in
354 1667 591 1735 itinere
616 1666 1046 1747 Germanice,
1071 1688 1139 1755 p.
1166 1664 1278 1747 36,
1310 1665 1547 1731 Hamb.
1578 1669 1641 1733 Is
1663 1669 1835 1733 inter
1854 1668 2020 1735 alios
2042 1669 2248 1737 libros
2270 1673 2369 1741 in·

262 1775 616 1864 signiores,
643 1773 819 1839 visos
843 1796 880 1837 a
906 1794 976 1837 se
1007 1788 1074 1837 et
1100 1787 1411 1838 tractatos
1437 1772 1506 1837 in
1528 1772 1934 1855 bibliotheca
1962 1776 2373 1864 Sangallensi

263 1904 442 1947 anno
479 1881 937 1959 MDLXXIll,
977 1895 1306 1945 memorat
1341 1876 1782 1963 «Quintiliani
1812 1883 2271 1959 Institutionee
2300 1888 2371 1953 in

266 1989 516 2059 Codice
544 1988 1211 2080 perantiquo,quem
1246 1988 1531 2077 Poggius
1570 1988 2080 2057 exscribendum
2115 1996 2376 2085 accepit

269 2120 349 2161 ex
382 2097 525 2187 ipsa
558 2094 777 2161 Sancti
806 2093 977 2158 Galli
1007 2091 1431 2160 bibliotheca.
1460 2122 1488 2155 n
1518 2093 1842 2163 Videmus
1873 2115 2098 2165 autem
2130 2099 2373 2183 modo,

267 2220 437 2270 teste
460 2200 923 2290 Sulzbergero,
949 2200 1273 2266 Turicum
1298 2201 1687 2282 translatum
1709 2224 1851 2271 esse
1873 2203 2146 2287 librum,
2173 2206 2377 2298 hujus

273 2306 499 2375 saeculi
541 2308 752 2373 initio.
799 2308 895 2371 Ita
934 2303 1214 2395 pulchre
1258 2307 1669 2375 conveniunt
1704 2309 1946 2377 omnia.
1983 2308 2114 2376 Sed
2158 2310 2378 2379 obstat

270 2438 531 2483 summa
580 2411 885 2479 Bandinii
935 2412 1293 2478 auctoritas
1346 2414 1680 2495 testantiS,
1731 2398 2048 2483 Codicem'
2098 2416 2288 2485 illum
2335 2440 2378 2485 ει

271 2524 521 2613 Poggio
570 2522 917 2586 inventum
962 2519 1211 2585 servari
1256 2518 1326 2586 in
1371 2518 1617 2610 pluteis
1667 2519 2101 2603 Florentini33
2153 2542 2376 2613 neque

274 2630 453 2696 enim
480 2626 739 2694 dubitat
768 2626 930 2716 quin
958 2624 1071 2691 hic
1099 2626 1240 2714 ipse
1266 2625 1377 2707 sit,
1410 2647 1613 2716 quem
1638 2644 1939 2693 recenset
1961 2627 2032 2692 in
2062 2628 2378 2717 Catalogo

274 2735 596 2802 Codicum
634 2731 1025 2798 Latinorum
1059 2730 1483 2798 bibliothecae
1520 2730 1842 2798 Mediceae
1880 2734 2374 2815 Laurentianae,

272 2857 319 2905 t.
336 2842 422 2920 ΙΙ,
446 2863 510 2930 p.
532 2839 680 2906 382.
700 2838 914 2904 Miror
935 2855 1154 2904 tamen
1168 2837 1386 2904 virum
1409 2837 1866 2906 doctissimum
1886 2839 2137 2912 nullam
2156 2840 2380 2908 facere

274 2943 1050 3024 itineris-Mabilloniani,
1084 2944 1151 3010 in
1181 2967 1399 3035 eoque
1430 2945 1642 3025 illius,
1673 2969 1874 3036 quem
1905 2945 2112 3012 modo
2141 2947 2375 3036 posui,

276 3052 409 3118 loci
447 3048 881 3118 mentionem.
921 3050 1099 3132 Quin
1138 3052 1318 3118 enim
1354 3050 1693 3119 undecimi
1733 3053 1958 3118 saeculi
2000 3053 2194 3136 (nam
2233 3052 2377 3141 ejus

279 3143 597 3250 temporis
650 3179 794 3222 esse
849 3156 1121 3241 statuit)
1169 3155 1416 3221 librum
1471 3174 1540 3223 et
1594 3157 1976 3246 exemplum
2029 3154 2329 3248 ejusdem
2355 3202 2376 3236 ,

349 3344 416 3418 (⁴)
438 3349 574 3400 Nam
596 3359 745 3398 tomo
770 3346 794 3396 1
808 3344 1119 3414 ‚Disquisit.
1144 3344 1221 3410 n,
1244 3341 1357 3395 haec
1378 3335 1541 3401 babet
1562 3362 1575 3396 ε

356 3433 492 3488 me
514 3432 683 3506 (liber
703 3431 1090 3504 sangallensis)
1113 3431 1416 3485 charactere
1439 3451 1501 3485 ac
1524 3448 1768 3486 sermone
1788 3427 2048 3500 barbaro,
2072 3428 2380 3486 soloecismi-

287 3524 553 3585 ·rd'ertus
576 3536 688 3589 est,
712 3521 880 3593 qualis
903 3519 1167 3588 obtinuit,
1194 3518 1371 3574 donec
1397 3520 1497 3574 sub
1523 3523 1687 3592 stirpe
1718 3520 2047 3594 Carolingica
2075 3519 2384 3574 refloresce-

286 3632 312 3660 α
328 3625 447 3665 rent
463 3610 663 3666 litterae.
683 3634 713 3659 ι

354 3702 420 3753 Et
441 3698 604 3772 paulo
627 3711 785 3771 post·

361 3808 385 3833 ι
404 3787 465 3837 ln
490 3788 602 3857 ejus
627 3787 873 3850 inferiore
898 3804 990 3839 ora
1018 3782 1088 3840 ad
1115 3799 1369 3839 nummo
1394 3799 1630 3842 vtvonmt
1655 3786 1942 3858 ascfiptum
1969 3799 2048 3839 est
2069 3805 2082 3838 z
2111 3786 2385 3862 Memento

295 3896 318 3923 α
337 3873 522 3928 famuli
546 3875 624 3926 tui
644 3873 883 3927 Remedii
911 3878 1149 3949 episcopi
1172 3896 1184 3928 τ
1217 3887 1270 3931 et
1296 3888 1596 3947 congruunt
1624 3861 1954 3928 characteres
1982 3871 2176 3927 saeculo
2202 3890 2350 3925 nono
2366 3910 2387 3942 ,

292 3984 317 4011 α
338 3981 446 4035 quo
468 3962 595 4015 vixit
616 3960 916 4016 Remedius.
938 3986 961 4012 n

361 4050 451 4124 (⁸')
468 4049 694 4104 Get-kim
718 4050 932 4123 quidem
947 4041 1011 4105 'in
1033 4053 1304 4106 Itinerario
1318 4091 1336 4120 ‚
1358 4065 1398 4104 t.
1425 4051 1471 4104 Π
1486 4090 1503 4118 ‚
1527 4070 1584 4123 p.
1614 4047 1735 4121 947,
1758 4047 2001 4104 eumdem
2024 4048 2266 4120 profecto
2291 4046 2387 4102 de.

291 4139 464 4213 siguat
487 4138 741 4202 codicem
756 4178 775 4212 ,
792 4138 895 4206 sed
915 4141 1093 4211 saeculi
1115 4160 1230 4200 eno
1252 4144 1323 4206 tit
1346 4143 1503 4202 XIII:
1528 4157 1635 4214 quo
1659 4151 1876 4202 auctore
1897 4156 2011 4194 non
2030 4136 2281 4209 prodens,

1092 4239 1096 4243 Α
2056 4243 2106 4280 2.
