3200 5150
688 485 1339 572 ms‘rrro‘moms
1377 501 1636 568 onir.
1675 502 1837 570 Lm.
1877 502 1971 581 11,
2021 508 2118 584 14.

2249 485 2258 490 “
2318 502 2439 569 33,

356 633 478 708 illa
501 655 732 706 autem
753 690 773 724 ‚
800 631 885 704 de
906 658 1048 730 qua
1066 627 1447 728 loquimur,
1472 623 1834 714 rhetorice,
1854 626 2008 700 talis
2032 648 2161 718 est,
2183 626 2445 727 qualis¹

359 751 785 851 eloquentia,
826 774 956 822 nec
997 746 1213 819 dubie
1242 743 1431 844 apud
1464 744 1743 818 Graecos
1775 769 2056 844 quoque
2095 742 2452 845 duplicem

358 866 790 942 intellectum
823 863 1069 940 habet:
1102 885 1412 960 namque
1448 885 1592 934 uno
1623 857 1837 934 modo
1869 859 1951 934 fit
1982 858 2376 959 appositum
2392 872 2449 947 ²,
2525 884 2559 935 3

355 966 466 1054 ars
494 980 870 1067 rhetorica,
901 1000 980 1052 ut
1008 983 1200 1052 navis
1226 980 1567 1076 piratica:
1594 973 1809 1050 altero
1834 1000 2098 1048 nomen
2124 973 2253 1064 rei,
2282 1000 2456 1074 quav-

351 1094 437 1169 lis
464 1117 567 1169 est
584 1093 1021 1196 philosophia
1033 1092 1088 1182 ³,
1120 1095 1449 1168 amicitia.
1480 1092 1625 1164 Nos
1654 1090 1879 1189 ipsam
1907 1115 2100 1163 nunc
2128 1087 2456 1164 volumus

352 1210 745 1309 significare
776 1207 1267 1296 substantiam,
1302 1225 1380 1278 ut
1412 1203 1864 1305 grammatice
1900 1201 2281 1278 litteratura
2317 1222 2454 1293 est,

354 1351 503 1399 non
525 1325 917 1413 litteratrix,
934 1320 1541 1424 quemadmodum
1560 1326 1862 1407 omnim
1875 1346 2005 1392 nec
2028 1317 2453 1403 litteratoria,

354 1439 964 1538 quemadmodum
993 1442 1346 1514 oratoria:
1372 1462 1619 1513 verum
1649 1434 1724 1510 in
1755 1434 2090 1510 rhetorice
2115 1457 2262 1506 non
2289 1430 2386 1503 sic
2397 1427 2453 1501 4.

351 1556 458 1627 Ne
497 1553 941 1654 pugnemus⁵
981 1553 1215 1655 igitur,
1241 1578 1467 1653 quum
1505 1549 1882 1650 praesertim
1922 1546 2244 1648 plurimis
2281 1544 2459 1618 alio-

353 1669 476 1769 qui
504 1669 761 1742 Graecis
785 1670 872 1742 sit
893 1669 1237 1744 utendum
1263 1698 1281 1756 ;
1313 1692 1483 1742 nam
1507 1685 1688 1742 certe
1712 1664 1767 1737 si
1789 1661 2107 1763 physicos
2118 1659 2179 1749 ⁶,
2205 1681 2274 1734 et
2299 1687 2459 1734 mu·-

428 1880 473 1915 1.
498 1863 697 1918 Talis...
720 1865 906 1939 qualis.
931 1867 997 1918 H.
1025 1884 1070 1917 e.
1099 1861 1360 1937 ejusmodi

352 1956 432 1995 est
446 1962 642 1995 nomen
654 1983 671 2011 ‚
689 1944 861 2016 qnod,
883 1947 927 1997 si
940 1942 1162 1996 reddere
1176 1943 1331 1996 velim
1341 1981 1359 2009 ‚

352 2020 574 2075 reddere
613 2022 837 2077 debeam
875 2024 1032 2078 simili
1068 2025 1116 2077 ei
1151 2024 1321 2075 forma
1342 2061 1360 2091 ,

353 2120 470 2172 qnae
497 2114 577 2154 est
600 2104 659 2155 in
685 2103 1011 2177 eloquentia,
1039 2118 1098 2157 ut
1126 2121 1251 2175 ergo
1276 2102 1362 2154 di-

354 2192 507 2231 catur
528 2183 749 2234 orantia.

427 2276 475 2311 2.
501 2257 827 2332 Appositum.
853 2260 1015 2313 Plane
1034 2279 1133 2332 pro
1152 2258 1360 2332 adjecti·

353 2355 447 2402 vo,
478 2341 614 2392 sicut
637 2352 690 2392 et
713 2341 815 2407 lx,
844 2339 911 2407 4,
943 2340 1042 2407 24,
1071 2352 1230 2391 «ut...
1257 2357 1360 2394 no-

359 2439 383 2463 «
401 2419 541 2470 mina
568 2422 880 2492 appositis...
911 2431 1086 2472 essent
1113 2421 1308 2493 priora.
1330 2442 1353 2467 a

354 2498 617 2570 Deinceps
642 2512 818 2554 autem
849 2521 871 2546 ι
888 2517 1080 2561 nomen
1105 2500 1177 2552 rei
1197 2522 1218 2547 ιο
1249 2516 1361 2552 rec·

353 2578 554 2628 tissime
576 2575 769 2628 dicitur
790 2597 888 2652 pro
912 2577 1242 2631 substantivo.

423 2653 474 2706 3.
511 2654 691 2723 Qualis
717 2665 788 2707 est
815 2654 949 2727 phil.
979 2654 1153 2708 Guelf.
1180 2657 1357 2707 Turic.

353 2744 407 2787 et
429 2731 590 2789 Goth.
616 2732 748 2804 (tac.
774 2733 967 2804 Gesn.)
990 2751 1105 2806 quoe
1129 2744 1202 2787 est
1221 2732 1357 2805 phil.

353 2830 477 2863 cum
491 2815 642 2863 Voss.
666 2828 722 2877 α,
738 2812 771 2863 3
792 2825 844 2863 et
864 2814 1012 2863 Bern.
1034 2813 1102 2864 At
1119 2816 1275 2865 Voss.
1304 2829 1323 2864 ι
1342 2848 1359 2877 ,

352 2909 484 2963 qua,
505 2891 560 2939 in
582 2907 688 2960 quo
715 2904 792 2941 est
819 2892 1067 2943 transitus
1092 2889 1160 2940 ad
1180 2908 1359 2941 veram

352 2971 697 3040 scripturam,
732 2988 849 3040 quae
878 2983 930 3021 et
962 2972 1017 3021 in
1048 2970 1359 3021 Britannicis

352 3046 560 3101 videtur
576 3047 679 3118 legi
690 3086 708 3113 ‚
723 3062 775 3100 et
789 3061 868 3101 est
882 3049 937 3103 in
952 3046 1072 3101 edd.
1093 3046 1355 3101 omnibus.

425 3126 476 3197 4.
510 3128 634 3179 Non
662 3126 747 3180 sic.
776 3128 955 3180 Turio.
990 3124 1164 3181 Guelf.
1195 3124 1356 3178 Goth.

353 3208 496 3259 Jens.
512 3204 635 3275 (tac.
650 3206 835 3276 Gesn.)
852 3203 1052 3279 nonfit‚
1065 3223 1189 3257 cum
1204 3206 1354 3256 Bern.

354 3298 408 3337 et
444 3284 563 3337 edd.
604 3298 726 3336 ante
761 3283 961 3358 Gryph.
998 3283 1261 3343 onrnibus.
1286 3310 1359 3323 -

353 3364 460 3417 RB.
489 3382 534 3432 1,
558 3364 669 3433 225
688 3378 742 3417 et
759 3361 1360 3438 Caur.‚nonfit.-Ve-

355 3461 529 3494 mm...
563 3444 648 3496 sie.
683 3443 923 3516 Abrupta
954 3456 1034 3503 est
1063 3443 1321 3497 sententia
1340 3479 1358 3508 ‚

357 3541 459 3593 qua
488 3524 645 3575 facile
673 3524 999 3577 carebamus.
1028 3523 1248 3577 Gesner-i
1277 3541 1361 3575 ra-

354 3603 431 3652 tio
455 3599 567 3653 haec
591 3615 669 3654 est
684 3641 702 3668 ‚
724 3616 785 3654 ut
806 3602 1010 3654 dictum
1039 3604 1105 3654 sit
1131 3620 1231 3674 pro
1260 3603 1323 3655 iis
1345 3621 1359 3652 ι

363 3701 388 3725 ιι
406 3678 548 3731 Talis
580 3695 755 3733 autem
772 3720 789 3748 ,
818 3682 1027 3752 qualem
1060 3681 1236 3734 adhuc
1263 3680 1361 3735 de·-

362 3780 388 3805 ιι
407 3761 692 3809 monstravi
708 3797 725 3824 ‚
753 3758 1035 3815 difficultas
1065 3780 1175 3817 non
1201 3772 1281 3817 eat
1307 3762 1362 3815 in

342 3844 390 3883 ‘u
407 3835 670 3889 vocabulo
695 3839 876 3899 Graeco
905 3839 1167 3897 rhetorice
1188 3864 1209 3889 ι
1231 3879 1250 3907 ,
1276 3841 1363 3892 cui

358 3914 497 3968 bene
539 3914 825 3988 respondet
843 3953 861 3982 ‚
904 3917 1049 3988 quod
1090 3921 1359 3990 sequiturz

368 4018 392 4042 ιι
413 3998 494 4049 Ne
519 3996 680 4069 igitur
695 4017 717 4042 a·
745 4007 846 4047 etc.
871 3995 955 4047 An
980 3998 1051 4047 ita
1073 3995 1241 4050 locuti
1263 4000 1368 4051 sint

362 4088 565 4127 veteres
595 4098 618 4122 ιι
639 4092 747 4126 non
768 4074 838 4137 sic
852 4098 898 4139 ι,
926 4073 1072 4143 quod
1094 4074 1222 4127 mihi
1244 4095 1369 4129 nos·

365 4168 505 4207 trum
542 4173 839 4209 sermonem
874 4153 1079 4207 videtur
1121 4154 1263 4208 olere
1278 4195 1295 4223 ‚
1336 4174 1368 4208 a

365 4235 702 4306 peritioribus
722 4234 879 4291 veiim
896 4234 1113 4291 discere.
1138 4234 1190 4289 Si
1194 4231 1273 4307 fit
1289 4234 1370 4291 le·

1449 1861 1589 1932 gitur
1625 1878 1723 1936 pro
1755 1858 1827 1912 sic
1859 1856 2014 1930 (vide
2046 1858 2256 1910 initium
2285 1856 2462 1927 nota)

1448 1939 1764 2010 intelligam
1787 1960 1810 1984 κ
1831 1940 1886 1990 in
1907 1936 2179 2002 rhetorice,
2193 1934 2460 1988 vocabulo

1457 2020 1716 2087 ummo,
1748 2036 1860 2072 non
1896 2030 2005 2071 tam
2037 2029 2163 2089 apta
2198 2015 2259 2069 fit
2287 2016 2459 2068 versio

1454 2121 1478 2145 α
1496 2099 1710 2164 Latina,
1732 2116 1892 2169 quam
1910 2098 1966 2149 in
1984 2095 2151 2148 altero
2164 2132 2182 2161 ‚
2196 2112 2459 2168 gramma-

1408 2167 1425 2179 ‘
1455 2198 1480 2223 ιι
1500 2178 1611 2228 tice.
1636 2201 1659 2223 ιι
1678 2179 1814 2228 Tum
1830 2189 1974 2227 recte
1993 2173 2146 2227 tollas
2160 2177 2463 2244 interpunc-

1448 2256 1649 2308 tionem
1682 2270 1805 2312 ante
1836 2255 2050 2312 Verum.
2085 2256 2201 2307 Hoc
2229 2252 2378 2307 dedit
2408 2264 2462 2305 et

1447 2334 1756 2408 Gedoynus.

1519 2414 1571 2470 5.
1603 2417 1688 2470 Ne
1713 2434 1879 2491 puqn.
1909 2419 2086 2470 Turio.
2116 2414 2278 2468 Goth.
2313 2414 2457 2468 Jens.

1446 2498 1572 2570 (tac.
1597 2498 1785 2570 Gesn.)
1803 2499 1928 2552 Nou
1948 2516 2114 2572 puqn.
2141 2515 2264 2549 cum
2287 2497 2461 2547 omni-

1446 2578 1548 2633 bus
1573 2597 1722 2651 paene
1748 2575 1869 2630 edd.
1894 2590 2022 2630 vett.
2048 2572 2153 2630 Sed
2173 2573 2348 2629 Guelf.
2375 2593 2461 2628 re-

1449 2672 1661 2730 ceptam
1692 2658 1817 2725 dat,
1847 2671 1901 2711 et
1931 2671 2067 2731 puto
2096 2659 2358 2728 aptiorem
2385 2655 2460 2707 illi

1448 2750 1717 2809 praecepto
1741 2739 1923 2790 Nostri
1947 2739 1998 2803 1,
2024 2734 2084 2803 5,
2111 2734 2197 2788 50.
2223 2734 2464 2789 Confun-

1444 2815 1649 2869 duntur
1662 2817 1717 2867 in
1735 2815 1880 2868 MSS.
1898 2832 2006 2866 non
2023 2828 2076 2865 et
2091 2832 2182 2865 ne.-
2199 2814 2320 2866 vide
2335 2817 2463 2866 Dra-

1446 2893 1606 2945 kenb.
1634 2892 1702 2945 ad
1723 2894 1834 2945 Liv.
1861 2894 2161 2959 xxxvm,
2187 2893 2255 2946 38
2272 2930 2289 2958 ,
2321 2909 2400 2943 ιο.

1518 2970 1569 3024 6.
1615 2972 1673 3025 Si
1709 2970 1803 3044 ph.
1849 2972 1933 3024 Sic
1978 2971 2153 3025 Turic.
2193 2971 2369 3024 Gnelf.
2411 2985 2465 3022 et

1447 3049 1608 3102 Goth.
1648 3048 1777 3120 (ubi
1815 3050 1976 3103 Gesn.
2015 3049 2246 3121 neglexit
2262 3086 2280 3115 ,
2317 3048 2464 3121 quod

1449 3129 1710 3181 omittitur
1731 3127 1836 3198 et),
1861 3128 1960 3179 nisi
1984 3126 2131 3199 quod
2157 3146 2256 3201 pro
2277 3127 2462 3200 physi-

1445 3225 1529 3259 cos
1546 3205 1676 3258 dant
1690 3204 2042 3278 philosophos.
2060 3207 2336 3258 Praeferam
2350 3206 2462 3259 fere

1442 3283 1797 3358 philosophos,
1817 3297 1875 3335 ut
1891 3286 2062 3335 tritius
2079 3286 2131 3336 in
2147 3282 2254 3336 hoc
2268 3301 2462 3354 genere

1446 3381 1683 3428 nomen,
1708 3379 1873 3431 quum
1902 3376 1955 3414 et
1984 3361 2073 3414 alii
2099 3360 2269 3414 Codd.
2306 3379 2462 3413 acce-

1450 3441 1596 3496 dant.
1620 3442 1878 3495 Ceterum
1896 3440 2128 3494 abstinui
2148 3461 2177 3493 a
2192 3442 2474 3494 Gesneria·

1448 3540 1519 3575 na
1550 3525 1850 3574 mutatione
1878 3522 1950 3574 sic
1980 3540 2079 3594 pro
2111 3521 2154 3574 si
2168 3560 2186 3587 ,
2222 3524 2320 3574 etsi
2357 3520 2476 3573 leniss

1450 3621 1594 3655 sane.
1619 3604 1807 3674 Neque
1831 3604 1973 3655 enim
1988 3601 2200 3654 videtur
2221 3619 2478 3654 necessa--

1449 3683 1527 3733 ria
1542 3720 1560 3750 ,
1580 3681 1745 3733 modo
1772 3700 1984 3734 mecum
2007 3680 2221 3732 dirimas
2247 3691 2480 3731 senten--

1450 3763 1586 3828 tias,
1619 3780 1729 3813 non
1762 3776 1941 3814 antem
1969 3762 2311 3830 inter-pungas
2339 3771 2465 3830 post

1448 3842 1758 3893 mutatione.
1784 3845 1863 3894 De
1884 3859 1940 3893 se
1959 3843 2079 3912 ipso
2102 3839 2374 3910 usurpavit
2391 3837 2480 3902 si„

1456 3919 1523 3971 de
1542 3919 1797 3972 Cicerone
1815 3920 1964 3988 (utin
1978 3936 2035 3970 re
2049 3918 2188 3969 facta
2199 3953 2217 3981 ‚
2237 3928 2290 3967 et
2307 3933 2462 3986 pror·

1457 4017 1547 4051 ms
1567 3999 1741 4070 certa)
1760 4016 1877 4049 cum
1889 4035 1905 4062 ,
1928 3995 2118 4050 eodem
2136 3996 2248 4047 fere
2268 4008 2464 4046 utrum-

1455 4094 1560 4149 que
1581 4095 1757 4130 sensu.
1778 4078 1862 4131 Sic
1879 4091 1930 4129 et
1944 4074 2158 4129 mollior
2169 4088 2430 4127 stmctura
2442 4113 2460 4139 ‚

1449 4174 1617 4228 qnam
1638 4158 1691 4207 in
1711 4156 1932 4208 Gesneri
1951 4157 2182 4223 ratione,
2205 4173 2318 4228 qnae
2335 4172 2463 4230 pau·

1454 4235 1512 4292 io
1546 4234 1757 4291 videtur
1796 4234 2132 4291 salebrosior.
2172 4235 2248 4289 Et
2285 4247 2466 4288 autem
