3200 5150
1292 430 1385 493 M.
1425 426 1652 492 FABn
1689 426 2242 512 QUINTILIANI

730 548 1138 624 nominibus
1162 563 1181 596 ¹
1212 573 1331 623 aut
1354 578 1574 651 genus
1598 551 2052 651 deprehendit
2069 608 2088 642 ‚
2118 573 2238 624 aut
2260 548 2822 624 declinationem.

737 668 997 752 Genus,
1039 687 1150 754 ut,
1194 667 1249 738 si
1291 687 1667 764 quaeratur,
1693 667 1895 764 sums
1922 667 2393 740 masculinum
2435 667 2554 755 sit,
2592 692 2681 738 an
2711 665 2824 738 fe·

729 780 1084 852 mininum
1106 836 1125 870 ,
1165 780 1388 852 simile
1422 780 1522 853 illi
1555 781 1686 852 sit²
1713 787 1947 882 panis;
1984 782 2576 869 Declinationem,
2610 800 2724 867 ut,
2768 777 2825 851 si

727 894 955 967 veniat
988 895 1058 966 in
1097 895 1394 967 dubium
1413 951 1433 983 ,
1469 893 1600 967 bac
1630 897 1835 968 domu
1861 896 2237 970 dicendum
2264 897 2383 985 sit,
2417 924 2507 969 an
2533 894 2664 967 hac
2692 894 2824 966 do-

729 1036 877 1097 m0,
922 1030 988 1081 et
1019 1011 1382 1097 domuum,
1427 1037 1517 1083 an
1560 1012 1957 1102 domorum,
2000 1012 2251 1084 similia
2285 1010 2469 1085 sint³
2513 1013 2750 1083 domus
2766 1005 2824 1095 4,

656 1138 693 1191 6
733 1152 943 1211 anus,
969 1151 1230 1197 manus.
1260 1124 1667 1200 Deminutio
1693 1154 1911 1226 genus
1937 1128 2149 1201 modo
2173 1128 2463 1226 detegit3
2491 1146 2559 1198 et
2575 1180 2594 1214 ‚
2619 1151 2708 1196 ne
2733 1122 2825 1195 ab

732 1239 979 1310 eodem
1015 1238 1331 1338 exemplo
1369 1240 1686 1312 recedam
1707 1243 1993 1340 ,funem
2022 1242 2493 1315 masculinum
2528 1264 2671 1311 esse
2689 1239 2825 1333 fit-

660 1377 690 1429 7
734 1351 1001 1424 nie-ulus
1028 1352 1342 1424 ostendit.
1374 1355 1640 1426 Eadem
1670 1356 1744 1427 in
1776 1356 1999 1429 verbis
2027 1384 2306 1457 quoque
2338 1355 2503 1427 ratio
2532 1378 2826 1452 compa-

732 1465 1010 1538 rationis
1036 1494 1049 1536 :
1090 1487 1166 1537 ut
1191 1467 1245 1537 si
1277 1468 1430 1566 quis
1454 1525 1473 1557 ,
1499 1470 1818 1568 antiquos
1846 1491 2118 1544 secutus
2137 1527 2157 1559 ‚
2165 1472 2442 1569 servem
2465 1466 2652 1540 brevi
2683 1493 2826 1538 me-

733 1579 846 1650 dia
878 1579 1141 1678 syllaba
1177 1581 1393 1670 dicat,
1438 1583 2036 1682 deprehendatur⁵
2068 1586 2303 1658 vitiose
2335 1583 2529 1681 loqui
2543 1581 2600 1671 ⁶,
2634 1580 2826 1680 quod

733 1694 972 1766 omnia
989 1750 1008 1782 ‚
1039 1721 1194 1793 quae
1218 1724 1257 1768 e
1277 1718 1406 1791 eto
1431 1698 1665 1771 litteris
1683 1755 1703 1788 ‚
1733 1701 1993 1774 fatendi
2014 1701 2225 1773 modo
2242 1716 2299 1790 ⁷,
2328 1698 2788 1773 terminantur
2804 1751 2825 1785 ‚

741 430 859 495 152

833 1862 876 1896 1.
926 1845 991 1895 In
1039 1845 1345 1898 nominibus.
1395 1848 1568 1900 Guelf.
1615 1868 1738 1901 cum

732 1924 893 1977 Goth.
908 1928 1064 1977 etiam
1077 1924 1165 1977 hic
1181 1928 1440 1992 omnibus,
1458 1930 1735 1983 manifesto

735 2023 910 2056 errore
926 2043 943 2070 ‚
970 2008 1059 2075 qui
1079 2019 1184 2056 tam
1204 2008 1453 2077 frequens
1470 2009 1606 2060 solet
1626 2030 1737 2062 esse

733 2085 788 2133 in
804 2082 971 2133 Codd.
985 2122 1001 2149 ,
1024 2097 1079 2135 ut
1094 2086 1438 2138 antecedente
1453 2091 1738 2157 praesertim

732 2182 772 2213 π
798 2164 967 2214 littera
1006 2177 1120 2213 tuto
1154 2164 1309 2216 liceat
1347 2180 1529 2217 contra
1555 2185 1738 2219 omnes

736 2241 871 2293 adeo
918 2241 1086 2294 Codd.
1132 2246 1390 2313 corrigere
1427 2248 1739 2316 scripturam

735 2323 792 2373 in
824 2321 966 2373 hisce
992 2321 1197 2374 duabus
1224 2324 1476 2385 vocibus,
1513 2342 1613 2394 pro
1645 2343 1741 2376 cu—

731 2407 927 2474 jusque
960 2401 1064 2453 loci
1093 2405 1366 2455 sententia.
1405 2403 1522 2456 Vid.
1556 2419 1740 2457 notam

741 2480 807 2531 ad
836 2484 883 2544 Ι,
930 2497 947 2530 1
970 2519 986 2546 ,
1025 2482 1109 2532 30.
1147 2511 1218 2522 —
1260 2482 1507 2534 Omnibus
1540 2482 1739 2535 habent

737 2562 799 2613 R.
831 2559 860 2612 5
887 2575 935 2613 et
956 2562 1116 2613 Cnn’.
1141 2560 1242 2614 Ed.

816 2659 862 2692 2.
908 2641 1029 2692 Ue...
1054 2640 1224 2692 simile
1251 2642 1370 2693 sit...
1402 2652 1517 2694 ut...
1549 2642 1743 2695 sitnilia

739 2719 857 2772 sint.
897 2723 1019 2771 Non
1051 2722 1232 2790 utique
1264 2740 1479 2774 necesse
1502 2735 1580 2773 est
1612 2741 1745 2774 con-

734 2801 1001 2872 junctivos
1028 2799 1190 2853 hosce
1212 2801 1307 2866 sit,
1342 2802 1473 2866 sint,
1511 2801 1743 2874 pendere

745 2878 811 2929 ab
832 2889 887 2928 ut
909 2882 1300 2949 conjunctione.
1327 2883 1502 2932 Potest
1523 2880 1742 2951 intelligi

742 2956 1047 3008 adverbium
1063 2997 1080 3024 ‚
1109 2972 1159 3010 et
1184 2962 1550 3030 conjunctivus
1574 2962 1742 3032 accipi

741 3056 841 3108 pro
868 3037 1026 3088 modo
1054 3037 1361 3108 potentiali,
1390 3041 1658 3110 optativo,
1683 3036 1751 3091 siu

741 3115 813 3167 cir.
852 3118 1095 3167 Attamen
1129 3118 1396 3169 meliorem
1426 3131 1559 3190 puto
1582 3121 1746 3169 ratio-

740 3214 863 3247 nem
889 3196 1145 3248 referendi
1168 3200 1532 3269 conjunctivos
1557 3197 1625 3249 ad
1649 3209 1737 3262 ut,

740 3274 835 3324 ubi
854 3275 1170 3343 intelligetur·
1186 3289 1305 3327 ante
1325 3276 1456 3326 illud
1477 3297 1488 3327 z
1517 3276 1606 3326 ita.
1629 3278 1742 3328 Dis-

740 3354 901 3426 plicet
922 3357 973 3405 in
994 3355 1096 3405 hoc
1117 3356 1236 3406 loco
1256 3356 1439 3405 domus
1454 3369 1576 3426 post
1597 3355 1739 3406 simi-

743 3433 817 3484 Ie'a
836 3435 956 3496 siue,
975 3449 1135 3503 quum
1158 3433 1224 3484 de
1244 3451 1307 3484 co
1324 3436 1440 3504 ipso
1460 3446 1737 3503 quaeratur,

743 3527 801 3562 nt
824 3513 1015 3563 similia
1039 3513 1150 3564 sola
1181 3515 1313 3578 sint,
1345 3530 1501 3576 anus,
1536 3532 1736 3567 manus·-

742 3592 841 3645 Sed
862 3592 1069 3642 videtur
1086 3611 1199 3644 esse
1222 3594 1276 3644 in
1300 3592 1542 3644 omnibus
1567 3593 1739 3657 libris;

1825 1853 1978 1903 Tar-v.
2003 1852 2128 1904 Loc.
2154 1854 2339 1903 Venet.
2368 1851 2526 1901 Rusc.
2552 1845 2678 1898 Bad.
2702 1844 2823 1899 Ald.

1824 1932 1986 1981 Viart.
2013 1933 2197 2000 Neque
2216 1943 2296 1979 est
2317 1947 2413 1979 cur
2434 1925 2712 1997 displiceat
2732 1942 2828 1995 per

1826 2026 1882 2059 se
1922 2007 2133 2078 quidem
2169 2006 2511 2071 indicativae,
2547 2005 2649 2056 nisi
2681 2001 2827 2073 quod

1827 2092 2123 2159 praecessit:
2174 2110 2196 2134 α
2220 2087 2388 2140 simile
2423 2086 2500 2139 illi
2532 2085 2613 2137 sit.
2640 2108 2662 2132 u
2705 2083 2825 2135 Vid.

1829 2187 1945 2239 sup.
1971 2182 2085 2220 not.

1899 2247 1949 2313 4.
1980 2248 2192 2300 Domus.
2230 2249 2576 2299 Buttmannns
2599 2262 2697 2315 pro
2725 2244 2827 2295 hac

1826 2344 1957 2377 voce
2016 2329 2232 2398 conjicit
2283 2326 2470 2376 humus
2514 2322 2790 2375 verisimile
2811 2342 2826 2385 3

1830 2425 1993 2477 quum
2013 2410 2087 2458 sic
2102 2408 2353 2477 analogiae
2373 2407 2536 2478 ipsius
2554 2403 2827 2456 fluctuatio

1829 2485 2155 2537 ostendatur.
2181 2489 2273 2538 En.

1904 2563 1951 2618 5.
1978 2565 2418 2638 Deprehendatur.
2451 2563 2625 2618 Guetf.
2650 2562 2829 2635 depre-

1832 2643 2088 2696 henditur.

1902 2722 1953 2775 6.
1980 2723 2032 2774 V
2028 2723 2168 2775 itiose
2187 2721 2347 2794 loqui.
2373 2724 2614 2773 Fortasse
2631 2719 2698 2772 de
2717 2737 2829 2771 ser-

1830 2819 1988 2854 mone
2038 2801 2346 2873 quotidiano
2392 2799 2564 2852 solum
2612 2796 2830 2867 intelligi

1829 2879 1941 2932 vult
1965 2882 2067 2948 Qu.
2098 2883 2233 2932 Nam
2256 2892 2442 2951 praeter
2463 2877 2686 2929 aliorum
2709 2878 2828 2928 Vir-

1829 2958 1939 3027 gilii
1958 2958 2194 3029 exempla
2200 2958 2405 3029 fervere
2423 2970 2688 3025 tamquam
2707 2953 2829 3006 dac-

1831 3038 1998 3111 tylum
2020 3039 2320 3110 usurpantis
2339 3037 2494 3088 nimis
2513 3047 2636 3086 sunt
2658 3035 2829 3085 mani-

1829 3119 1962 3172 festa
1996 3120 2185 3188 Georg.
2224 3121 2278 3183 1,
2329 3115 2461 3182 456,
2504 3115 2601 3186 471
2625 3152 2641 3181 ‚
2683 3127 2742 3165 ut
2777 3126 2829 3166 et

1829 3199 1944 3249 AEn.
1971 3200 2073 3264 IV,
2113 3198 2247 3266 ⁴⁰93
2284 3197 2433 3262 vm,
2469 3195 2570 3263 677
2589 3230 2606 3259 ,
2642 3205 2694 3244 et
2719 3191 2825 3244 vid.

1827 3279 2061 3331 Servium
2085 3277 2151 3329 ad
2176 3291 2453 3345 utrumque
2476 3275 2828 3346 posteriorum

1826 3357 2082 3409 locorum.

1900 3456 1948 3508 7.
1989 3435 2218 3489 Fatendi.
2258 3437 2334 3486 Ita
2367 3433 2579 3505 quidem
2612 3450 2826 3499 omnes,

1831 3528 2084 3586 quantum
2102 3513 2283 3579 video,
2303 3513 2470 3564 Codd.
2493 3514 2739 3582 Princeps
2755 3526 2829 3562 ta·

1827 3615 1947 3648 men
1988 3599 2222 3648 Romana
2258 3595 2511 3664 Campani
2543 3593 2703 3644 editio
2736 3591 2828 3643 dat

741 3687 990 3723 αηυςυιη.
1009 3675 1159 3722 Voss.
1181 3690 1207 3723 2
1227 3709 1244 3739 ‚
1268 3672 1427 3736 male-3
1441 3672 1594 3742 funis
1607 3691 1739 3726 mas·
1812 3673 2045 3747 finiendi
2059 3712 2075 3736 ‚
2102 3671 2247 3744 quod
2270 3692 2395 3725 sane
2416 3672 2573 3742 longe
2597 3685 2676 3723 est
2695 3689 2827 3722 con·

738 3750 995 3802 culsnum.
1027 3751 1298 3803 Lucretius
1330 3754 1636 3804 femininum
1663 3754 1737 3805 fe-

740 3831 811 3878 cit
851 3833 926 3896 ΙΙ,
970 3831 1143 3884 1253:
1190 3855 1212 3878 a·
1235 3833 1406 3883 Aurea
1446 3832 1513 3885 de
1549 3833 1733 3886 caelo...

747 3909 957 3978 «funis,
981 3933 1003 3957 u
1046 3910 1190 3982 qnod
1228 3933 1251 3958 α
1272 3913 1481 3964 auribus
1513 3917 1740 3966 servien-

746 4001 937 4039 ntem„
962 3989 1467 4045 dixisserefertGell.
1485 3993 1628 4060 XIII,
1651 4010 1736 4047 20.

1825 3754 2118 3805 venientius
2164 3754 2284 3803 usui
2335 3752 2826 3820 grammaticorum,

1829 3850 1963 3904 quos
1988 3829 2263 3883 Putschius
2287 3829 2515 3899 collegit.
2549 3828 2709 3900 Apud
2731 3845 2824 3880 eos

1826 3914 1966 3964 enim
1980 3910 2192 3983 fatendi
2223 3910 2432 3961 modum
2463 3912 2548 3961 vix
2574 3911 2823 3961 invenias,

1822 3996 1979 4045 -Β,
2012 4009 2106 4056 12,
2132 3990 2359 4062 fatendi.
2399 3992 2558 4043 Cant.
2589 4003 2642 4042 et
2664 3992 2780 4042 Cn».
2806 4025 2826 4054 ‚

812 4067 1224 4122 3-S1'miliase'nt.
1251 4072 1586 4136 Guelfisunt,
1614 4091 1736 4124 cum
1810 4071 2057 4144 finiendi.
2073 4075 2163 4125 En.
2179 4069 2664 4122 —Fatendimoda
2687 4071 2748 4120 H.
2771 4086 2820 4119 e.

743 4162 846 4217 quo
864 4146 1068 4202 faciunt
1085 4148 1205 4202 edd.
1224 4151 1366 4206 Jens.
1389 4151 1520 4221 (tac.
1540 4152 1699 4206 Gesn.
1712 4150 1738 4223 )
1822 4150 2122 4207 indicativo.
2156 4149 2398 4205 Similiter
2427 4149 2537 4202 fere
2559 4152 2724 4201 Varro
2752 4133 2824 4197 de
