3200 5150
772 518 847 584 ιε
1222 470 1838 581 θεοεοζωι).
1887 476 2358 579 SPALDING

758 640 850 719 is,
877 639 991 729 qui
1012 654 1271 717 narrat,
1306 637 1592 725 Angelus
1630 636 1987 701 Politianus
2017 632 2588 700 Miscellaneorum
2618 632 2834 721 capite

765 736 883 825 ΞΒ,
908 767 974 834 p.
1002 743 1110 809 36.
1138 746 1283 809 Fac.
1308 742 1495 808 Grut.
1520 741 1652 806 vol.
1681 743 1731 805 1.
1760 743 1857 806 Ita
1879 740 2033 807 satis
2055 739 2131 806 fit
2151 737 2493 830 probabile
2517 735 2833 803 Codicem

760 866 1062 915 nostrum
1094 872 1137 914 a
1172 846 1552 914 doctissimo
1588 845 1718 912 boc
1753 847 1898 911 viro
1932 847 2136 912 fuisse
2164 860 2497 923 curatum,
2535 866 2669 933 quo
2697 866 2836 908 non

764 974 965 1043 parva
1004 954 1130 1042 ipsi
1170 951 1424 1019 accedit
1456 952 1843 1031 auctoritas,
1891 952 1960 1016 in
2005 973 2243 1040 magno
2281 951 2642 1039 praesertim
2682 972 2837 1015 cum

765 1084 847 1128 eo
872 1062 1154 1127 aliorum
1178 1062 1351 1149 frugi
1376 1058 1697 1126 Codicum
1724 1078 2070 1126 consensu.
2091 1059 2286 1124 Visus
2306 1059 2480 1123 enim
2502 1080 2650 1122 sum
2673 1055 2838 1121 mihi

762 1167 1116 1255 plurimam
1152 1163 1651 1254 Guelferbytani
1687 1165 1978 1254 primum
2011 1186 2164 1229 cum
2201 1163 2513 1228 Beruensi
2545 1160 2840 1227 animad

763 1288 1020 1341 vertere
1039 1269 1595 1350 convenientiam,
1620 1267 1863 1335 deinde
1883 1270 2081 1335 etiam
2098 1292 2252 1335 cum
2270 1269 2602 1334 Vossianis
2623 1269 2844 1358 primo

766 1393 833 1442 et
851 1378 1064 1441 tertio.
1088 1375 1406 1465 Exemplo
1429 1391 1586 1440 sunt
1608 1375 1947 1464 scripturae
1966 1374 2157 1440 valde
2176 1373 2506 1440 mirabiles
2528 1375 2657 1453 111,
2681 1373 2743 1453 8,
2767 1378 2840 1465 4,
2863 1430 2880 1446 .

768 1482 882 1548 ubi
907 1482 976 1547 in
1003 1482 1184 1549 bisce
1207 1497 1495 1572 quatuor
1520 1481 1677 1546 solis
1682 1481 1810 1567 fas
1838 1497 1937 1547 est
1964 1504 2086 1571 pro
2110 1505 2256 1558 eas,
2281 1484 2439 1545 item
2468 1477 2524 1571 S.
2566 1504 2587 1544 1
2604 1501 2670 1560 2,
2694 1502 2844 1566 pos-

770 1586 1046 1654 tulanda
1088 1610 1215 1677 pro
1250 1587 1555 1674 posulat.
1602 1588 1741 1652 Hos
1784 1609 1909 1675 ego
1951 1586 2155 1653 libros
2201 1609 2239 1651 e
2282 1583 2844 1676 praestantioribus

775 1692 1088 1783 exemplis
1119 1694 1544 1782 transcriptos
1583 1692 1916 1773 existimo,
1947 1714 2146 1782 quam
2182 1691 2562 1758 Gothanum
2594 1707 2660 1757 et
2681 1691 2846 1756 Vos-

774 1800 1029 1866 sianum
1061 1795 1449 1865 secundum.
1485 1798 1652 1863 Sunt
1679 1799 1857 1862 enim
1885 1798 2025 1863 fere
2053 1820 2285 1862 eorum
2317 1798 2655 1886 scripturas
2687 1795 2848 1862 doc-

772 1906 974 1971 tiores
991 1953 1009 1989 ,
1046 1903 1485 1983 difficiliores,
1527 1900 1819 1992 denique
1857 1902 2050 1983 tales,
2081 1926 2229 1993 quae
2270 1920 2707 1969 correctorem
2747 1925 2848 1967 re·

774 2011 1083 2077 centioris
1123 2010 1246 2074 aevi
1285 2008 1505 2073 minus
1539 2025 1835 2096 arguant.
1876 2009 2099 2091 Quum
2130 2009 2270 2099 jam
2305 2030 2572 2073 omnem
2606 2006 2850 2073 borum

775 2117 1097 2183 Codicum
1123 2116 1503 2180 varietatem
1532 2116 2031 2205 excerpsissem,
2070 2118 2238 2182 facta
2273 2116 2436 2181 mihi
2476 2133 2574 2182 est
2609 2117 2850 2181 iterum

776 2245 898 2311 per
923 2220 1243 2287 Wolfium
1279 2222 1468 2309 copia
1504 2218 1656 2284 libri
1692 2219 2066 2311 cujusdam,
2100 2223 2215 2311 qui
2242 2221 2505 2287 videtur
2537 2223 2852 2312 antiquis-

778 2328 958 2395 simis
982 2323 1453 2394 accensendus.
1492 2325 1677 2391 Misit
1708 2327 1884 2391 enim
1912 2325 1996 2391 ad
2024 2350 2132 2391 me
2159 2349 2283 2417 pro
2315 2350 2423 2407 ea,
2455 2350 2585 2417 qua
2618 2325 2852 2393 studiis

777 2434 943 2499 meis
980 2433 1187 2513 favet,
1226 2430 1687 2498 benevolentia
1723 2432 2143 2498 collationem
2173 2433 2427 2522 aliquot
2458 2432 2779 2498 librorum
2814 2456 2854 2498 e

781 2537 1024 2608 Codice
1048 2541 1118 2605 in
1139 2540 1486 2606 Turicensi
1504 2537 1904 2607 bibliotheca
1926 2542 2216 2631 reposito
2231 2594 2248 2624 ,
2276 2542 2434 2608 olim
2458 2558 2746 2608 curatam
2769 2539 2859 2606 ab

779 2649 992 2714 amico
1031 2668 1155 2713 suo
1196 2663 1264 2712 et
1302 2644 1606 2712 auditore
1649 2646 2079 2736 Sulzbergero
2119 2650 2199 2714 V.
2242 2652 2320 2713 R.
2362 2665 2623 2738 pastore
2661 2647 2854 2712 Turi·

780 2753 993 2833 censi,
1024 2750 1396 2841 significans
1410 2800 1427 2831 ,
1458 2772 1528 2817 se
1551 2751 1791 2842 reliqui
1814 2754 2033 2842 operis
2055 2754 2434 2820 varietatem
2455 2778 2534 2819 ex
2555 2753 2684 2819 hoc
2708 2755 2856 2842 ipso

780 2857 950 2922 libro
994 2856 1192 2936 mihi,
1240 2857 1297 2922 si
1334 2855 1699 2938 videretur,
1753 2858 2273 2948 impetraturum.
2297 2860 2488 2942 ‘Quae
2534 2859 2857 2948 promissa

781 2985 990 3054 quum
1032 2961 1463 3028 vehementer
1504 2964 1963 3053 amplecterer,
2016 2961 2389 3031 conciliavit
2432 2963 2596 3029 mibi
2637 2964 2856 3028 virum

780 3069 1354 3150 humanissimum,
1377 3090 1579 3160 quem
1597 3070 1846 3159 ingenii
1866 3088 1933 3134 et
1951 3069 2267 3137 doctrinae
2287 3070 2603 3160 elegantia
2617 3107 2638 3150 ,·
2650 3069 2855 3135 animi

780 3192 1001 3241 autem
1030 3192 1097 3241 et
1122 3175 1438 3241 suavitate
1462 3193 1528 3242 et
1554 3175 1842 3243 candore
1869 3176 2587 3243 commendatissimum
2608 3174 2718 3240 bic
2744 3196 2858 3240 co-

781 3305 922 3347 ram
956 3303 1506 3371 cognoveramus,
1547 3283 1877 3364 Ulricum,
1896 3323 1901 3332 -
1921 3284 2362 3372 professorem
2396 3282 2852 3348 Turicensem.

783 3388 909 3453 Hic
936 3404 1004 3452 et
1029 3386 1460 3454 celeberrimo
1482 3390 1696 3454 amico
1722 3411 1843 3454 suo
1877 3405 1944 3452 et
1969 3411 2120 3453 meo
2146 3389 2532 3472 Quintiliani
2559 3389 2691 3452 mei
2719 3404 2856 3453 stu-

782 3492 895 3560 dio
922 3491 1052 3559 hoc
1079 3490 1296 3573 dedit,
1336 3510 1411 3559 ut
1447 3492 1797 3583 diligenter
1828 3493 2146 3560 notandas
2175 3519 2254 3560 ex
2289 3494 2418 3561 hoc
2445 3493 2689 3560 Codice
2717 3494 2854 3560 sin·

782 3599 965 3688 gulas
1000 3599 1338 3687 scripturae
1375 3600 1718 3665 varietates
1755 3601 2108 3689 reciperet,
2141 3624 2426 3691 quorum
2461 3600 2778 3689 primitias
2814 3622 2856 3664 a

781 3705 979 3770 tertio
997 3703 1082 3770 ad
1103 3706 1317 3794 quinti
1337 3704 1489 3770 libri
1512 3704 1716 3770 finem
1738 3727 1949 3797 usque
1967 3704 2051 3772 ad
2072 3730 2179 3772 me
2197 3704 2549 3772 mittendas
2572 3706 2850 3786 curavit,

782 3833 917 3899 quo
946 3810 1014 3875 in
1043 3832 1317 3898 genere,
1345 3832 1551 3900 quum
1580 3812 1752 3892 forte
1773 3813 2061 3903 aliquam
2087 3812 2638 3901 Sulzbergerianae
2661 3812 2858 3878 colla-

781 3919 978 3983 tionis
1018 3933 1271 4007 partem
1308 3919 1724 4006 repetiissent
1756 3921 1837 4000 ii,
1865 3921 2105 4010 quibus
2136 3921 2267 3987 boc
2299 3920 2680 3986 mandatum
2718 3915 2850 3998 est',

783 4022 1176 4090 ornatissimi
1208 4024 1521 4114 juvenes,
1564 4025 1760 4109 levis,
1805 4027 1922 4094 sed
1963 4051 2140 4108 rara,
2186 4030 2488 4118 apparuit
2524 4042 2854 4121 excerpta-

781 4149 929 4195 rum
950 4127 1338 4195 varietatum
1361 4127 1817 4221 discrepantia.
1848 4133 2064 4225 Hujus
2092 4133 2291 4224 igitur
2316 4133 2466 4198 libri
2498 4149 2563 4198 et
2592 4130 2856 4199 Codicis
