<?xml version="1.0" encoding="UTF-8"?>
<!DOCTYPE html PUBLIC "-//W3C//DTD XHTML 1.0 Transitional//EN"
    "http://www.w3.org/TR/xhtml1/DTD/xhtml1-transitional.dtd">
<html xmlns="http://www.w3.org/1999/xhtml" xml:lang="en" lang="en">
 <head>
  <title>
</title>
<meta http-equiv="Content-Type" content="text/html;charset=utf-8" />
  <meta name='ocr-system' content='tesseract 3.04.00' />
  <meta name='ocr-capabilities' content='ocr_page ocr_carea ocr_par ocr_line ocrx_word'/>
</head>
<body>
  <div class='ocr_page' id='page_1' title='image "./deinstitutioneo12quingoog_0206.png"; bbox 0 0 3200 5150; ppageno 0'>
   <div class='ocr_carea' id='block_1_1' title="bbox 881 515 2400 603">
    <p class='ocr_par' dir='ltr' id='par_1_1' title="bbox 881 515 2400 603">
     <span class='ocr_line' id='line_1_1' title="bbox 881 515 2400 603; baseline -0.006 -10"><span class='ocrx_word' id='word_1_1' title='bbox 881 525 1011 595; x_wconf 74' lang='grc' dir='ltr'><strong>ιθο</strong></span> <span class='ocrx_word' id='word_1_2' title='bbox 1447 521 1542 586; x_wconf 83' lang='grc' dir='ltr'><strong>Μ.</strong></span> <span class='ocrx_word' id='word_1_3' title='bbox 1579 519 1808 585; x_wconf 76' lang='lat' dir='ltr'><strong>FABn</strong></span> <span class='ocrx_word' id='word_1_4' title='bbox 1844 515 2400 603; x_wconf 79' lang='lat' dir='ltr'><strong>QUINTILIANI</strong></span> 
     </span>
    </p>
   </div>
   <div class='ocr_carea' id='block_1_2' title="bbox 851 638 2975 2358">
    <p class='ocr_par' dir='ltr' id='par_1_2' title="bbox 876 638 2967 836">
     <span class='ocr_line' id='line_1_2' title="bbox 877 638 2967 735; baseline -0.004 -14"><span class='ocrx_word' id='word_1_5' title='bbox 877 648 1145 735; x_wconf 73' lang='lat' dir='ltr'><strong>moniS,</strong></span> <span class='ocrx_word' id='word_1_6' title='bbox 1191 643 1451 719; x_wconf 86' lang='lat' dir='ltr'><strong>vocabo</strong></span> <span class='ocrx_word' id='word_1_7' title='bbox 1485 666 1905 717; x_wconf 84' lang='lat' dir='ltr'><strong>consensum</strong></span> <span class='ocrx_word' id='word_1_8' title='bbox 1935 640 2406 731; x_wconf 81' lang='lat' dir='ltr'><strong>eruditorum3</strong></span> <span class='ocrx_word' id='word_1_9' title='bbox 2454 638 2631 713; x_wconf 81' lang='lat' dir='ltr'><strong>sicut</strong></span> <span class='ocrx_word' id='word_1_10' title='bbox 2655 638 2967 733; x_wconf 80' lang='lat' dir='ltr'><strong>vivendi,</strong></span> 
     </span>
     <span class='ocr_line' id='line_1_3' title="bbox 876 760 1701 836; baseline -0.008 1"><span class='ocrx_word' id='word_1_11' title='bbox 876 787 1295 836; x_wconf 84' lang='lat' dir='ltr'><strong>consensum</strong></span> <span class='ocrx_word' id='word_1_12' title='bbox 1325 760 1701 833; x_wconf 87' lang='lat' dir='ltr'><strong>bonorum.</strong></span> 
     </span>
    </p>

    <p class='ocr_par' dir='ltr' id='par_1_3' title="bbox 851 866 2975 2358">
     <span class='ocr_line' id='line_1_4' title="bbox 974 866 2966 972; baseline -0.004 -22"><span class='ocrx_word' id='word_1_13' title='bbox 974 879 1144 950; x_wconf 81' lang='lat' dir='ltr'>CAP.</span> <span class='ocrx_word' id='word_1_14' title='bbox 1166 876 1323 947; x_wconf 87' lang='lat' dir='ltr'><strong>Vll.</strong></span> <span class='ocrx_word' id='word_1_15' title='bbox 1357 878 1562 946; x_wconf 89' lang='lat' dir='ltr'><strong>Nunc</strong></span> <span class='ocrx_word' id='word_1_16' title='bbox 1581 928 1601 961; x_wconf 90' lang='lat'>,</span> <span class='ocrx_word' id='word_1_17' title='bbox 1631 870 1969 972; x_wconf 88' lang='lat' dir='ltr'><strong>quoniam</strong></span> <span class='ocrx_word' id='word_1_18' title='bbox 1991 869 2329 958; x_wconf 74' lang='lat' dir='ltr'><strong>diximu8‚</strong></span> <span class='ocrx_word' id='word_1_19' title='bbox 2359 891 2516 970; x_wconf 84' lang='lat' dir='ltr'><strong>quae</strong></span> <span class='ocrx_word' id='word_1_20' title='bbox 2532 866 2966 970; x_wconf 81' lang='lat' dir='ltr'><strong>sitlequendi</strong></span> 
     </span>
     <span class='ocr_line' id='line_1_5' title="bbox 874 982 2970 1091; baseline -0.004 -28"><span class='ocrx_word' id='word_1_21' title='bbox 874 990 1112 1091; x_wconf 76' lang='lat' dir='ltr'><strong>regula</strong></span> <span class='ocrx_word' id='word_1_22' title='bbox 1130 1048 1149 1081; x_wconf 88' lang='lat'>,</span> <span class='ocrx_word' id='word_1_23' title='bbox 1172 988 1550 1062; x_wconf 86' lang='lat' dir='ltr'><strong>dicendum</strong></span> <span class='ocrx_word' id='word_1_24' title='bbox 1568 1043 1588 1076; x_wconf 90' lang='lat'>,</span> <span class='ocrx_word' id='word_1_25' title='bbox 1614 1014 1769 1087; x_wconf 78' lang='lat' dir='ltr'><strong>quae</strong></span> <span class='ocrx_word' id='word_1_26' title='bbox 1789 984 2245 1060; x_wconf 84' lang='lat' dir='ltr'><strong>scribentibus</strong></span> <span class='ocrx_word' id='word_1_27' title='bbox 2268 982 2750 1073; x_wconf 81' lang='lat' dir='ltr'><strong>custodienda,</strong></span> <span class='ocrx_word' id='word_1_28' title='bbox 2778 984 2970 1083; x_wconf 88' lang='lat' dir='ltr'><strong>quod</strong></span> 
     </span>
     <span class='ocr_line' id='line_1_6' title="bbox 874 1096 2968 1199; baseline -0.005 -19"><span class='ocrx_word' id='word_1_29' title='bbox 874 1107 1099 1180; x_wconf 88' lang='lat' dir='ltr'><strong>Graeci</strong></span> <span class='ocrx_word' id='word_1_30' title='bbox 1145 1119 1469 1199; x_wconf 58' lang='grc' dir='ltr'><strong>ὀρθογραφίαν</strong></span> <span class='ocrx_word' id='word_1_31' title='bbox 1514 1123 1799 1191; x_wconf 83' lang='lat' dir='ltr'><strong>vocant,</strong></span> <span class='ocrx_word' id='word_1_32' title='bbox 1846 1128 1974 1174; x_wconf 80' lang='lat' dir='ltr'><strong>nos</strong></span> <span class='ocrx_word' id='word_1_33' title='bbox 2020 1113 2202 1172; x_wconf 82' lang='lat' dir='ltr'><strong>recte</strong></span> <span class='ocrx_word' id='word_1_34' title='bbox 2244 1096 2578 1173; x_wconf 82' lang='lat' dir='ltr'><strong>scribendi</strong></span> <span class='ocrx_word' id='word_1_35' title='bbox 2616 1104 2968 1172; x_wconf 82' lang='lat' dir='ltr'><strong>scientiam</strong></span> 
     </span>
     <span class='ocr_line' id='line_1_7' title="bbox 872 1214 2970 1320; baseline -0.006 -24"><span class='ocrx_word' id='word_1_36' title='bbox 872 1223 1348 1297; x_wconf 76' lang='lat' dir='ltr'><strong>nominemus·</strong></span> <span class='ocrx_word' id='word_1_37' title='bbox 1387 1218 1608 1320; x_wconf 84' lang='lat' dir='ltr'><strong>Cujus</strong></span> <span class='ocrx_word' id='word_1_38' title='bbox 1637 1244 1742 1290; x_wconf 86' lang='lat' dir='ltr'><strong>ars</strong></span> <span class='ocrx_word' id='word_1_39' title='bbox 1776 1243 1920 1289; x_wconf 86' lang='lat' dir='ltr'><strong>non</strong></span> <span class='ocrx_word' id='word_1_40' title='bbox 1950 1216 2025 1287; x_wconf 92' lang='lat' dir='ltr'><strong>in</strong></span> <span class='ocrx_word' id='word_1_41' title='bbox 2062 1215 2194 1288; x_wconf 87' lang='lat' dir='ltr'><strong>hoc</strong></span> <span class='ocrx_word' id='word_1_42' title='bbox 2230 1214 2449 1315; x_wconf 70' lang='lat' dir='ltr'><strong>posim</strong></span> <span class='ocrx_word' id='word_1_43' title='bbox 2476 1234 2611 1302; x_wconf 87' lang='lat' dir='ltr'><strong>est,</strong></span> <span class='ocrx_word' id='word_1_44' title='bbox 2646 1233 2724 1285; x_wconf 89' lang='lat' dir='ltr'><strong>ut</strong></span> <span class='ocrx_word' id='word_1_45' title='bbox 2754 1240 2970 1286; x_wconf 85' lang='lat' dir='ltr'><strong>nove-</strong></span> 
     </span>
     <span class='ocr_line' id='line_1_8' title="bbox 872 1328 2965 1434; baseline -0.003 -26"><span class='ocrx_word' id='word_1_46' title='bbox 872 1337 1091 1409; x_wconf 87' lang='lat' dir='ltr'><strong>rimus</strong></span> <span class='ocrx_word' id='word_1_47' title='bbox 1113 1393 1133 1426; x_wconf 90' lang='lat'>,</span> <span class='ocrx_word' id='word_1_48' title='bbox 1198 1333 1453 1434; x_wconf 88' lang='lat' dir='ltr'><strong>quibus</strong></span> <span class='ocrx_word' id='word_1_49' title='bbox 1498 1358 1794 1432; x_wconf 63' lang='lat' dir='ltr'><strong>quaeque</strong></span> <span class='ocrx_word' id='word_1_50' title='bbox 1843 1329 2107 1430; x_wconf 79' lang='lat' dir='ltr'>syllaba</span> <span class='ocrx_word' id='word_1_51' title='bbox 2155 1328 2394 1403; x_wconf 80' lang='lat' dir='ltr'><strong>litteris</strong></span> <span class='ocrx_word' id='word_1_52' title='bbox 2445 1347 2710 1401; x_wconf 85' lang='lat' dir='ltr'><strong>constet</strong></span> <span class='ocrx_word' id='word_1_53' title='bbox 2752 1330 2965 1425; x_wconf 86' lang='lat' dir='ltr'><strong>(nam</strong></span> 
     </span>
     <span class='ocr_line' id='line_1_9' title="bbox 871 1443 2967 1550; baseline -0.003 -28"><span class='ocrx_word' id='word_1_54' title='bbox 871 1450 944 1522; x_wconf 90' lang='lat' dir='ltr'><strong>id</strong></span> <span class='ocrx_word' id='word_1_55' title='bbox 976 1450 1264 1550; x_wconf 87' lang='lat' dir='ltr'><strong>quidem</strong></span> <span class='ocrx_word' id='word_1_56' title='bbox 1312 1449 1492 1521; x_wconf 86' lang='lat' dir='ltr'><strong>infra</strong></span> <span class='ocrx_word' id='word_1_57' title='bbox 1534 1445 1968 1546; x_wconf 75' lang='lat' dir='ltr'>grammatici</span> <span class='ocrx_word' id='word_1_58' title='bbox 2000 1444 2320 1518; x_wconf 85' lang='lat' dir='ltr'><strong>officium</strong></span> <span class='ocrx_word' id='word_1_59' title='bbox 2362 1446 2504 1541; x_wconf 85' lang='lat' dir='ltr'><strong>est)</strong></span> <span class='ocrx_word' id='word_1_60' title='bbox 2547 1443 2669 1516; x_wconf 88' lang='lat' dir='ltr'><strong>sed</strong></span> <span class='ocrx_word' id='word_1_61' title='bbox 2708 1463 2967 1535; x_wconf 87' lang='lat' dir='ltr'><strong>totam,</strong></span> 
     </span>
     <span class='ocr_line' id='line_1_10' title="bbox 874 1557 2969 1663; baseline -0.004 -24"><span class='ocrx_word' id='word_1_62' title='bbox 874 1588 951 1639; x_wconf 94' lang='lat' dir='ltr'><strong>ut</strong></span> <span class='ocrx_word' id='word_1_63' title='bbox 987 1592 1145 1638; x_wconf 84' lang='lat' dir='ltr'><strong>mea</strong></span> <span class='ocrx_word' id='word_1_64' title='bbox 1178 1565 1312 1636; x_wconf 88' lang='lat' dir='ltr'><strong>fert</strong></span> <span class='ocrx_word' id='word_1_65' title='bbox 1347 1562 1623 1663; x_wconf 88' lang='lat' dir='ltr'><strong>opini0,</strong></span> <span class='ocrx_word' id='word_1_66' title='bbox 1666 1561 2116 1635; x_wconf 83' lang='lat' dir='ltr'><strong>subtilitatem</strong></span> <span class='ocrx_word' id='word_1_67' title='bbox 2159 1560 2234 1633; x_wconf 90' lang='lat' dir='ltr'><strong>in</strong></span> <span class='ocrx_word' id='word_1_68' title='bbox 2277 1558 2507 1631; x_wconf 87' lang='lat' dir='ltr'><strong>dubiis</strong></span> <span class='ocrx_word' id='word_1_69' title='bbox 2547 1557 2840 1632; x_wconf 86' lang='lat' dir='ltr'><strong>habet¹:</strong></span> <span class='ocrx_word' id='word_1_70' title='bbox 2892 1580 2969 1631; x_wconf 92' lang='lat' dir='ltr'><strong>ut</strong></span> 
     </span>
     <span class='ocr_line' id='line_1_11' title="bbox 868 1673 2971 1780; baseline -0.003 -27"><span class='ocrx_word' id='word_1_71' title='bbox 868 1680 1096 1779; x_wconf 78' lang='lat' dir='ltr'><strong>longis</strong></span> <span class='ocrx_word' id='word_1_72' title='bbox 1140 1678 1419 1780; x_wconf 82' lang='lat' dir='ltr'><strong>syllabis</strong></span> <span class='ocrx_word' id='word_1_73' title='bbox 1466 1678 1801 1750; x_wconf 80' lang='lat' dir='ltr'><strong>omnibus</strong></span> <span class='ocrx_word' id='word_1_74' title='bbox 1855 1702 2204 1778; x_wconf 86' lang='lat' dir='ltr'><strong>apponere</strong></span> <span class='ocrx_word' id='word_1_75' title='bbox 2261 1674 2581 1776; x_wconf 82' lang='lat' dir='ltr'><strong>apicem²</strong></span> <span class='ocrx_word' id='word_1_76' title='bbox 2629 1673 2971 1773; x_wconf 81' lang='lat' dir='ltr'><strong>ineptissi-</strong></span> 
     </span>
     <span class='ocr_line' id='line_1_12' title="bbox 870 1790 2971 1895; baseline -0.003 -24"><span class='ocrx_word' id='word_1_77' title='bbox 870 1825 1074 1872; x_wconf 90' lang='lat' dir='ltr'><strong>mum</strong></span> <span class='ocrx_word' id='word_1_78' title='bbox 1113 1816 1247 1886; x_wconf 87' lang='lat' dir='ltr'><strong>est,</strong></span> <span class='ocrx_word' id='word_1_79' title='bbox 1286 1794 1453 1895; x_wconf 89' lang='lat' dir='ltr'><strong>quia</strong></span> <span class='ocrx_word' id='word_1_80' title='bbox 1488 1795 1808 1895; x_wconf 83' lang='lat' dir='ltr'><strong>plurimae</strong></span> <span class='ocrx_word' id='word_1_81' title='bbox 1843 1816 2089 1867; x_wconf 84' lang='lat' dir='ltr'><strong>natura</strong></span> <span class='ocrx_word' id='word_1_82' title='bbox 2121 1793 2268 1893; x_wconf 86' lang='lat' dir='ltr'><strong>ipsa</strong></span> <span class='ocrx_word' id='word_1_83' title='bbox 2307 1791 2534 1883; x_wconf 83' lang='lat' dir='ltr'><strong>verbi,</strong></span> <span class='ocrx_word' id='word_1_84' title='bbox 2578 1790 2771 1891; x_wconf 88' lang='lat' dir='ltr'><strong>&#39;quod</strong></span> <span class='ocrx_word' id='word_1_85' title='bbox 2806 1792 2971 1865; x_wconf 88' lang='lat' dir='ltr'><strong>scri-</strong></span> 
     </span>
     <span class='ocr_line' id='line_1_13' title="bbox 868 1908 2967 2011; baseline -0.002 -26"><span class='ocrx_word' id='word_1_86' title='bbox 868 1912 1058 1985; x_wconf 86' lang='lat' dir='ltr'><strong>bitur</strong></span> <span class='ocrx_word' id='word_1_87' title='bbox 1074 1969 1093 2002; x_wconf 87' lang='lat'>,</span> <span class='ocrx_word' id='word_1_88' title='bbox 1119 1933 1393 2011; x_wconf 88' lang='lat' dir='ltr'><strong>patent:</strong></span> <span class='ocrx_word' id='word_1_89' title='bbox 1422 1910 1543 1984; x_wconf 82' lang='lat' dir='ltr'><strong>sed</strong></span> <span class='ocrx_word' id='word_1_90' title='bbox 1566 1910 1848 1984; x_wconf 87' lang='lat' dir='ltr'><strong>interim</strong></span> <span class='ocrx_word' id='word_1_91' title='bbox 1869 1908 1898 1955; x_wconf 85' lang='lat'>³</span> <span class='ocrx_word' id='word_1_92' title='bbox 1924 1908 2390 1983; x_wconf 80' lang='lat' dir='ltr'><strong>necessarium</strong></span> <span class='ocrx_word' id='word_1_93' title='bbox 2409 1963 2429 1996; x_wconf 87' lang='lat'>,</span> <span class='ocrx_word' id='word_1_94' title='bbox 2462 1932 2689 2008; x_wconf 89' lang='lat' dir='ltr'><strong>quum</strong></span> <span class='ocrx_word' id='word_1_95' title='bbox 2719 1908 2967 1982; x_wconf 84' lang='lat' dir='ltr'><strong>eadem</strong></span> 
     </span>
     <span class='ocr_line' id='line_1_14' title="bbox 869 2024 2968 2126; baseline -0.002 -25"><span class='ocrx_word' id='word_1_96' title='bbox 869 2029 1093 2101; x_wconf 87' lang='lat' dir='ltr'><strong>littera</strong></span> <span class='ocrx_word' id='word_1_97' title='bbox 1125 2026 1348 2099; x_wconf 89' lang='lat' dir='ltr'><strong>alium</strong></span> <span class='ocrx_word' id='word_1_98' title='bbox 1380 2047 1587 2126; x_wconf 88' lang='lat' dir='ltr'><strong>atque</strong></span> <span class='ocrx_word' id='word_1_99' title='bbox 1623 2025 1842 2098; x_wconf 89' lang='lat' dir='ltr'><strong>alium</strong></span> <span class='ocrx_word' id='word_1_100' title='bbox 1878 2024 2349 2113; x_wconf 89' lang='lat' dir='ltr'><strong>intellectum,</strong></span> <span class='ocrx_word' id='word_1_101' title='bbox 2385 2043 2591 2124; x_wconf 89' lang='lat' dir='ltr'><strong>prout</strong></span> <span class='ocrx_word' id='word_1_102' title='bbox 2619 2044 2968 2124; x_wconf 86' lang='lat' dir='ltr'><strong>correpta,</strong></span> 
     </span>
     <span class='ocr_line' id='line_1_15' title="bbox 851 2135 2975 2240; baseline -0.001 -27"><span class='ocrx_word' id='word_1_103' title='bbox 851 2141 974 2214; x_wconf 87' lang='lat' dir='ltr'><strong>·vel</strong></span> <span class='ocrx_word' id='word_1_104' title='bbox 1008 2140 1344 2240; x_wconf 80' lang='lat' dir='ltr'><strong>producta</strong></span> <span class='ocrx_word' id='word_1_105' title='bbox 1378 2161 1513 2228; x_wconf 85' lang='lat' dir='ltr'><strong>est,</strong></span> <span class='ocrx_word' id='word_1_106' title='bbox 1561 2139 1762 2212; x_wconf 85' lang='lat' dir='ltr'><strong>facit:</strong></span> <span class='ocrx_word' id='word_1_107' title='bbox 1809 2161 1887 2213; x_wconf 91' lang='lat' dir='ltr'><strong>ut</strong></span> <span class='ocrx_word' id='word_1_108' title='bbox 1913 2139 2167 2227; x_wconf 80' lang='lat' dir='ltr'><strong>malus,</strong></span> <span class='ocrx_word' id='word_1_109' title='bbox 2215 2159 2456 2211; x_wconf 86' lang='lat' dir='ltr'><strong>utrum</strong></span> <span class='ocrx_word' id='word_1_110' title='bbox 2482 2135 2857 2211; x_wconf 62' lang='lat' dir='ltr'><strong>arboreml*</strong></span> <span class='ocrx_word' id='word_1_111' title='bbox 2882 2138 2975 2210; x_wconf 57' lang='lat' dir='ltr'><strong>‘si-</strong></span> 
     </span>
     <span class='ocr_line' id='line_1_16' title="bbox 866 2250 2969 2358; baseline -0.002 -29"><span class='ocrx_word' id='word_1_112' title='bbox 866 2257 1186 2358; x_wconf 62' lang='lat' dir='ltr'><strong>gnu-icet,</strong></span> <span class='ocrx_word' id='word_1_113' title='bbox 1225 2282 1317 2328; x_wconf 88' lang='lat' dir='ltr'><strong>an</strong></span> <span class='ocrx_word' id='word_1_114' title='bbox 1341 2254 1710 2328; x_wconf 88' lang='lat' dir='ltr'><strong>hominem</strong></span> <span class='ocrx_word' id='word_1_115' title='bbox 1735 2281 1880 2330; x_wconf 87' lang='lat' dir='ltr'><strong>non</strong></span> <span class='ocrx_word' id='word_1_116' title='bbox 1913 2255 2188 2332; x_wconf 84' lang='lat' dir='ltr'><strong>bonum</strong></span> <span class='ocrx_word' id='word_1_117' title='bbox 2205 2311 2225 2347; x_wconf 84' lang='lat'>‚</span> <span class='ocrx_word' id='word_1_118' title='bbox 2267 2253 2461 2356; x_wconf 87' lang='lat' dir='ltr'><strong>apice</strong></span> <span class='ocrx_word' id='word_1_119' title='bbox 2486 2250 2969 2354; x_wconf 76' lang='lat' dir='ltr'><strong>distinguitur3</strong></span> 
     </span>
    </p>
   </div>
   <div class='ocr_carea' id='block_1_3' title="bbox 865 2414 2973 2567">
    <p class='ocr_par' dir='ltr' id='par_1_4' title="bbox 865 2414 2973 2567">
     <span class='ocr_line' id='line_1_17' title="bbox 865 2414 2973 2490; baseline -0 -19"><span class='ocrx_word' id='word_1_120' title='bbox 865 2416 1106 2471; x_wconf 84' lang='lat' dir='ltr'><strong>tudinem</strong></span> <span class='ocrx_word' id='word_1_121' title='bbox 1128 2419 1337 2483; x_wconf 84' lang='lat' dir='ltr'><strong>facere,</strong></span> <span class='ocrx_word' id='word_1_122' title='bbox 1368 2416 1474 2468; x_wconf 86' lang='lat' dir='ltr'><strong>hoc</strong></span> <span class='ocrx_word' id='word_1_123' title='bbox 1509 2414 1750 2488; x_wconf 83' lang='lat' dir='ltr'><strong>exemplo</strong></span> <span class='ocrx_word' id='word_1_124' title='bbox 1780 2435 1871 2469; x_wconf 71' lang='lat' dir='ltr'><strong>on·-</strong></span> <span class='ocrx_word' id='word_1_125' title='bbox 1958 2430 2116 2490; x_wconf 81' lang='lat' dir='ltr'><strong>cepta</strong></span> <span class='ocrx_word' id='word_1_126' title='bbox 2161 2416 2268 2469; x_wconf 86' lang='lat' dir='ltr'><strong>hoc</strong></span> <span class='ocrx_word' id='word_1_127' title='bbox 2313 2415 2382 2468; x_wconf 88' lang='lat' dir='ltr'><strong>de</strong></span> <span class='ocrx_word' id='word_1_128' title='bbox 2429 2415 2578 2487; x_wconf 79' lang='lat' dir='ltr'><strong>apice</strong></span> <span class='ocrx_word' id='word_1_129' title='bbox 2616 2414 2973 2470; x_wconf 70' lang='lat' dir='ltr'><strong>similitudinis</strong></span> 
     </span>
     <span class='ocr_line' id='line_1_18' title="bbox 866 2492 2973 2567; baseline -0.002 -17"><span class='ocrx_word' id='word_1_130' title='bbox 866 2495 1038 2550; x_wconf 86' lang='lat' dir='ltr'><strong>tendit</strong></span> <span class='ocrx_word' id='word_1_131' title='bbox 1059 2497 1163 2565; x_wconf 89' lang='lat' dir='ltr'><strong>Qu.</strong></span> <span class='ocrx_word' id='word_1_132' title='bbox 1182 2534 1198 2561; x_wconf 84' lang='lat'>,</span> <span class='ocrx_word' id='word_1_133' title='bbox 1228 2499 1383 2567; x_wconf 77' lang='lat' dir='ltr'><strong>cujus</strong></span> <span class='ocrx_word' id='word_1_134' title='bbox 1407 2494 1585 2546; x_wconf 85' lang='lat' dir='ltr'><strong>locum</strong></span> <span class='ocrx_word' id='word_1_135' title='bbox 1619 2492 1755 2547; x_wconf 77' lang='lat' dir='ltr'><strong>nale</strong></span> <span class='ocrx_word' id='word_1_136' title='bbox 1788 2497 1873 2547; x_wconf 88' lang='lat' dir='ltr'><strong>in·</strong></span> <span class='ocrx_word' id='word_1_137' title='bbox 1963 2514 2125 2548; x_wconf 79' lang='lat' dir='ltr'><strong>causa</strong></span> <span class='ocrx_word' id='word_1_138' title='bbox 2156 2495 2331 2547; x_wconf 80' lang='lat' dir='ltr'><strong>solum</strong></span> <span class='ocrx_word' id='word_1_139' title='bbox 2360 2494 2608 2561; x_wconf 79' lang='lat' dir='ltr'><strong>affertur,</strong></span> <span class='ocrx_word' id='word_1_140' title='bbox 2644 2506 2704 2544; x_wconf 84' lang='lat' dir='ltr'><strong>ut</strong></span> <span class='ocrx_word' id='word_1_141' title='bbox 2734 2494 2973 2546; x_wconf 81' lang='lat' dir='ltr'><strong>officium</strong></span> 
     </span>
    </p>
   </div>
   <div class='ocr_carea' id='block_1_4' title="bbox 861 2571 1877 4225">
    <p class='ocr_par' dir='ltr' id='par_1_5' title="bbox 864 2571 1877 3037">
     <span class='ocr_line' id='line_1_19' title="bbox 865 2571 1877 2646; baseline -0.003 -19"><span class='ocrx_word' id='word_1_142' title='bbox 865 2587 1186 2646; x_wconf 77' lang='lat' dir='ltr'><strong>terpretatur</strong></span> <span class='ocrx_word' id='word_1_143' title='bbox 1208 2575 1393 2626; x_wconf 79' lang='lat' dir='ltr'><strong>Pavius</strong></span> <span class='ocrx_word' id='word_1_144' title='bbox 1409 2609 1427 2638; x_wconf 84' lang='lat'>,</span> <span class='ocrx_word' id='word_1_145' title='bbox 1461 2571 1768 2625; x_wconf 69' lang='lat' dir='ltr'><strong>Becher-ebes</strong></span> <span class='ocrx_word' id='word_1_146' title='bbox 1787 2592 1877 2626; x_wconf 80' lang='lat' dir='ltr'><strong>sur</strong></span> 
     </span>
     <span class='ocr_line' id='line_1_20' title="bbox 865 2651 1872 2723; baseline -0.003 -17"><span class='ocrx_word' id='word_1_147' title='bbox 865 2652 940 2706; x_wconf 74' lang='lat' dir='ltr'><strong>let</strong></span> <span class='ocrx_word' id='word_1_148' title='bbox 979 2654 1158 2716; x_wconf 77' lang='lat' dir='ltr'><strong>Grecs,</strong></span> <span class='ocrx_word' id='word_1_149' title='bbox 1197 2672 1250 2723; x_wconf 90' lang='lat' dir='ltr'><strong>p.</strong></span> <span class='ocrx_word' id='word_1_150' title='bbox 1299 2668 1426 2721; x_wconf 84' lang='lat'>190,</span> <span class='ocrx_word' id='word_1_151' title='bbox 1471 2654 1622 2722; x_wconf 78' lang='lat' dir='ltr'><strong>quasi</strong></span> <span class='ocrx_word' id='word_1_152' title='bbox 1661 2651 1872 2722; x_wconf 85' lang='lat' dir='ltr'><strong>plebem</strong></span> 
     </span>
     <span class='ocr_line' id='line_1_21' title="bbox 864 2728 1876 2803; baseline -0.002 -18"><span class='ocrx_word' id='word_1_153' title='bbox 864 2734 1158 2785; x_wconf 78' lang='lat' dir='ltr'><strong>Romanam</strong></span> <span class='ocrx_word' id='word_1_154' title='bbox 1174 2750 1383 2803; x_wconf 79' lang='lat' dir='ltr'><strong>semper</strong></span> <span class='ocrx_word' id='word_1_155' title='bbox 1400 2728 1772 2799; x_wconf 65' lang='lat' dir='ltr'><strong>Bapssapo‘g&#39;weav</strong></span> <span class='ocrx_word' id='word_1_156' title='bbox 1786 2749 1876 2783; x_wconf 83' lang='lat' dir='ltr'><strong>vo·</strong></span> 
     </span>
     <span class='ocr_line' id='line_1_22' title="bbox 866 2808 1872 2880; baseline -0.002 -18"><span class='ocrx_word' id='word_1_157' title='bbox 866 2808 1023 2863; x_wconf 87' lang='lat' dir='ltr'><strong>luerit</strong></span> <span class='ocrx_word' id='word_1_158' title='bbox 1044 2824 1244 2862; x_wconf 77' lang='lat' dir='ltr'><strong>notare.</strong></span> <span class='ocrx_word' id='word_1_159' title='bbox 1266 2812 1452 2880; x_wconf 84' lang='lat' dir='ltr'><strong>Neque</strong></span> <span class='ocrx_word' id='word_1_160' title='bbox 1473 2811 1614 2862; x_wconf 87' lang='lat' dir='ltr'><strong>enim</strong></span> <span class='ocrx_word' id='word_1_161' title='bbox 1632 2808 1696 2860; x_wconf 90' lang='lat' dir='ltr'><strong>de</strong></span> <span class='ocrx_word' id='word_1_162' title='bbox 1716 2808 1872 2880; x_wconf 82' lang='lat' dir='ltr'><strong>plebe</strong></span> 
     </span>
     <span class='ocr_line' id='line_1_23' title="bbox 867 2887 1873 2959; baseline -0.002 -19"><span class='ocrx_word' id='word_1_163' title='bbox 867 2887 981 2940; x_wconf 71' lang='lat' dir='ltr'><strong>sola</strong></span> <span class='ocrx_word' id='word_1_164' title='bbox 1001 2891 1189 2958; x_wconf 74' lang='lat' dir='ltr'><strong>agitur,</strong></span> <span class='ocrx_word' id='word_1_165' title='bbox 1204 2906 1370 2959; x_wconf 86' lang='lat' dir='ltr'><strong>quum</strong></span> <span class='ocrx_word' id='word_1_166' title='bbox 1390 2887 1615 2959; x_wconf 78' lang='lat' dir='ltr'><strong>imperiti</strong></span> <span class='ocrx_word' id='word_1_167' title='bbox 1627 2891 1741 2958; x_wconf 80' lang='lat' dir='ltr'><strong>jam</strong></span> <span class='ocrx_word' id='word_1_168' title='bbox 1762 2893 1873 2938; x_wconf 69' lang='lat' dir='ltr'><strong>me-</strong></span> 
     </span>
     <span class='ocr_line' id='line_1_24' title="bbox 865 2963 1872 3037; baseline -0.004 -17"><span class='ocrx_word' id='word_1_169' title='bbox 865 2969 1058 3020; x_wconf 80' lang='lat' dir='ltr'><strong>morati</strong></span> <span class='ocrx_word' id='word_1_170' title='bbox 1076 2971 1207 3034; x_wconf 81' lang='lat' dir='ltr'><strong>sint,</strong></span> <span class='ocrx_word' id='word_1_171' title='bbox 1226 2985 1399 3037; x_wconf 86' lang='lat' dir='ltr'><strong>neque</strong></span> <span class='ocrx_word' id='word_1_172' title='bbox 1420 2966 1487 3018; x_wconf 88' lang='lat' dir='ltr'><strong>de</strong></span> <span class='ocrx_word' id='word_1_173' title='bbox 1509 2985 1565 3017; x_wconf 90' lang='lat' dir='ltr'><strong>re</strong></span> <span class='ocrx_word' id='word_1_174' title='bbox 1583 2963 1872 3035; x_wconf 80' lang='lat' dir='ltr'><strong>frequenti,</strong></span> 
     </span>
    </p>

    <p class='ocr_par' dir='ltr' id='par_1_6' title="bbox 867 3044 1873 3120">
     <span class='ocr_line' id='line_1_25' title="bbox 867 3044 1873 3120; baseline -0.003 -20"><span class='ocrx_word' id='word_1_175' title='bbox 867 3046 962 3100; x_wconf 72' lang='lat' dir='ltr'><strong>sed</strong></span> <span class='ocrx_word' id='word_1_176' title='bbox 981 3046 1267 3120; x_wconf 75' lang='lat' dir='ltr'><strong>ejusmodi,</strong></span> <span class='ocrx_word' id='word_1_177' title='bbox 1289 3047 1457 3117; x_wconf 78' lang='lat' dir='ltr'><strong>qualis</strong></span> <span class='ocrx_word' id='word_1_178' title='bbox 1476 3063 1590 3098; x_wconf 84' lang='lat' dir='ltr'><strong>non</strong></span> <span class='ocrx_word' id='word_1_179' title='bbox 1606 3044 1769 3096; x_wconf 72' lang='lat' dir='ltr'><strong>semel</strong></span> <span class='ocrx_word' id='word_1_180' title='bbox 1788 3062 1873 3097; x_wconf 73' lang='lat' dir='ltr'><strong>ac-</strong></span> 
     </span>
    </p>

    <p class='ocr_par' dir='ltr' id='par_1_7' title="bbox 862 3123 1874 3274">
     <span class='ocr_line' id='line_1_26' title="bbox 864 3123 1874 3180; baseline -0.005 0"><span class='ocrx_word' id='word_1_181' title='bbox 864 3125 1067 3180; x_wconf 84' lang='lat' dir='ltr'><strong>ciderit.</strong></span> <span class='ocrx_word' id='word_1_182' title='bbox 1094 3129 1256 3179; x_wconf 83' lang='lat' dir='ltr'><strong>Recte</strong></span> <span class='ocrx_word' id='word_1_183' title='bbox 1287 3126 1392 3177; x_wconf 87' lang='lat' dir='ltr'><strong>hoc</strong></span> <span class='ocrx_word' id='word_1_184' title='bbox 1425 3137 1608 3177; x_wconf 86' lang='lat' dir='ltr'><strong>monet</strong></span> <span class='ocrx_word' id='word_1_185' title='bbox 1636 3123 1874 3177; x_wconf 78' lang='lat' dir='ltr'><strong>eruditus</strong></span> 
     </span>
     <span class='ocr_line' id='line_1_27' title="bbox 862 3201 1871 3274; baseline -0.006 -14"><span class='ocrx_word' id='word_1_186' title='bbox 862 3205 986 3260; x_wconf 83' lang='lat' dir='ltr'><strong>libn’</strong></span> <span class='ocrx_word' id='word_1_187' title='bbox 1007 3201 1156 3272; x_wconf 54' lang='lat' dir='ltr'><strong>›cp-‘rie</strong></span> <span class='ocrx_word' id='word_1_188' title='bbox 1177 3206 1241 3257; x_wconf 79' lang='lat' dir='ltr'><strong>A.</strong></span> <span class='ocrx_word' id='word_1_189' title='bbox 1277 3206 1335 3256; x_wconf 91' lang='lat' dir='ltr'><strong>L.</strong></span> <span class='ocrx_word' id='word_1_190' title='bbox 1365 3205 1419 3256; x_wconf 90' lang='lat' dir='ltr'><strong>Z.</strong></span> <span class='ocrx_word' id='word_1_191' title='bbox 1445 3206 1574 3256; x_wconf 89' lang='lat' dir='ltr'><strong>Dec.</strong></span> <span class='ocrx_word' id='word_1_192' title='bbox 1609 3201 1774 3272; x_wconf 79' lang='lat'>1795,</span> <span class='ocrx_word' id='word_1_193' title='bbox 1814 3222 1871 3274; x_wconf 88' lang='lat' dir='ltr'><strong>p.</strong></span> 
     </span>
    </p>

    <p class='ocr_par' dir='ltr' id='par_1_8' title="bbox 863 3280 1874 3354">
     <span class='ocr_line' id='line_1_28' title="bbox 863 3280 1874 3354; baseline -0.004 -18"><span class='ocrx_word' id='word_1_194' title='bbox 863 3282 987 3354; x_wconf 82' lang='lat'><strong><em>475.</em></strong></span> <span class='ocrx_word' id='word_1_195' title='bbox 1017 3286 1193 3353; x_wconf 81' lang='lat' dir='ltr'><strong>Quam</strong></span> <span class='ocrx_word' id='word_1_196' title='bbox 1220 3295 1405 3335; x_wconf 76' lang='lat' dir='ltr'><strong>contra</strong></span> <span class='ocrx_word' id='word_1_197' title='bbox 1430 3281 1696 3352; x_wconf 74' lang='lat' dir='ltr'><strong>elegantes</strong></span> <span class='ocrx_word' id='word_1_198' title='bbox 1720 3280 1874 3333; x_wconf 76' lang='lat' dir='ltr'><strong>thea-</strong></span> 
     </span>
    </p>

    <p class='ocr_par' dir='ltr' id='par_1_9' title="bbox 864 3361 1875 3432">
     <span class='ocr_line' id='line_1_29' title="bbox 864 3361 1875 3432; baseline -0.001 -17"><span class='ocrx_word' id='word_1_199' title='bbox 864 3376 946 3415; x_wconf 80' lang='lat' dir='ltr'><strong>tra</strong></span> <span class='ocrx_word' id='word_1_200' title='bbox 970 3380 1122 3414; x_wconf 79' lang='lat' dir='ltr'><strong>aures</strong></span> <span class='ocrx_word' id='word_1_201' title='bbox 1149 3361 1430 3413; x_wconf 84' lang='lat' dir='ltr'><strong>habuerint</strong></span> <span class='ocrx_word' id='word_1_202' title='bbox 1457 3363 1512 3414; x_wconf 90' lang='lat' dir='ltr'><strong>in</strong></span> <span class='ocrx_word' id='word_1_203' title='bbox 1536 3362 1768 3412; x_wconf 80' lang='lat' dir='ltr'><strong>numeris</strong></span> <span class='ocrx_word' id='word_1_204' title='bbox 1790 3363 1875 3432; x_wconf 76' lang='lat' dir='ltr'><strong>ju-</strong></span> 
     </span>
    </p>

    <p class='ocr_par' dir='ltr' id='par_1_10' title="bbox 862 3438 1869 3511">
     <span class='ocr_line' id='line_1_30' title="bbox 862 3438 1869 3511; baseline 0 -19"><span class='ocrx_word' id='word_1_205' title='bbox 862 3440 1138 3506; x_wconf 74' lang='lat' dir='ltr'><strong>dicandis,</strong></span> <span class='ocrx_word' id='word_1_206' title='bbox 1174 3439 1416 3511; x_wconf 80' lang='lat' dir='ltr'><strong>exemplo</strong></span> <span class='ocrx_word' id='word_1_207' title='bbox 1455 3452 1534 3491; x_wconf 80' lang='lat' dir='ltr'><strong>est</strong></span> <span class='ocrx_word' id='word_1_208' title='bbox 1572 3438 1723 3491; x_wconf 76' lang='lat' dir='ltr'><strong>locus</strong></span> <span class='ocrx_word' id='word_1_209' title='bbox 1759 3440 1869 3492; x_wconf 87' lang='lat' dir='ltr'><strong>Cic.</strong></span> 
     </span>
    </p>

    <p class='ocr_par' dir='ltr' id='par_1_11' title="bbox 865 3518 1424 3587">
     <span class='ocr_line' id='line_1_31' title="bbox 865 3518 1424 3587; baseline -0.004 -15"><span class='ocrx_word' id='word_1_210' title='bbox 865 3518 936 3572; x_wconf 77' lang='lat' dir='ltr'><strong>de</strong></span> <span class='ocrx_word' id='word_1_211' title='bbox 957 3522 1106 3573; x_wconf 83' lang='lat' dir='ltr'><strong>Orat.</strong></span> <span class='ocrx_word' id='word_1_212' title='bbox 1133 3521 1231 3587; x_wconf 88' lang='lat' dir='ltr'><strong>m,</strong></span> <span class='ocrx_word' id='word_1_213' title='bbox 1260 3538 1306 3570; x_wconf 86' lang='lat' dir='ltr'><strong>c.</strong></span> <span class='ocrx_word' id='word_1_214' title='bbox 1340 3518 1424 3571; x_wconf 84' lang='grc'><strong>50.</strong></span> 
     </span>
    </p>

    <p class='ocr_par' dir='ltr' id='par_1_12' title="bbox 861 3595 1873 3827">
     <span class='ocr_line' id='line_1_32' title="bbox 963 3595 1873 3650; baseline -0.003 0"><span class='ocrx_word' id='word_1_215' title='bbox 963 3615 1007 3650; x_wconf 86' lang='lat'><strong>1.</strong></span> <span class='ocrx_word' id='word_1_216' title='bbox 1042 3598 1284 3649; x_wconf 79' lang='lat' dir='ltr'><strong>Totam...</strong></span> <span class='ocrx_word' id='word_1_217' title='bbox 1316 3599 1370 3649; x_wconf 77' lang='lat' dir='ltr'><strong>in</strong></span> <span class='ocrx_word' id='word_1_218' title='bbox 1398 3596 1563 3649; x_wconf 75' lang='lat' dir='ltr'><strong>dubiis</strong></span> <span class='ocrx_word' id='word_1_219' title='bbox 1590 3595 1753 3648; x_wconf 76' lang='lat' dir='ltr'><strong>habet.</strong></span> <span class='ocrx_word' id='word_1_220' title='bbox 1793 3598 1873 3648; x_wconf 80' lang='lat' dir='ltr'><strong>Ita</strong></span> 
     </span>
     <span class='ocr_line' id='line_1_33' title="bbox 863 3675 1870 3749; baseline -0.001 -21"><span class='ocrx_word' id='word_1_221' title='bbox 863 3675 1028 3728; x_wconf 88' lang='lat' dir='ltr'><strong>modo</strong></span> <span class='ocrx_word' id='word_1_222' title='bbox 1054 3675 1413 3749; x_wconf 73' lang='lat' dir='ltr'><strong>etymologicoe</strong></span> <span class='ocrx_word' id='word_1_223' title='bbox 1435 3676 1559 3727; x_wconf 76' lang='lat' dir='ltr'><strong>artis</strong></span> <span class='ocrx_word' id='word_1_224' title='bbox 1581 3693 1730 3726; x_wconf 75' lang='lat' dir='ltr'><strong>usum</strong></span> <span class='ocrx_word' id='word_1_225' title='bbox 1755 3692 1870 3728; x_wconf 76' lang='lat' dir='ltr'><strong>esse</strong></span> 
     </span>
     <span class='ocr_line' id='line_1_34' title="bbox 861 3754 1776 3827; baseline -0.001 -19"><span class='ocrx_word' id='word_1_226' title='bbox 861 3755 1092 3827; x_wconf 72' lang='lat' dir='ltr'><strong>negabat</strong></span> <span class='ocrx_word' id='word_1_227' title='bbox 1114 3758 1215 3808; x_wconf 84' lang='lat' dir='ltr'><strong>nisi</strong></span> <span class='ocrx_word' id='word_1_228' title='bbox 1239 3755 1293 3807; x_wconf 78' lang='lat' dir='ltr'><strong>iu</strong></span> <span class='ocrx_word' id='word_1_229' title='bbox 1317 3755 1495 3807; x_wconf 75' lang='lat' dir='ltr'><strong>dubiis.</strong></span> <span class='ocrx_word' id='word_1_230' title='bbox 1522 3758 1576 3819; x_wconf 89' lang='grc' dir='ltr'><strong>Ι,</strong></span> <span class='ocrx_word' id='word_1_231' title='bbox 1599 3754 1634 3806; x_wconf 89' lang='grc'>6</span> <span class='ocrx_word' id='word_1_232' title='bbox 1649 3793 1666 3822; x_wconf 91' lang='grc'>,</span> <span class='ocrx_word' id='word_1_233' title='bbox 1690 3755 1776 3807; x_wconf 86' lang='grc'><strong>38.</strong></span> 
     </span>
    </p>

    <p class='ocr_par' dir='ltr' id='par_1_13' title="bbox 861 3833 1866 4225">
     <span class='ocr_line' id='line_1_35' title="bbox 939 3833 1866 3908; baseline -0.005 -18"><span class='ocrx_word' id='word_1_234' title='bbox 939 3855 987 3890; x_wconf 91' lang='grc'><strong>2.</strong></span> <span class='ocrx_word' id='word_1_235' title='bbox 1008 3835 1510 3908; x_wconf 77' lang='lat' dir='ltr'><strong>Apponereapicem,</strong></span> <span class='ocrx_word' id='word_1_236' title='bbox 1532 3833 1666 3885; x_wconf 87' lang='lat' dir='ltr'><strong>Vide</strong></span> <span class='ocrx_word' id='word_1_237' title='bbox 1686 3845 1866 3886; x_wconf 71' lang='lat' dir='ltr'><strong>notam</strong></span> 
     </span>
     <span class='ocr_line' id='line_1_36' title="bbox 863 3913 1862 3986; baseline -0.003 -17"><span class='ocrx_word' id='word_1_238' title='bbox 863 3917 931 3970; x_wconf 82' lang='lat' dir='ltr'><strong>ad</strong></span> <span class='ocrx_word' id='word_1_239' title='bbox 956 3919 1008 3982; x_wconf 85' lang='lat'><strong>1,</strong></span> <span class='ocrx_word' id='word_1_240' title='bbox 1036 3916 1094 3982; x_wconf 82' lang='lat'><strong>5,</strong></span> <span class='ocrx_word' id='word_1_241' title='bbox 1126 3917 1220 3981; x_wconf 83' lang='lat'><strong>23,</strong></span> <span class='ocrx_word' id='word_1_242' title='bbox 1249 3925 1308 3968; x_wconf 81' lang='lat' dir='ltr'><strong>ut</strong></span> <span class='ocrx_word' id='word_1_243' title='bbox 1327 3915 1473 3986; x_wconf 79' lang='lat' dir='ltr'><strong>apice</strong></span> <span class='ocrx_word' id='word_1_244' title='bbox 1498 3913 1862 3966; x_wconf 71' lang='lat' dir='ltr'><strong>circumducta.</strong></span> 
     </span>
     <span class='ocr_line' id='line_1_37' title="bbox 934 3991 1865 4063; baseline -0.003 -15"><span class='ocrx_word' id='word_1_245' title='bbox 934 3996 984 4049; x_wconf 85' lang='lat'><strong>3.</strong></span> <span class='ocrx_word' id='word_1_246' title='bbox 992 3955 1337 4048; x_wconf 76' lang='lat' dir='ltr'><strong>Sedinten&#39;m.</strong></span> <span class='ocrx_word' id='word_1_247' title='bbox 1354 3993 1513 4046; x_wconf 88' lang='lat' dir='ltr'><strong>Goth.</strong></span> <span class='ocrx_word' id='word_1_248' title='bbox 1530 3992 1661 4063; x_wconf 84' lang='lat' dir='ltr'><strong>(tac.</strong></span> <span class='ocrx_word' id='word_1_249' title='bbox 1674 3994 1830 4046; x_wconf 72' lang='lat' dir='ltr'><strong>Gesn.</strong></span> <span class='ocrx_word' id='word_1_250' title='bbox 1843 3991 1865 4063; x_wconf 96' lang='lat'>)</span> 
     </span>
     <span class='ocr_line' id='line_1_38' title="bbox 861 4073 1866 4138; baseline -0.002 -12"><span class='ocrx_word' id='word_1_251' title='bbox 861 4092 985 4126; x_wconf 83' lang='lat' dir='ltr'><strong>cum</strong></span> <span class='ocrx_word' id='word_1_252' title='bbox 1015 4073 1120 4126; x_wconf 81' lang='lat' dir='ltr'><strong>fido</strong></span> <span class='ocrx_word' id='word_1_253' title='bbox 1151 4092 1248 4126; x_wconf 80' lang='lat' dir='ltr'><strong>suo</strong></span> <span class='ocrx_word' id='word_1_254' title='bbox 1276 4073 1480 4127; x_wconf 80' lang='lat' dir='ltr'><strong>Achate</strong></span> <span class='ocrx_word' id='word_1_255' title='bbox 1507 4076 1660 4124; x_wconf 78' lang='lat' dir='ltr'><strong>Voss.</strong></span> <span class='ocrx_word' id='word_1_256' title='bbox 1694 4091 1758 4138; x_wconf 91' lang='grc'><strong>2,</strong></span> <span class='ocrx_word' id='word_1_257' title='bbox 1796 4073 1866 4124; x_wconf 74' lang='lat' dir='ltr'><strong>sic</strong></span> 
     </span>
     <span class='ocr_line' id='line_1_39' title="bbox 862 4153 1865 4225; baseline -0.004 -17"><span class='ocrx_word' id='word_1_258' title='bbox 862 4153 1085 4208; x_wconf 66' lang='lat' dir='ltr'><strong>interim.</strong></span> <span class='ocrx_word' id='word_1_259' title='bbox 1129 4156 1240 4206; x_wconf 81' lang='lat' dir='ltr'><strong>Hac</strong></span> <span class='ocrx_word' id='word_1_260' title='bbox 1277 4157 1533 4225; x_wconf 81' lang='lat' dir='ltr'><strong>scriptura</strong></span> <span class='ocrx_word' id='word_1_261' title='bbox 1568 4166 1678 4205; x_wconf 77' lang='lat' dir='ltr'><strong>tota</strong></span> <span class='ocrx_word' id='word_1_262' title='bbox 1713 4169 1865 4222; x_wconf 76' lang='lat' dir='ltr'><strong>argu·</strong></span> 
     </span>
    </p>
   </div>
   <div class='ocr_carea' id='block_1_5' title="bbox 861 4235 1865 4293">
    <p class='ocr_par' dir='ltr' id='par_1_14' title="bbox 861 4235 1865 4293">
     <span class='ocr_line' id='line_1_40' title="bbox 861 4235 1865 4293; baseline -0.001 -3"><span class='ocrx_word' id='word_1_263' title='bbox 861 4238 1197 4290; x_wconf 66' lang='lat' dir='ltr'><strong>attentationis</strong></span> <span class='ocrx_word' id='word_1_264' title='bbox 1215 4236 1350 4290; x_wconf 74' lang='lat' dir='ltr'><strong>ratio</strong></span> <span class='ocrx_word' id='word_1_265' title='bbox 1363 4238 1686 4293; x_wconf 77' lang='lat' dir='ltr'><strong>immutatur.</strong></span> <span class='ocrx_word' id='word_1_266' title='bbox 1706 4235 1768 4288; x_wconf 81' lang='lat' dir='ltr'><strong>In</strong></span> <span class='ocrx_word' id='word_1_267' title='bbox 1783 4251 1865 4289; x_wconf 80' lang='lat' dir='ltr'><strong>re·</strong></span> 
     </span>
    </p>
   </div>
   <div class='ocr_carea' id='block_1_6' title="bbox 1951 2571 2978 4308">
    <p class='ocr_par' dir='ltr' id='par_1_15' title="bbox 1953 2571 2978 3893">
     <span class='ocr_line' id='line_1_41' title="bbox 1963 2571 2976 2645; baseline 0.002 -19"><span class='ocrx_word' id='word_1_268' title='bbox 1963 2574 2273 2645; x_wconf 68' lang='grc' dir='ltr'><strong>ὄρθοῃιιφίις</strong></span> <span class='ocrx_word' id='word_1_269' title='bbox 2309 2578 2363 2627; x_wconf 86' lang='lat' dir='ltr'><strong>in</strong></span> <span class='ocrx_word' id='word_1_270' title='bbox 2395 2571 2571 2627; x_wconf 74' lang='lat' dir='ltr'><strong>dubiis</strong></span> <span class='ocrx_word' id='word_1_271' title='bbox 2609 2587 2814 2626; x_wconf 81' lang='lat' dir='ltr'><strong>tantum</strong></span> <span class='ocrx_word' id='word_1_272' title='bbox 2855 2592 2976 2628; x_wconf 70' lang='lat' dir='ltr'><strong>esse</strong></span> 
     </span>
     <span class='ocr_line' id='line_1_42' title="bbox 1962 2653 2975 2726; baseline -0.003 -18"><span class='ocrx_word' id='word_1_273' title='bbox 1962 2656 2233 2708; x_wconf 80' lang='lat' dir='ltr'><strong>doceatur.</strong></span> <span class='ocrx_word' id='word_1_274' title='bbox 2260 2657 2314 2709; x_wconf 89' lang='lat' dir='ltr'><strong>Si</strong></span> <span class='ocrx_word' id='word_1_275' title='bbox 2334 2653 2406 2707; x_wconf 75' lang='lat' dir='ltr'><strong>sic</strong></span> <span class='ocrx_word' id='word_1_276' title='bbox 2428 2653 2590 2723; x_wconf 76' lang='lat' dir='ltr'><strong>legis,</strong></span> <span class='ocrx_word' id='word_1_277' title='bbox 2608 2658 2719 2726; x_wconf 75' lang='lat' dir='ltr'><strong>jam</strong></span> <span class='ocrx_word' id='word_1_278' title='bbox 2742 2656 2860 2726; x_wconf 76' lang='lat' dir='ltr'><strong>ipsa</strong></span> <span class='ocrx_word' id='word_1_279' title='bbox 2884 2671 2975 2706; x_wconf 77' lang='lat' dir='ltr'><strong>ar-</strong></span> 
     </span>
     <span class='ocr_line' id='line_1_43' title="bbox 1960 2733 2975 2804; baseline 0.001 -19"><span class='ocrx_word' id='word_1_280' title='bbox 1960 2737 2199 2804; x_wconf 72' lang='lat' dir='ltr'><strong>gumenti</strong></span> <span class='ocrx_word' id='word_1_281' title='bbox 2236 2736 2477 2786; x_wconf 70' lang='lat' dir='ltr'><strong>monnio</strong></span> <span class='ocrx_word' id='word_1_282' title='bbox 2521 2733 2756 2801; x_wconf 84' lang='lat' dir='ltr'><strong>orditur,</strong></span> <span class='ocrx_word' id='word_1_283' title='bbox 2797 2746 2852 2785; x_wconf 86' lang='lat' dir='ltr'><strong>et</strong></span> <span class='ocrx_word' id='word_1_284' title='bbox 2890 2747 2975 2786; x_wconf 73' lang='lat' dir='ltr'><strong>est</strong></span> 
     </span>
     <span class='ocr_line' id='line_1_44' title="bbox 1962 2809 2978 2883; baseline 0.001 -19"><span class='ocrx_word' id='word_1_285' title='bbox 1962 2826 2085 2870; x_wconf 84' lang='lat' dir='ltr'><strong>ante</strong></span> <span class='ocrx_word' id='word_1_286' title='bbox 2128 2813 2200 2863; x_wconf 86' lang='lat' dir='ltr'><strong>Ut</strong></span> <span class='ocrx_word' id='word_1_287' title='bbox 2243 2810 2268 2883; x_wconf 94' lang='lat'>(</span> <span class='ocrx_word' id='word_1_288' title='bbox 2292 2829 2398 2883; x_wconf 86' lang='lat' dir='ltr'><strong>quo</strong></span> <span class='ocrx_word' id='word_1_289' title='bbox 2442 2809 2696 2882; x_wconf 80' lang='lat' dir='ltr'><strong>deinceps</strong></span> <span class='ocrx_word' id='word_1_290' title='bbox 2748 2813 2978 2865; x_wconf 79' lang='lat' dir='ltr'><strong>refertur</strong></span> 
     </span>
     <span class='ocr_line' id='line_1_45' title="bbox 1961 2888 2975 2962; baseline 0.002 -20"><span class='ocrx_word' id='word_1_291' title='bbox 1961 2891 2065 2962; x_wconf 78' lang='lat' dir='ltr'><strong>sie)</strong></span> <span class='ocrx_word' id='word_1_292' title='bbox 2088 2891 2311 2941; x_wconf 80' lang='lat' dir='ltr'><strong>maxima</strong></span> <span class='ocrx_word' id='word_1_293' title='bbox 2334 2888 2708 2941; x_wconf 61' lang='lat' dir='ltr'><strong>distinctione</strong></span> <span class='ocrx_word' id='word_1_294' title='bbox 2692 2903 2975 2962; x_wconf 76' lang='lat' dir='ltr'><strong>interpun-</strong></span> 
     </span>
     <span class='ocr_line' id='line_1_46' title="bbox 1962 2966 2974 3061; baseline 0.004 -42"><span class='ocrx_word' id='word_1_295' title='bbox 1962 2968 2210 3038; x_wconf 73' lang='lat' dir='ltr'><strong>gendum.</strong></span> <span class='ocrx_word' id='word_1_296' title='bbox 2233 2966 2293 3019; x_wconf 87' lang='lat' dir='ltr'><strong>Id</strong></span> <span class='ocrx_word' id='word_1_297' title='bbox 2309 2967 2518 3038; x_wconf 85' lang='lat' dir='ltr'><strong>quidem</strong></span> <span class='ocrx_word' id='word_1_298' title='bbox 2534 2980 2781 3040; x_wconf 84' lang='lat' dir='ltr'><strong>apparet,</strong></span> <span class='ocrx_word' id='word_1_299' title='bbox 2800 2971 2974 3061; x_wconf 71' lang='lat' dir='ltr'><strong>⁸Quin·</strong></span> 
     </span>
     <span class='ocr_line' id='line_1_47' title="bbox 1962 3046 2977 3120; baseline 0.004 -22"><span class='ocrx_word' id='word_1_300' title='bbox 1962 3046 2239 3099; x_wconf 81' lang='lat' dir='ltr'><strong>tilianum&#39;</strong></span> <span class='ocrx_word' id='word_1_301' title='bbox 2226 3066 2280 3099; x_wconf 88' lang='lat' dir='ltr'><strong>m</strong></span> <span class='ocrx_word' id='word_1_302' title='bbox 2304 3046 2685 3117; x_wconf 79' lang='lat' dir='ltr'><strong>sequentibus</strong></span> <span class='ocrx_word' id='word_1_303' title='bbox 2664 3065 2776 3119; x_wconf 70' lang='lat' dir='ltr'><strong>jam</strong></span> <span class='ocrx_word' id='word_1_304' title='bbox 2800 3050 2977 3120; x_wconf 74' lang='lat' dir='ltr'><strong>ipsam</strong></span> 
     </span>
     <span class='ocr_line' id='line_1_48' title="bbox 1961 3125 2977 3222; baseline 0.003 -44"><span class='ocrx_word' id='word_1_305' title='bbox 1961 3125 2204 3180; x_wconf 82' lang='lat' dir='ltr'><strong>docentis</strong></span> <span class='ocrx_word' id='word_1_306' title='bbox 2224 3144 2508 3220; x_wconf 68' lang='lat' dir='ltr'><strong>personam</strong></span> <span class='ocrx_word' id='word_1_307' title='bbox 2526 3127 2689 3192; x_wconf 84' lang='lat' dir='ltr'><strong>tueri,</strong></span> <span class='ocrx_word' id='word_1_308' title='bbox 2709 3145 2885 3222; x_wconf 80' lang='lat' dir='ltr'><strong>neque</strong></span> <span class='ocrx_word' id='word_1_309' title='bbox 2900 3127 2977 3181; x_wconf 80' lang='lat' dir='ltr'><strong>de</strong></span> 
     </span>
     <span class='ocr_line' id='line_1_49' title="bbox 1964 3206 2975 3279; baseline 0.002 -20"><span class='ocrx_word' id='word_1_310' title='bbox 1964 3206 2081 3259; x_wconf 72' lang='lat' dir='ltr'><strong>solo</strong></span> <span class='ocrx_word' id='word_1_311' title='bbox 2101 3206 2345 3279; x_wconf 82' lang='lat' dir='ltr'><strong>exemplo</strong></span> <span class='ocrx_word' id='word_1_312' title='bbox 2364 3209 2628 3276; x_wconf 74' lang='lat' dir='ltr'><strong>cogitare,</strong></span> <span class='ocrx_word' id='word_1_313' title='bbox 2646 3220 2741 3272; x_wconf 77' lang='lat' dir='ltr'><strong>ut,</strong></span> <span class='ocrx_word' id='word_1_314' title='bbox 2766 3210 2810 3260; x_wconf 83' lang='lat' dir='ltr'><strong>si</strong></span> <span class='ocrx_word' id='word_1_315' title='bbox 2828 3221 2975 3262; x_wconf 83' lang='lat' dir='ltr'><strong>recte</strong></span> 
     </span>
     <span class='ocr_line' id='line_1_50' title="bbox 1961 3283 2975 3359; baseline 0.003 -22"><span class='ocrx_word' id='word_1_316' title='bbox 1961 3283 2126 3338; x_wconf 77' lang='lat' dir='ltr'><strong>habet</strong></span> <span class='ocrx_word' id='word_1_317' title='bbox 2140 3300 2381 3358; x_wconf 78' lang='lat' dir='ltr'><strong>recepta,</strong></span> <span class='ocrx_word' id='word_1_318' title='bbox 2401 3284 2597 3338; x_wconf 83' lang='lat' dir='ltr'><strong>oblitus</strong></span> <span class='ocrx_word' id='word_1_319' title='bbox 2610 3283 2854 3339; x_wconf 79' lang='lat' dir='ltr'><strong>videatur</strong></span> <span class='ocrx_word' id='word_1_320' title='bbox 2868 3288 2975 3359; x_wconf 81' lang='lat' dir='ltr'><strong>pri·</strong></span> 
     </span>
     <span class='ocr_line' id='line_1_51' title="bbox 1961 3363 2975 3437; baseline 0.004 -21"><span class='ocrx_word' id='word_1_321' title='bbox 1961 3367 2035 3416; x_wconf 87' lang='lat' dir='ltr'><strong>mi</strong></span> <span class='ocrx_word' id='word_1_322' title='bbox 2056 3364 2265 3417; x_wconf 70' lang='lat' dir='ltr'><strong>consilii</strong></span> <span class='ocrx_word' id='word_1_323' title='bbox 2292 3363 2574 3418; x_wconf 60' lang='lat' dir='ltr'><strong>afferenda</strong></span> <span class='ocrx_word' id='word_1_324' title='bbox 2600 3363 2761 3437; x_wconf 79' lang='lat' dir='ltr'><strong>hujus</strong></span> <span class='ocrx_word' id='word_1_325' title='bbox 2784 3366 2975 3420; x_wconf 78' lang='lat' dir='ltr'><strong>simili·</strong></span> 
     </span>
     <span class='ocr_line' id='line_1_52' title="bbox 1961 3442 2969 3511; baseline 0.004 -17"><span class='ocrx_word' id='word_1_326' title='bbox 1961 3442 2177 3495; x_wconf 74' lang='lat' dir='ltr'><strong>tudinis.</strong></span> <span class='ocrx_word' id='word_1_327' title='bbox 2213 3471 2283 3485; x_wconf 92' lang='lat'>—</span> <span class='ocrx_word' id='word_1_328' title='bbox 2313 3446 2511 3497; x_wconf 75' lang='lat' dir='ltr'><strong>Noster</strong></span> <span class='ocrx_word' id='word_1_329' title='bbox 2536 3446 2597 3496; x_wconf 88' lang='lat' dir='ltr'><strong>R.</strong></span> <span class='ocrx_word' id='word_1_330' title='bbox 2641 3461 2702 3511; x_wconf 85' lang='lat'><strong>1,</strong></span> <span class='ocrx_word' id='word_1_331' title='bbox 2726 3457 2778 3496; x_wconf 87' lang='lat' dir='ltr'><strong>et</strong></span> <span class='ocrx_word' id='word_1_332' title='bbox 2802 3446 2969 3500; x_wconf 59' lang='lat' dir='ltr'><strong>cau».</strong></span> 
     </span>
     <span class='ocr_line' id='line_1_53' title="bbox 1960 3521 2970 3594; baseline 0.002 -20"><span class='ocrx_word' id='word_1_333' title='bbox 1960 3521 2209 3574; x_wconf 84' lang='lat' dir='ltr'><strong>exhibent</strong></span> <span class='ocrx_word' id='word_1_334' title='bbox 2231 3521 2317 3573; x_wconf 74' lang='lat' dir='ltr'><strong>sed</strong></span> <span class='ocrx_word' id='word_1_335' title='bbox 2344 3521 2634 3588; x_wconf 74' lang='lat' dir='ltr'><strong>interdum,</strong></span> <span class='ocrx_word' id='word_1_336' title='bbox 2661 3541 2821 3594; x_wconf 81' lang='lat' dir='ltr'><strong>quam</strong></span> <span class='ocrx_word' id='word_1_337' title='bbox 2854 3524 2970 3576; x_wconf 81' lang='lat' dir='ltr'><strong>lee-</strong></span> 
     </span>
     <span class='ocr_line' id='line_1_54' title="bbox 1960 3600 2967 3675; baseline 0.003 -24"><span class='ocrx_word' id='word_1_338' title='bbox 1960 3602 2177 3666; x_wconf 70' lang='lat' dir='ltr'><strong>tionem,</strong></span> <span class='ocrx_word' id='word_1_339' title='bbox 2197 3600 2265 3652; x_wconf 85' lang='lat' dir='ltr'><strong>de</strong></span> <span class='ocrx_word' id='word_1_340' title='bbox 2286 3618 2390 3672; x_wconf 75' lang='lat' dir='ltr'><strong>qua</strong></span> <span class='ocrx_word' id='word_1_341' title='bbox 2409 3614 2585 3653; x_wconf 80' lang='lat' dir='ltr'><strong>tacent</strong></span> <span class='ocrx_word' id='word_1_342' title='bbox 2602 3603 2763 3654; x_wconf 74' lang='lat' dir='ltr'><strong>Gesn.</strong></span> <span class='ocrx_word' id='word_1_343' title='bbox 2780 3601 2967 3675; x_wconf 70' lang='lat' dir='ltr'><strong>Spald.</strong></span> 
     </span>
     <span class='ocr_line' id='line_1_55' title="bbox 1960 3678 2967 3750; baseline 0.004 -20"><span class='ocrx_word' id='word_1_344' title='bbox 1960 3692 2013 3730; x_wconf 90' lang='lat' dir='ltr'><strong>et</strong></span> <span class='ocrx_word' id='word_1_345' title='bbox 2048 3679 2166 3744; x_wconf 82' lang='lat' dir='ltr'><strong>alii,</strong></span> <span class='ocrx_word' id='word_1_346' title='bbox 2216 3679 2436 3750; x_wconf 74' lang='lat' dir='ltr'><strong>vulgatae</strong></span> <span class='ocrx_word' id='word_1_347' title='bbox 2476 3678 2656 3731; x_wconf 69' lang='lat' dir='ltr'><strong>multis</strong></span> <span class='ocrx_word' id='word_1_348' title='bbox 2689 3679 2758 3732; x_wconf 87' lang='lat' dir='ltr'><strong>de</strong></span> <span class='ocrx_word' id='word_1_349' title='bbox 2785 3682 2967 3734; x_wconf 72' lang='lat' dir='ltr'><strong>causis</strong></span> 
     </span>
     <span class='ocr_line' id='line_1_56' title="bbox 1953 3758 2969 3831; baseline 0.003 -19"><span class='ocrx_word' id='word_1_350' title='bbox 1953 3758 2288 3831; x_wconf 72' lang='lat' dir='ltr'><strong>praetulerim.</strong></span> <span class='ocrx_word' id='word_1_351' title='bbox 2323 3759 2467 3812; x_wconf 86' lang='lat' dir='ltr'><strong>Nihil</strong></span> <span class='ocrx_word' id='word_1_352' title='bbox 2497 3773 2672 3812; x_wconf 75' lang='lat' dir='ltr'><strong>tamen</strong></span> <span class='ocrx_word' id='word_1_353' title='bbox 2706 3759 2774 3812; x_wconf 86' lang='lat' dir='ltr'><strong>de</strong></span> <span class='ocrx_word' id='word_1_354' title='bbox 2808 3779 2869 3813; x_wconf 84' lang='lat' dir='ltr'><strong>ea</strong></span> <span class='ocrx_word' id='word_1_355' title='bbox 2904 3780 2969 3815; x_wconf 75' lang='lat' dir='ltr'><strong>re</strong></span> 
     </span>
     <span class='ocr_line' id='line_1_57' title="bbox 1954 3840 2538 3893; baseline 0 -2"><span class='ocrx_word' id='word_1_356' title='bbox 1954 3840 2215 3892; x_wconf 78' lang='lat' dir='ltr'><strong>affirmare</strong></span> <span class='ocrx_word' id='word_1_357' title='bbox 2238 3842 2421 3892; x_wconf 75' lang='lat' dir='ltr'><strong>ausim.</strong></span> <span class='ocrx_word' id='word_1_358' title='bbox 2447 3843 2538 3893; x_wconf 83' lang='lat' dir='ltr'><strong>En.</strong></span> 
     </span>
    </p>

    <p class='ocr_par' dir='ltr' id='par_1_16' title="bbox 1951 3917 2973 4308">
     <span class='ocr_line' id='line_1_58' title="bbox 2026 3917 2964 3985; baseline 0.003 -15"><span class='ocrx_word' id='word_1_359' title='bbox 2026 3919 2076 3985; x_wconf 94' lang='lat'><strong>4.</strong></span> <span class='ocrx_word' id='word_1_360' title='bbox 2099 3917 2300 3983; x_wconf 74' lang='lat' dir='ltr'><strong>Malus,</strong></span> <span class='ocrx_word' id='word_1_361' title='bbox 2324 3929 2498 3971; x_wconf 66' lang='lat' dir='ltr'><strong>utrum</strong></span> <span class='ocrx_word' id='word_1_362' title='bbox 2513 3920 2758 3971; x_wconf 64' lang='lat' dir='ltr'><strong>arborem.</strong></span> <span class='ocrx_word' id='word_1_363' title='bbox 2779 3919 2964 3974; x_wconf 80' lang='lat' dir='ltr'><strong>Guelf.</strong></span> 
     </span>
     <span class='ocr_line' id='line_1_59' title="bbox 1953 4000 2972 4054; baseline 0.004 -4"><span class='ocrx_word' id='word_1_364' title='bbox 1953 4007 2130 4050; x_wconf 77' lang='lat' dir='ltr'><strong>utrum</strong></span> <span class='ocrx_word' id='word_1_365' title='bbox 2166 4000 2357 4050; x_wconf 88' lang='lat' dir='ltr'><strong>omittit</strong></span> <span class='ocrx_word' id='word_1_366' title='bbox 2394 4017 2515 4051; x_wconf 89' lang='lat' dir='ltr'><strong>cum</strong></span> <span class='ocrx_word' id='word_1_367' title='bbox 2549 4002 2704 4051; x_wconf 76' lang='lat' dir='ltr'>Voss.</span> <span class='ocrx_word' id='word_1_368' title='bbox 2744 4000 2794 4051; x_wconf 84' lang='lat'><strong>3.</strong></span> <span class='ocrx_word' id='word_1_369' title='bbox 2833 4001 2972 4054; x_wconf 81' lang='lat' dir='ltr'><strong>Non</strong></span> 
     </span>
     <span class='ocr_line' id='line_1_60' title="bbox 1953 4076 2973 4156; baseline 0.005 -30"><span class='ocrx_word' id='word_1_370' title='bbox 1953 4094 2167 4156; x_wconf 78' lang='lat' dir='ltr'><strong>prorsus</strong></span> <span class='ocrx_word' id='word_1_371' title='bbox 2191 4076 2344 4129; x_wconf 82' lang='lat' dir='ltr'><strong>male.</strong></span> <span class='ocrx_word' id='word_1_372' title='bbox 2375 4077 2505 4130; x_wconf 87' lang='lat' dir='ltr'><strong>Edd.</strong></span> <span class='ocrx_word' id='word_1_373' title='bbox 2540 4077 2753 4148; x_wconf 87' lang='lat' dir='ltr'><strong>quidem</strong></span> <span class='ocrx_word' id='word_1_374' title='bbox 2783 4076 2973 4131; x_wconf 76' lang='lat' dir='ltr'><strong>solum</strong></span> 
     </span>
     <span class='ocr_line' id='line_1_61' title="bbox 1952 4154 2969 4230; baseline 0.005 -26"><span class='ocrx_word' id='word_1_375' title='bbox 1952 4154 2107 4207; x_wconf 80' lang='lat' dir='ltr'><strong>video</strong></span> <span class='ocrx_word' id='word_1_376' title='bbox 2125 4154 2458 4230; x_wconf 76' lang='lat' dir='ltr'><strong>Gryphium(</strong></span> <span class='ocrx_word' id='word_1_377' title='bbox 2477 4156 2646 4228; x_wconf 79' lang='lat'><strong><em>1544)</em></strong></span> <span class='ocrx_word' id='word_1_378' title='bbox 2668 4158 2761 4229; x_wconf 85' lang='lat' dir='ltr'><strong>qui</strong></span> <span class='ocrx_word' id='word_1_379' title='bbox 2779 4167 2969 4211; x_wconf 62' lang='lat' dir='ltr'><strong>natm-t</strong></span> 
     </span>
     <span class='ocr_line' id='line_1_62' title="bbox 1951 4234 2347 4308; baseline 0.005 -21"><span class='ocrx_word' id='word_1_380' title='bbox 1951 4251 2063 4287; x_wconf 82' lang='lat' dir='ltr'><strong>non</strong></span> <span class='ocrx_word' id='word_1_381' title='bbox 2086 4234 2347 4308; x_wconf 65' lang='lat' dir='ltr'><strong>preferat.</strong></span> 
     </span>
    </p>
   </div>
  </div>
 </body>
</html>
