3200 5150
834 470 955 562 176

1388 469 1484 533 M.
1524 468 1751 533 mnu
1788 465 2348 550 QUINTILIAM

824 616 892 667 et
904 597 1256 695 prosapia,
1288 611 1357 663 et
1373 590 1724 663 Saliorum
1747 591 2057 661 carmina
2081 603 2099 635 ¹
2121 646 2140 679 ,
2169 590 2279 662 vix
2298 587 2765 665 sacerdotibus
2783 586 2928 666 suis

715 724 779 793 41
822 710 979 783 satis
998 707 1367 779 intellecta.
1399 705 1535 778 Sed
1561 704 1682 777 illa
1705 703 1961 776 mutari
1984 724 2166 776 vemt
2184 704 2425 804 religio
2441 761 2463 794 ,
2484 726 2552 778 et
2570 732 2926 779 consecra-

821 826 905 897 tis
925 838 954 868 ²
986 822 1331 895 utendum
1361 842 1500 909 est;
1546 819 1762 892 oratio
1792 846 1951 891 vero
1971 874 1991 908 ,
2036 819 2237 921 cujus
2270 847 2550 893 summa
2580 822 2795 894 virtus
2828 843 2931 895 est

821 937 1268 1038 perspicuitas
1283 991 1302 1024 ‚
1324 963 1541 1035 quam
1561 935 1648 1006 sit
1664 934 1907 1006 vitiosa
1919 933 1948 978 3
1965 989 1985 1023 ‚
2005 934 2062 1006 si
2082 955 2280 1033 egeat
2292 935 2700 1035 interprete?
2717 939 2926 1036 Ergo,

825 1074 903 1124 ut
934 1078 1278 1124 novorum
1313 1050 1579 1150 optima
1609 1070 1816 1122 erunt
1845 1049 2150 1122 maxime
2181 1070 2445 1139 vetera,
2494 1050 2588 1123 ita
2613 1072 2929 1124 veterum

820 1352 996 1395 narrat
1036 1337 1196 1390 Goth.
1245 1336 1373 1390 dare
1412 1336 1729 1402 exandlare,
1774 1336 1830 1390 id

819 1419 958 1472 male
995 1430 1087 1472 aut
1121 1417 1251 1470 vidit
1270 1456 1287 1485 ,
1338 1432 1430 1470 aut
1464 1420 1690 1491 scripsit.
1740 1420 1832 1471 Est

819 1498 1110 1562 exundare,
1153 1496 1296 1549 facili
1324 1516 1501 1550 errore
1529 1496 1767 1569 ponendi
1794 1497 1833 1549 d
1876 1554 1881 1565 ,

821 1597 921 1650 pro
949 1576 1016 1629 cl.
1058 1579 1248 1629 Utrum
1276 1596 1402 1629 vero
1432 1579 1507 1629 sic
1537 1575 1737 1647 ubique
1766 1579 1833 1629 sit

821 1654 1161 1710 scribendum
1174 1694 1190 1721 ,
1219 1672 1289 1707 an
1310 1654 1576 1707 exantlare
1597 1654 1798 1725 ubique
1813 1694 1829 1721 ,

819 1753 890 1788 an
908 1734 1106 1808 duplex
1118 1734 1337 1788 verbum
1355 1737 1422 1786 sit
1436 1732 1831 1805 agnoscendum

820 1826 876 1865 et
894 1832 992 1866 suo
1017 1811 1137 1865 loco
1163 1812 1471 1865 alterutrum
1492 1811 1830 1884 ponendum,

822 1893 1074 1962 quaeritur
1107 1892 1244 1943 inter
1267 1894 1379 1943 VV.
1413 1892 1527 1943 DD.
1572 1890 1831 1962 Equidem

817 1973 877 2024 in
904 1984 1050 2025 tanta
1081 1970 1425 2023 fluctuatione
1448 1969 1616 2023 Codd.
1634 2010 1651 2037 ,
1684 1971 1777 2023 ubi
1803 1989 1832 2023 c

818 2069 891 2104 an
910 2061 933 2102 t
948 2049 1284 2103 scribendum
1299 2088 1318 2116 ,
1340 2069 1662 2123 magnopere
1681 2050 1832 2103 dubi-

819 2142 928 2182 tem
947 2166 966 2196 ‚
1015 2128 1369 2182 diversitatem
1412 2129 1576 2181 ullam
1626 2132 1681 2182 in
1726 2129 1829 2181 hac

821 2210 1081 2281 scriptura
1108 2226 1412 2280 agnoscere.
1447 2209 1608 2260 Ducit
1631 2227 1696 2260 eo
1719 2208 1831 2260 fere

820 2289 962 2341 Festi
990 2300 1044 2341 et
1068 2289 1230 2341 Nonii
1258 2288 1575 2353 auctoritas,
1618 2286 1830 2339 alterius

822 2386 854 2419 a
875 2367 1057 2419 Groeco
1077 2365 1258 2420 ainana
1281 2367 1563 2437 repetentis
1576 2403 1593 2432 ‚
1618 2365 1832 2417 alterius

821 2443 1092 2497 exhaurire
1123 2445 1546 2516 interpretantis,
1584 2458 1645 2495 ut
1681 2442 1831 2495 malis

823 2540 1032 2596 semper
1061 2542 1159 2596 per
1185 2534 1207 2574 t
1241 2522 1483 2575 scribere.
1521 2521 1754 2575 duculos
1778 2535 1831 2574 et

820 2601 1097 2667 aneulare,
1133 2620 1248 2672 quae
1279 2615 1534 2655 memorat
1566 2604 1752 2655 Festus
1774 2604 1830 2656 in

822 2678 1083 2743 Ancillae,
1119 2681 1381 2751 pertinere
1417 2679 1486 2732 ad
1520 2680 1826 2747 exanclare,

822 2758 970 2811 nullo
1007 2758 1202 2812 idoneo
1236 2773 1545 2830 argumento
1584 2761 1826 2813 efficitur.

821 2837 955 2890 Vide
979 2850 1032 2890 et
1053 2837 1262 2892 anclam
1275 2875 1293 2903 ,
1328 2837 1609 2891 hauriendi
1630 2840 1829 2890 instru-

821 2930 1090 2983 mentum,
1113 2918 1181 2970 de
1202 2936 1308 2988 qua
1327 2921 1436 2988 agit
1452 2918 1736 2971 Salmasius
1759 2916 1831 2970 ad

821 2998 1112 3067 Vopiscum
1129 2995 1292 3068 (Hist.
1308 2998 1443 3067 Aug.
1460 2997 1671 3068 Scriptt.
1692 2999 1752 3049 T.
1779 3013 1829 3066 2,

820 3094 874 3146 p.
899 3075 1018 3145 774.
1034 3073 1072 3146 ).
1094 3075 1323 3127 Wolfius
1342 3074 1556 3127 Tuscul.
1579 3077 1629 3143 1,
1648 3075 1736 3144 49,
1755 3094 1832 3128 re-

818 3156 1000 3227 posuit
1018 3153 1398 3208 exanclavisset.
1430 3154 1661 3226 Simplex
1685 3173 1833 3227 aper-

816 3247 872 3285 te
908 3253 1007 3306 pro
1043 3234 1284 3300 haurire,
1324 3233 1472 3306 apud
1506 3236 1833 3288 priscianum

819 3325 900 3363 est
935 3331 999 3363 ex
1025 3310 1315 3365 Andronici
1341 3312 1578 3386 Odyssea
1607 3332 1661 3385 p.
1693 3313 1796 3380 684
1813 3350 1831 3379 ‚

817 3390 1128 3444 anelabatur
1136 3411 1234 3464 per
1249 3411 1297 3454 ες
1319 3406 1372 3444 et
1390 3391 1579 3464 (quum
1591 3395 1648 3444 in
1659 3392 1827 3445 Codd.

821 3487 1029 3541 semper
1068 3469 1269 3522 exaud.
1314 3489 1410 3542 per
1448 3471 1515 3542 c)
1556 3488 1749 3522 sonum
1791 3469 1835 3522 tl

821 3547 1061 3601 Graecum
1080 3588 1098 3615 .,
1134 3549 1236 3602 sibi
1269 3551 1511 3620 ignotum
1530 3586 1548 3615 ‚
1587 3548 1834 3602 videntur

820 3642 1053 3680 mutasse
1082 3647 1179 3680 sno
1208 3627 1274 3680 cl.
1305 3658 1376 3669 -
1398 3629 1543 3682 Ideni
1570 3627 1833 3700 judicium

822 3722 903 3761 est
927 3709 1123 3760 Mureti
1142 3712 1290 3760 Varr.
1320 3709 1486 3760 Lectt.
1513 3709 1664 3774 xm,
1695 3725 1774 3780 17.

901 3805 945 3840 ι.
970 3786 1233 3840 Saliorum
1256 3788 1505 3839 camina.
1531 3790 1656 3840 Non
1684 3800 1832 3840 erant

824 3868 961 3938 typis
991 3865 1362 3935 distinguenda
1392 3865 1504 3919 boec
1527 3867 1639 3919 duo
1668 3885 1832 3920 voca—

824 3942 950 3997 bula
971 3942 1070 4014 (ut
1091 3944 1293 3996 factum
1315 3963 1345 3996 a
1368 3944 1634 4016 plerisque
1657 3946 1832 3998 edito-

822 4021 1040 4094 ribus),
1071 4041 1139 4077 ne
1171 4023 1307 4074 forte
1333 4025 1450 4094 quis
1482 4037 1694 4094 putaret
1717 4028 1831 4096 ipsa

822 4120 886 4156 ea
916 4120 1028 4154 esse
1055 4101 1123 4153 ab
1161 4101 1356 4153 ultimis
1392 4102 1718 4172 temporibus
1746 4120 1830 4154 re·

820 4183 985 4254 petita
999 4219 1016 4251 ‚
1037 4183 1192 4236 sicuti
1205 4178 1364 4235 modo
1380 4183 1638 4236 recensita
1650 4180 1826 4237 verba.

717 1183 784 1250 42
825 1171 1127 1243 maxime
1170 1195 1370 1241 nova.
1420 1167 1682 1240 Similis
1716 1166 1897 1240 circa
1929 1167 2464 1242 auctoritatem4
2497 1169 2689 1243 ratio.
2740 1172 2929 1242 Nam

1918 1339 2109 1390 Fateor
2129 1351 2304 1391 tamen
2331 1357 2416 1390 me
2437 1337 2633 1392 hoerere
2654 1340 2711 1392 in
2731 1340 2813 1391 iis.
2842 1340 2929 1393 Au

1918 1416 2079 1469 verba
2118 1417 2483 1487 intellig-untur
2518 1417 2640 1470 talia
2657 1455 2674 1484 ‚
2713 1435 2827 1489 qun
2865 1435 2931 1470 ex

1920 1494 2180 1547 Saliorum
2203 1495 2524 1548 carminibus
2551 1494 2621 1548 ad
2643 1514 2792 1548 sacra
2807 1534 2825 1563 ‚
2860 1499 2932 1549 ri-

1921 1589 2112 1647 tusque
2126 1589 2297 1629 certos
2317 1575 2709 1631 denominanda
2725 1591 2931 1630 mutua·

1919 1656 1964 1706 ri
1995 1668 2260 1725 coguntur
2296 1657 2574 1707 oratores?
2608 1657 2931 1727 Interpreta-

1919 1734 2119 1785 tionem
2130 1734 2394 1788 Saliorum
2412 1736 2706 1787 carminum
2719 1736 2935 1807 scripsit

1919 1812 1977 1865 C.
2003 1811 2183 1883 (anL.
2205 1831 2342 1885 resp.
2363 1813 2431 1865 ad
2454 1816 2508 1881 I,
2533 1813 2598 1881 5,
2621 1814 2684 1866 61
2704 1852 2722 1881 ‚
2746 1828 2932 1867 notam

1925 1890 2138 1943 Coelium
2159 1892 2181 1963 )
2208 1891 2372 1943 AElius
2388 1930 2405 1957 ,
2441 1904 2574 1945 teste
2598 1895 2839 1946 Varrone
2863 1892 2933 1945 de

1919 1970 1976 2021 L.
2012 1971 2069 2022 L.
2104 1972 2171 2021 vl
2187 2008 2205 2035 .‚
2245 1990 2298 2042 Ρ.
2337 1972 2450 2042 ΒίΡ.
2487 1971 2571 2024 80.
2615 1973 2933 2041 Fragmenta

1917 2047 2113 2100 horum
2135 2051 2427 2101 carminum
2449 2049 2663 2120 collegit
2694 2063 2748 2102 et
2776 2069 2932 2103 enar-

1918 2129 2050 2179 ravit
2075 2127 2454 2181 Gutberlethus
2482 2131 2536 2181 in
2563 2127 2655 2181 lib.
2684 2129 2749 2181 de
2775 2128 2936 2183 Saliis

1919 2205 2293 2277 (Franeckerae
2328 2207 2532 2279 1704),
2572 2210 2664 2279 qui
2699 2221 2932 2279 quatuor

1919 2283 2031 2337 boec
2048 2284 2309 2337 vocabula
2323 2323 2341 2351 ‚
2365 2285 2526 2338 modo
2546 2304 2577 2337 a
2596 2286 2930 2355 Quintiliano

1918 2365 2095 2436 posita
2127 2364 2414 2417 Saliaribus
2442 2365 2761 2418 carminibus
2797 2368 2933 2419 assi-

1919 2456 2065 2513 gnat.
2096 2444 2180 2495 An
2201 2443 2408 2514 legebat
2431 2445 2505 2495 is:
2531 2462 2614 2495 e...
2640 2444 2930 2496 camnine...

1920 2521 2179 2574 intellecto
2194 2541 2294 2596 pro
2309 2521 2455 2575 hisce
2472 2543 2484 2573 :
2511 2532 2616 2574 et...
2634 2521 2927 2575 camina...

1920 2601 2182 2653 intellecta
2193 2605 2218 2653 Ρ
2231 2601 2375 2654 Nihil
2390 2614 2567 2654 tamen
2580 2614 2761 2653 monet
2771 2638 2789 2667 ‚
2804 2615 2857 2653 et
2870 2621 2930 2674 p.

1927 2697 1945 2732 ι
1962 2681 2023 2735 18
2043 2696 2309 2755 receptam
2331 2683 2459 2733 citat
2472 2680 2578 2734 loci
2593 2682 2926 2753 scripturam.

2001 2777 2048 2813 2.
2085 2760 2409 2815 consecratis.
2438 2761 2612 2814 Guelf.
2644 2778 2932 2835 conqoeqa-

1918 2841 2009 2906 tis,
2041 2859 2164 2893 cum
2190 2842 2470 2914 plerisque.
2499 2839 2604 2894 Sed
2629 2842 2933 2894 consecratis

1918 2933 2095 2973 tuetur
2110 2920 2271 2973 Goth.
2289 2958 2307 2987 ‚
2331 2934 2384 2974 et
2405 2920 2494 2972 alii
2512 2923 2625 2973 sine
2649 2919 2833 2972 dubio.
2857 2949 2933 2962 —

1923 3000 2234 3052 Consecmtis
2255 3002 2316 3051 R.
2355 3017 2418 3065 a,
2452 2997 2518 3065 5,
2555 3015 2661 3050 sec.
2686 3017 2757 3050 m.
2784 3000 2927 3052 atR.

1927 3094 1947 3130 1
1968 3116 1986 3146 ,
2010 3091 2062 3129 et
2085 3080 2243 3130 (λιιι).
2269 3076 2601 3150 οοηςνεςαείε.
2628 3079 2719 3129 En.

1991 3157 2042 3209 3.
2090 3157 2259 3227 Quam
2293 3158 2362 3209 sit
2400 3155 2597 3209 vitiosa.
2644 3154 2816 3208 Codd.
2857 3155 2934 3208 ad

1919 3253 2084 3287 unum
2105 3254 2289 3288 omnes
2304 3272 2322 3301 ‚
2346 3247 2406 3286 ut
2430 3248 2482 3287 et
2505 3233 2626 3286 edd.
2644 3272 2661 3301 ‚
2684 3233 2815 3286 dant
2830 3234 2932 3298 sit,

1920 3331 2094 3385 neque
2127 3327 2207 3366 est
2233 3312 2451 3366 ferenda
2474 3313 2681 3365 Francii
2712 3315 2933 3384 conjec-

1922 3407 2039 3446 tura
2053 3432 2071 3459 ‚
2100 3390 2179 3466 fit
2211 3410 2309 3464 pro
2351 3410 2416 3444 eo
2460 3394 2726 3464 optantis,
2769 3408 2934 3463 quam

1922 3475 2079 3526 etiam
2104 3474 2303 3544 recepit
2326 3472 2482 3525 Gesn.
2514 3473 2678 3525 Mire!

1990 3553 2043 3620 4.
2069 3554 2213 3604 Cima
2235 3552 2609 3605 auctoritatem.
2639 3550 2938 3604 Auctoritas

1923 3631 2010 3685 bic
2036 3645 2344 3703 segregatur
2371 3649 2401 3683 a
2435 3641 2682 3683 vetustate
2693 3652 2713 3691 ‚-
2755 3647 2936 3682 exem-

1921 3711 2011 3784 pla
2045 3730 2203 3776 vero,
2246 3729 2360 3781 quae
2398 3710 2783 3782 subjiciuntur,
2819 3728 2933 3762 non

1920 3803 2029 3842 tam
2053 3789 2120 3842 ad
2142 3792 2258 3861 ipsa
2281 3788 2439 3841 verba
2462 3802 2732 3860 spectant,
2772 3806 2933 3859 quam

1921 3867 1990 3919 ad
2012 3869 2295 3920 verborum
2320 3869 2535 3921 formas.
2570 3871 2758 3939 Neque
2791 3870 2937 3920 enim

1923 3946 2461 3999 tuburchinabundum
2487 3983 2505 4011 ,
2554 3944 2935 3996 lurchinabun-

1919 4025 2045 4076 dum
2083 4024 2189 4096 (de
2223 4025 2417 4096 quibus
2446 4025 2565 4077 vide
2612 4023 2819 4096 lexica)
2858 4023 2931 4076 ob

1917 4105 2159 4174 ipsorum
2190 4104 2470 4156 verborum
2500 4116 2816 4157 vetustatem
2845 4116 2931 4154 at·

1917 4180 2039 4237 tulit
2051 4220 2070 4253 ‚
2090 4181 2185 4238 sed
2204 4181 2274 4236 ob
2288 4181 2627 4238 insolentiam
2636 4180 2931 4236 verbalium
