3200 5150
667 514 1322 584 INSTITUTIONIS
1354 512 1612 578 ORAT.
1652 513 1813 578 LIB.
1851 514 1948 591 11,
1997 509 2095 579 15.

2300 510 2422 597 337

348 658 595 734 putant
632 637 942 737 periculo
978 636 1360 721 liberatam.
1401 635 1582 726 Quae
1616 632 1672 704 si
1700 635 1945 705 omnia
1975 632 2429 734 persuadent,

351 779 496 824 non
517 777 619 827 est
634 755 778 844 hic,
806 755 892 827 de
915 781 1057 855 quo
1077 752 1288 825 locuti
1308 776 1586 841 summ,
1608 750 1902 843 idoneus
1922 750 2112 823 finis:
2135 750 2431 849 ideoque
2480 777 2542 811 ιο

349 866 813 967 diligentiores
837 890 1001 941 sunt
1025 867 1149 940 visi
1130 865 1302 939 sibi
1314 864 1511 964 ,qni,
1532 892 1759 963 quum
1786 864 1871 936 de
1892 865 2226 938 rhetorice
2245 864 2433 937 idem

345 982 721 1072 sentirent,
764 982 1361 1056 existimaverunt¹
1407 1007 1563 1052 eam
1606 985 1749 1052 vim
1787 980 2116 1053 dicendo²
2164 1006 2438 1079 persua-

348 1098 598 1186 dendi,
637 1125 855 1197 quem
892 1099 1110 1169 finem
1150 1095 1497 1195 Gorgias
1478 1121 1551 1165 in
1592 1095 1881 1185 eodem,
1924 1088 2011 1167 de
2050 1120 2195 1193 quo
2234 1120 2442 1193 supra

345 1211 690 1303 diximus,
732 1211 950 1301 libro,
978 1211 1167 1284 velut
1206 1231 1484 1283 coactus
1518 1237 1559 1281 a
1579 1208 1936 1301 -Socrate3,
1974 1208 2178 1300 facit,
2219 1235 2264 1281 a
2300 1234 2442 1310 quo

353 1353 501 1399 non
527 1327 837 1401 dissentit
856 1323 1364 1416 Theodectes43
1391 1325 1528 1398 sive
1554 1324 1769 1426 ipsius
1797 1325 1869 1398 id
1893 1350 2069 1426 opus
2093 1345 2222 1416 est,
2254 1323 2445 1425 quod

352 1515 409 1564 in
423 1511 561 1566 hanc
576 1516 887 1587 scripturam
904 1518 1257 1581 consentiant,
1270 1534 1357 1567 ve-

349 1595 609 1645 rissimam
631 1609 808 1647 tamen
830 1612 964 1669 puto
991 1599 1146 1649 unius
1169 1598 1356 1648 veteris

355 1671 604 1727 editionis
616 1675 937 1747 (Tarvisinae)
947 1679 1224 1742 rationem,
1234 1676 1360 1727 dan·

356 1754 456 1805 tis:
496 1754 787 1806 nudaverit.
822 1755 1067 1808 Aiienum
1100 1767 1181 1807 est
1207 1753 1358 1825 plus—

355 1834 808 1905 quamperfectum
830 1875 845 1898 ,
894 1850 945 1887 et
990 1836 1359 1905 conjunctivus

351 1931 502 1986 pene
539 1917 835 1968 necessario
868 1914 1131 1984 flagitatur
1163 1913 1231 1966 ab
1264 1912 1358 1965 illo

349 2002 562 2064 putant.
587 1995 772 2063 Neque
795 1992 1016 2058 dubito,
1043 1994 1169 2062 quin
1197 1990 1359 2043 modo

351 2069 638 2142 legendum
668 2072 860 2124 fuerit:
895 2071 1228 2144 produxerit,
1261 2071 1362 2122 cir-

354 2148 670 2201 cumtulen't.

421 2244 440 2279 ι
453 2267 464 2280 .
477 2229 935 2281 Existimaverunr.
947 2226 1121 2281 Guelf.
1137 2241 1187 2278 et
1198 2224 1358 2279 Goth.

353 2306 481 2379 (tac.
503 2307 689 2377 Gesn.)
707 2307 1094 2369 existimarunt,
1108 2325 1232 2358 cum
1250 2324 1361 2356 om·-

355 2385 511 2439 nibus
535 2389 687 2438 Voss.
715 2399 768 2438 et
795 2384 913 2437 edd.
941 2399 1065 2437 vett.

430 2481 476 2515 2.
497 2463 622 2517 Vim
636 2463 869 2515 dicendo.
886 2465 1061 2515 Turic.
1075 2483 1202 2517 cum
1221 2463 1356 2514 Alm.

351 2545 453 2596 inS.
472 2541 868 2594 ivn—Dicendo
879 2541 1239 2614 persuadendi.
1258 2541 1361 2596 Sed

354 2638 410 2677 et
435 2625 619 2676 Cicero
643 2623 711 2676 de
734 2626 842 2676 inv.
869 2623 989 2675 loco
1019 2642 1178 2695 supra
1201 2624 1271 2693 (§.
1295 2624 1361 2694 46)

354 2703 586 2756 indicato
633 2702 791 2754 finem
831 2701 958 2756 facit
1000 2723 1021 2747 ι
1040 2701 1359 2773 persuadere

359 2805 385 2830 a
399 2783 644 2835 dictione.
663 2804 689 2829 n

425 2863 476 2916 3.
505 2860 555 2914 Α
572 2861 798 2914 Socrate.
824 2859 998 2913 Guelf.
1025 2861 1089 2912 ab
1108 2860 1356 2926 Isocrate,

352 2942 538 2995 rariori
561 2957 763 3004 errore,
789 2956 953 3008 quum
975 2941 1268 2992 contrarius
1291 2942 1360 2990 sit

353 3019 810 3091 frequentissimus
834 3019 888 3068 in
911 3015 1080 3069 codd.
1105 3046 1178 3055 —
1205 3019 1359 3069 Coac-

354 3114 435 3154 tus
467 3120 499 3151 a
530 3101 752 3151 Socrate.
784 3098 1058 3164 Socrates,
1085 3116 1196 3149 non
1222 3116 1357 3150 con-

351 3193 530 3234 tentus
565 3195 825 3248 responso
861 3177 1100 3248 Gorgiae:
1131 3174 1357 3245 fimf-mh

353 3254 465 3314 uiua
483 3257 644 3322 crixum
663 3255 767 3324 περὶ
789 3252 974 3322 wissae,
999 3276 1052 3326 p.
1087 3273 1147 3308 10
1162 3295 1179 3322 ,
1203 3256 1360 3310 alias·

357 3358 460 3411 que
492 3351 629 3391 artes
662 3337 902 3394 oratione
928 3335 1110 3389 itidem
1138 3338 1214 3388 uti
1242 3355 1359 3387 mo·-

354 3437 513 3484 nens,
534 3435 706 3487 neque
729 3418 1073 3486 acquiescens
1098 3434 1190 3481 eo,
1211 3414 1357 3485 quod

351 3497 445 3550 ille
484 3495 630 3550 addit
672 3488 783 3547 sim-t
825 3495 1010 3549 ἱεώους
1052 3492 1156 3549 τούς
1192 3490 1357 3560 λόγους

352 3573 466 3643 περὶ
481 3577 552 3626 τεεί
560 3572 775 3640 μέγιστα.
785 3574 875 3628 ‘riv
895 3573 1181 3640 drepana-:lm
1195 3593 1360 3641 σμγ-

349 3651 517 3721 piton
539 3652 617 3704 καὶ
647 3655 844 3718 αἵματι,
871 3673 927 3724 Ρ,
961 3654 1053 3720 14,
1077 3652 1214 3706 hanc
1239 3666 1357 3706 tan·

352 3736 479 3789 dem
501 3733 644 3790 elicit
666 3736 856 3788 summi
876 3733 1014 3788 illius
1031 3772 1047 3794 ,
1071 3733 1216 3805 quod
1241 3753 1359 3805 pro-

354 3817 587 3878 fiteatur,
609 3813 739 3867 boni
760 3813 1149 3868 definitionem:
1174 3811 1237 3864 To*
1252 3814 1358 3861 ου’.

358 3897 446 3950 θην
466 3892 627 3966 (φημι)
647 3888 787 3957 ἔγωγ’
804 3885 889 3942 οἷόν
904 3890 945 3942 τ’
963 3885 1076 3943 εἶναι
1092 3892 1185 3947 τοῖς
1205 3890 1360 3958 λέγοις

357 3973 438 4027 καὶ
463 3974 505 4028 ὅν
530 3967 807 4039 δ’*ιιιιιπυρῖφ
832 3968 1058 4025 δικαστά
1076 3969 1156 4021 καὶ
1181 3972 1223 4024 o'v
1245 3973 1360 4032 βου-

359 4052 574 4120 λιυτιιρίφ
593 4047 848 4113 βουλευταὶ
871 4046 952 4099 καὶ
974 4048 1016 4100 iv
1043 4048 1260 4101 ἐκκλησία.
1283 4051 1359 4102 ix·
1383 4077 1388 4082 ·

358 4129 644 4186 κλκσισισταῖς
663 4127 742 4180 καὶ
762 4129 804 4182 iv
824 4127 952 4196 inq·
974 4125 1188 4196 ξυλλόγῳ
1207 4130 1359 4183 παντὶ

360 4209 483 4269 ἔπιε
513 4209 568 4266 εἶν
593 4207 836 4266 comm&
864 4205 1088 4276 ξῦλλογος
1118 4207 1357 4274 γίνηται.

575 4316 595 4356 1
607 4341 616 4352 .

1444 1515 1558 1586 Bip.
1574 1512 1678 1565 vol.
1696 1515 1784 1579 IV,
1799 1532 1852 1585 p.
1878 1510 1966 1575 16;
1983 1512 2162 1584 Steph.
2179 1532 2234 1585 p.
2251 1510 2445 1579 452‚E.
2524 1528 2533 1535 ·

1517 1593 1567 1660 4.
1595 1592 1917 1645 Theodectes.
1935 1590 2067 1646 Vide
2091 1595 2140 1658 1,
2165 1592 2226 1658 4,
2257 1592 2336 1645 18.
2362 1593 2451 1644 Ci-

1448 1691 1570 1724 cero
1614 1676 1727 1744 ejus
1768 1683 1933 1723 artem
1973 1683 2353 1723 commemorat
2396 1673 2452 1721 in

1447 1755 1699 1818 Oratore,
1724 1771 1770 1803 c.
1799 1750 1886 1816 51,
1908 1748 1996 1821 57,
2014 1750 2083 1815 64
2098 1788 2115 1813 ,
2136 1749 2278 1800 nulla
2298 1748 2456 1800 dubi-

1449 1834 1651 1884 tatione
1679 1831 1746 1884 de
1780 1844 1997 1883 auctore
2031 1829 2285 1902 subjecta.
2320 1832 2458 1881 Mira

1448 1925 1528 1967 est
1542 1911 1737 1965 Valerii
1750 1915 1967 1964 Maximi
1978 1914 2207 1965 narratio
2222 1909 2457 1983 proden-

1448 1998 1514 2046 tis
1531 2033 1547 2059 ,
1580 1993 1743 2045 libros
1778 1993 1844 2045 de
1878 1995 2107 2045 oratoria
2141 2006 2250 2043 arte
2277 1991 2457 2043 Theo-

1449 2074 1614 2128 dectae
1628 2073 1891 2147 discipulo
1912 2074 1979 2126 ab
1993 2073 2274 2126 Aristotele
2294 2072 2457 2125 fuisse

1447 2170 1763 2218 concessos,
1780 2171 1915 2223 qnos
1931 2152 2137 2216 ederet,
2153 2150 2346 2204 deinde
2365 2169 2460 2203 au-

1447 2246 1557 2284 tem
1596 2230 1667 2282 ab
1712 2224 1930 2295 eodem,
1970 2249 2128 2301 quem
2167 2230 2345 2300 gloriae
2385 2233 2460 2282 ita

1446 2312 1653 2365 amissae
1676 2312 1953 2380 poeniteret
1969 2348 1985 2375 ‚
2008 2313 2261 2380 repetitos
2278 2349 2297 2377 ,
2323 2330 2463 2363 eam-

1451 2410 1555 2462 que
1589 2388 1661 2440 ob
1694 2407 1909 2457 eausam
1939 2388 2310 2442 Theodecteos
2339 2392 2459 2460 qui-

1451 2469 1572 2522 dem
1588 2467 1885 2539 appellatos
1896 2506 1914 2533 ,
1930 2467 2025 2520 sed
2038 2470 2111 2520 ita
2126 2483 2185 2520 ut
2200 2487 2325 2521 suos
2344 2488 2459 2523 esse

1450 2549 1608 2603 simul
1636 2548 1967 2618 significaret.
1994 2547 2139 2618 (VIII
2155 2588 2172 2615 ,
2196 2549 2231 2615 4
2256 2562 2456 2604 extern.

1449 2630 1538 2700 3.)
1575 2629 1860 2680 Manifesto
1893 2627 2130 2681 Valerius
2164 2629 2235 2679 ob
2270 2630 2456 2682 oculos

1447 2708 1638 2761 habuit
1659 2708 1839 2760 locum
1861 2708 2157 2760 Aristotelis
2178 2708 2331 2761 Rhet.
2354 2713 2456 2778 111,

1445 2805 1514 2857 9,
1532 2804 1593 2855 9,
1613 2789 1669 2837 in
1690 2804 1795 2854 quo
1819 2803 1981 2854 quum
1999 2784 2242 2851 haereret‚
2262 2792 2456 2858 tnagis,

1449 2865 1597 2937 quod
1621 2867 1937 2935 conjiceret,
1964 2882 2122 2933 quam
2147 2865 2293 2934 quod
2316 2886 2458 2918 com-

1445 2946 1698 3016 perisset,
1710 2960 1949 2994 narrasse
1964 2941 2093 2994 mihi
2107 2944 2329 2998 videtur.
2346 2950 2396 2999 N
2399 2967 2456 2999 e·-

1447 3042 1552 3094 que
1567 3023 1707 3073 enim
1723 3039 1937 3091 prorsus
1953 3036 2201 3092 apparet,
2218 3042 2324 3093 quo
2340 3045 2456 3080 sen-
2536 3043 2540 3047 *

1445 3121 1509 3154 su
1521 3100 1837 3164 ,Aristoteles
1856 3097 1923 3151 ταὶ
1945 3099 2221 3153 &tudinum
2239 3102 2454 3174 dixerit,

1448 3197 1771 3252 quamquam
1797 3179 1993 3232 Valerii
2023 3184 2156 3236 ratio
2194 3185 2333 3240 tituli
2363 3206 2453 3244 ex-

1445 3259 1682 3332 plicandi
1716 3260 1949 3310 omnium
1980 3262 2192 3313 minime
2221 3278 2297 3316 est
2326 3284 2454 3336 pro·

1444 3338 1640 3393 banda.
1658 3340 1870 3392 Praestat
1886 3358 2007 3390 enm
2016 3355 2257 3412 repetere
2269 3343 2339 3396 ab
2354 3346 2452 3397 ho-

1445 3421 1614 3485 mine,
1630 3417 1696 3470 ad
1714 3436 1870 3488 quern
1885 3421 2110 3490 scriptus
2128 3422 2287 3475 fuerit
2300 3423 2452 3494 liber,

1446 3501 1582 3552 sicut
1613 3498 1862 3550 dicuntur
1890 3498 2128 3568 ejusdem
2155 3502 2453 3560 Aristotelio

1446 3575 1748 3643 Νικρμὲχοια.
1785 3591 1838 3628 et
1874 3575 2109 3643 Euripum
2141 3599 2365 3651 quorum
2399 3598 2454 3638 et

1446 3660 1685 3729 ipsorum
1714 3656 1852 3709 tituli
1872 3658 2047 3711 fraudi
2068 3662 2284 3716 fuerunt
2306 3682 2452 3716 sum·-

1447 3739 1545 3790 mis
1576 3738 1730 3800 viris,
1752 3737 1898 3790 velut
1932 3741 2205 3806 Ciceroni,
2242 3756 2301 3793 ut
2336 3763 2451 3796 cre-

1448 3817 1634 3868 derent
1660 3816 1883 3870 aliorum
1898 3854 1915 3881 ‚
1941 3835 2099 3888 quarn
2120 3822 2417 3875 Aristotelis
2433 3862 2452 3891 ‚

1449 3913 1563 3946 esse
1602 3913 1780 3966 opera.
1818 3898 1949 3947 Mete
1987 3898 2226 3967 opinioni
2258 3902 2453 3954 confir-

1449 3971 1651 4025 mandae
1684 3972 1824 4024 malo
1857 3993 1969 4026 non
1996 3974 2245 4029 adhibere
2272 3979 2455 4034 locum

1449 4049 1758 4104 Rhetorices
1786 4050 1855 4102 ad
1881 4052 2028 4106 Alex.
2059 4072 2105 4108 c.
2146 4070 2163 4105 1
2199 4070 2327 4110 extr.
2360 4061 2453 4114 ubi

1450 4141 1808 4182 memorantur
1828 4127 1994 4195 «τέχναι
2018 4131 2245 4205 Θεοδέκτῃ
2263 4141 2453 4207 ”⁸0⁸7-

1451 4229 1562 4270 σω,
1587 4226 1747 4278 quam
1768 4207 2019 4264 inchoare
2040 4210 2146 4266 hoc
2170 4214 2291 4270 loco
2316 4217 2451 4275 diffi-

2096 4318 2159 4356 22
