3200 5150
749 448 1398 521 INSTITUTIONIS
1435 456 1690 521 ORAT.
1734 458 1895 521 LIB.
1935 458 2002 536 Ι,
2055 481 2104 521 t.

2397 456 2480 523 55

376 577 858 651 Eratosthenes
884 590 901 623 ¹
925 634 946 669 ‚
983 577 1170 651 idem
1205 600 1704 677 praeceperunt.
1749 579 2006 652 Melius
2039 600 2275 651 autem
2298 634 2321 670 ‚
2358 580 2481 678 qui

372 691 658 767 nullum
706 714 985 792 tempus
1030 720 1268 764 vacare
1322 720 1488 765 cura
1523 692 1808 785 volunt,
1864 715 1943 767 ut
1995 694 2475 795 Chrysippus:

372 835 541 881 nam
578 809 671 899 is,
706 808 1024 908 quamvis
1057 807 1446 881 nutricibus
1481 808 1866 882 triennium
1904 808 2205 899 dederit‘,
2239 830 2482 881 tamen

371 924 460 996 ab
494 921 629 995 illis
661 950 945 1024 quoque
968 922 1123 1025 jam
1160 922 1683 996 informandam
1719 951 1934 1025 quam
1971 923 2253 1025 optimis
2286 924 2482 995 insti-

367 1038 532 1111 tutis
565 1059 879 1111 mentem
908 1037 1286 1111 infantium
1309 1038 1601 1140 judicat.
1641 1040 1787 1112 Cur
1813 1061 2049 1112 autem
2090 1064 2233 1111 non
2274 1040 2476 1138 perti·
2521 1065 2583 1119 17

367 1175 529 1227 neat
559 1154 648 1226 ad
680 1153 934 1229 litteras
967 1174 1159 1242 aetas,
1196 1180 1351 1252 quae
1393 1153 1482 1226 ad
1524 1181 1758 1228 mores
1780 1153 1934 1256 jam
1970 1153 2312 1254 pertinet?
2342 1157 2475 1227 Ne-

366 1298 505 1373 que
539 1272 822 1372 ignom,
859 1292 1001 1345 toto
1036 1271 1192 1362 illo,
1230 1270 1319 1344 de
1350 1299 1494 1372 quo
1526 1271 1802 1373 loquor,
1835 1293 2152 1372 tempore
2183 1272 2292 1344 vix
2324 1293 2478 1344 tan-

364 1408 518 1459 tum
544 1387 763 1480 effici,
782 1408 1132 1487 quantum
1159 1388 1474 1462 conferre
1501 1414 1686 1461 unus
1713 1386 2186 1490 posteapossit
2207 1414 2468 1460 annus:

363 1502 483 1577 sed
517 1524 757 1575 tamen
800 1501 1018 1591 mihi,
1054 1503 1178 1604 qui
1223 1502 1295 1575 id
1338 1523 1738 1593 senserunt,
1773 1503 2099 1575 videntur
2138 1526 2284 1575 non
2327 1524 2472 1575 tam

362 1616 787 1691 discentibus
812 1617 884 1691 in
910 1619 1041 1691 hac
1075 1640 1305 1718 parte,
1332 1647 1548 1720 quam
1579 1619 2026 1709 docentibus,
2060 1619 2467 1719 pepercisse.

361 1733 559 1823 Quid
601 1733 852 1808 melius
898 1733 1161 1835 alioqui
1206 1735 1500 1825 facient,
1548 1762 1632 1808 ex
1673 1762 1816 1835 quo
1858 1733 2053 1834 loqui
2097 1733 2468 1833 poterunt?
2513 1758 2574 1812 ιε

360 1848 643 1920 Faciant
684 1848 877 1926 enim
916 1848 1183 1949 aliquid
1226 1875 1504 1923 necesse
1547 1870 1670 1922 est.
1709 1852 1852 1920 Aut
1884 1874 2011 1921 cut·
2042 1848 2213 1938 hoc,
2249 1875 2468 1948 quan·

357 1960 874 2062 tulumcunque
911 1984 1045 2053 est,
1083 1991 1304 2064 usque
1337 1964 1423 2036 ad
1459 1985 1724 2063 septem
1757 1991 1979 2036 annos
2018 1962 2297 2035 lucrum
2337 1967 2468 2037 fas·

355 2076 728 2151 tidiamus?
780 2081 961 2150 Nam
1021 2100 1203 2152 certe
1259 2078 1654 2179 quamlibet
1702 2093 2050 2179 parvum²
2095 2078 2219 2169 sit,
2274 2081 2466 2178 quod

354 2194 726 2268 contulerit
756 2216 913 2269 aetas
954 2196 1163 2295 prior,
1200 2196 1468 2298 majora
1501 2218 1737 2269 tamen
1774 2196 2011 2296 aliqua
2043 2196 2258 2268 discet
2289 2223 2465 2295 puer

355 2337 439 2383 eo
471 2309 621 2409 ipso
654 2338 842 2382 anno
863 2368 882 2401 ,
920 2338 1064 2411 quo
1096 2311 1373 2385 minora
1405 2312 1773 2385 didicisset.
1808 2314 1960 2382 Hoc
1996 2337 2121 2409 per
2149 2309 2462 2410 singulos
2509 2350 2572 2401 ¹9

351 2451 572 2507 annos
605 2432 1093 2526 prorogatum,
1144 2426 1217 2499 in
1261 2453 1621 2499 summam
1655 2425 1969 2526 proficit,
2004 2447 2072 2496 et
2113 2446 2462 2525 quantum

347 2651 431 2690 tro
443 2675 459 2704 ‚
480 2637 763 2702 tributum,
779 2656 809 2691 a
828 2638 1070 2710 pluribus
1092 2639 1323 2692 Hesiodo
1336 2678 1354 2707 ‚

351 2735 577 2786 quorum
601 2718 657 2769 in
680 2736 903 2770 numero
929 2720 1087 2769 etiam
1110 2719 1210 2770 fuit
1234 2737 1357 2790 cog-

348 2797 575 2848 nominis
607 2797 964 2849 Grammatico
994 2811 1155 2868 poeta
1188 2801 1356 2850 eomi-

346 2893 442 2924 cus
458 2876 512 2926 in
532 2874 806 2946 deperdita
822 2876 1083 2928 eomoedia
1098 2878 1352 2946 Διιτιιλξς,

348 2952 440 3005 ubi
468 2954 641 3005 risisse
664 2953 880 3006 Hesiodi
905 2952 1138 3010 ὑποθίκιις
1163 2953 1355 3008 dicitur

344 3053 374 3087 a
410 3033 710 3107 Phrynicho
749 3047 801 3086 et
835 3033 1043 3085 Thema
1080 3036 1350 3104 Magistro.

342 3114 653 3169 Aristoteles
667 3115 722 3168 in
736 3113 967 3167 Politicis
978 3151 995 3181 ‚
1010 3113 1044 3165 l.
1062 3116 1154 3166 vn
1166 3152 1183 3182 ‚
1198 3133 1245 3166 c.
1270 3133 1289 3167 1
1301 3134 1351 3187 7,

343 3213 452 3248 non
474 3193 687 3267 quidem
709 3193 791 3266 (ut
810 3193 939 3246 dicit
956 3195 1178 3264 Regius,
1200 3195 1351 3265 post-

343 3291 446 3344 que
487 3292 610 3326 eum
646 3274 830 3326 Harles
867 3271 935 3326 ad
970 3272 1174 3326 Fabric.
1214 3272 1345 3325 Bibl.

341 3356 430 3408 Gr.
454 3357 519 3406 V.
546 3357 595 3420 1,
618 3373 674 3426 p.
708 3353 802 3425 15)
825 3367 884 3405 ut
906 3353 1150 3406 Hesiodet‘
1170 3354 1350 3406 memi-

342 3435 419 3486 nit
445 3433 605 3505 hujus
629 3434 909 3505 praecepti,
933 3431 1055 3498 sed,
1079 3431 1224 3484 nulla
1248 3434 1348 3484 He·

341 3512 478 3566 siodi
527 3515 797 3566 mentione
852 3514 1047 3585 injecta
1071 3549 1088 3578 ‚
1138 3511 1347 3565 videtur

341 3594 736 3666 quodammodo
766 3613 889 3647 cum
919 3613 984 3646 eo
1017 3594 1229 3647 sentire.
1254 3591 1345 3647 'ruit

332 3673 475 3740 μίχμ
517 3671 662 3727 σίν-η
695 3676 807 3728 ier&
841 3674 1020 3726 ἧλικίσιν
1059 3667 1195 3725 ⁶15ae-
1233 3669 1344 3743 πρὶς

331 3751 535 3819 μάθησιν
551 3754 704 3811 καλεῖς
719 3755 815 3819 ὄχοι
835 3752 1087 3823 προσάγω
1104 3754 1341 3819 adcipiat,

335 3852 389 3905 p.
428 3831 642 3907 (sylb.)
682 3834 816 3900 214,
858 3830 1123 3888 διελθόντων
1161 3829 1214 3885 δῖ
1250 3835 1343 3889 eri-'r

333 3911 480 3968 τίη·
504 3912 635 3975 ὄτᾶἶι,
658 3911 726 3967 τὰ
747 3911 827 3967 δύο
840 3912 983 3984 μίχμ
1005 3915 1095 3968 σοῖν
1120 3914 1250 3968 ime&
1270 3915 1351 3968 sia·

334 3990 538 4063 &mpsim
569 3992 651 4047 ie..
683 3992 929 4061 γίγνεσθαι
960 3994 1051 4048 τᾶν
1072 3990 1339 4061 μεθίεσαν,

333 4073 389 4131 εἷς
408 4070 555 4126 &tim
569 4073 819 4141 μινθᾶιυν
838 4071 1035 4136 atinde,
1055 4096 1109 4147 p.
1137 4076 1253 4129 216.
1271 4105 1343 4117 -—

330 4151 603 4212 Ὑποθίιιας.
634 4159 916 4228 Praecepta.
948 4155 1032 4210 sie
1060 4156 1342 4228 inscriptus

1445 2637 2455 2712 liberquiHesiodotribuebatur.Bou..

1525 2740 1567 2774 1.
1613 2701 1990 2774 Eratossthenes.
2035 2721 2190 2772 Hune
2225 2713 2462 2774 Alexan-=

1445 2799 1607 2854 drinaae
1651 2800 1988 2858 bibliothecae
2029 2799 2129 2854 sub
2171 2799 2460 2854 Ptolemaeo

1443 2883 1696 2951 Evergeta
1729 2881 2068 2952 pride-ctum,
2103 2878 2452 2950 plurimorum

1442 2959 1698 3011 librorum
1741 2972 2046 3026 auctorem,
2090 2977 2316 3028 quorum
2363 2979 2453 3011 su-

1440 3053 1645 3110 perstes
1679 3051 1758 3090 est
1791 3036 1937 3090 solus
1974 3035 2183 3089 libellus
2216 3057 2454 3090 mae-'ts-

1441 3120 1612 3188 ρισμῶ
1626 3153 1643 3179 ‚
1694 3119 1786 3188 qui
1830 3135 1941 3168 non
1981 3130 2178 3186 norunt
2193 3155 2212 3182 ,
2259 3116 2452 3172 adeant

1437 3197 1665 3249 Fabricii
1685 3191 2064 3250 Bibliothecam
2080 3195 2311 3248 Graecam
2325 3236 2341 3262 ‚
2364 3197 2446 3250 ed.

1438 3274 1580 3328 Harl.
1601 3274 1706 3327 vol.
1729 3275 1817 3341 IV,
1836 3294 1891 3346 p.
1916 3291 1933 3325 ι
1953 3291 2011 3344 17
2032 3289 2180 3345 seqq.
2202 3289 2255 3327 et
2273 3277 2458 3329 Cat-ol:

1436 3354 1636 3409 Giinth.
1693 3352 1978 3407 Seidelium
1997 3390 2016 3421 ‚
2076 3357 2455 3429 conjunctissi-.

1435 3451 1583 3487 mum
1598 3423 1858 3505 collegam
1875 3452 2051 3485 meum
2062 3471 2079 3499 ‚
2101 3436 2154 3486 in
2174 3434 2446 3488 collectio-

1433 3534 1502 3568 ne
1533 3511 2025 3585 Geographieorum
2062 3514 2441 3567 Eratosthenis.

1509 3614 1557 3648 2.
1601 3595 1852 3646 Parvum.
1902 3595 1978 3646 lta
2021 3593 2218 3647 Bodlei.
2267 3596 2441 3648 Guelf.

1432 3673 1715 3728 Andreana
1728 3711 1745 3740 ‚
1759 3663 1878 3726 Ald.
1896 3672 2025 3726 Obr.
2043 3693 2217 3745 neque
2236 3673 2444 3728 videtur

1432 3754 1628 3826 gradus
1648 3774 1762 3808 esse
1781 3756 1836 3806 in
1854 3753 1926 3821 ’τᾷ
1935 3772 2123 3825 parum
2137 3792 2154 3818 ,
2178 3753 2322 3824 quod
2341 3774 2440 3827 pro

1434 3855 1499 3888 eo
1544 3834 1709 3888 habet
1744 3834 2009 3887 Gesnerus
2047 3848 2099 3886 et
2136 3837 2309 3887 caeteri
2324 3873 2341 3901 ‚
2383 3850 2452 3889 ut·

1429 3917 1599 3987 possit
1620 3916 1775 3988 jungi
1799 3933 1920 3965 eum
1943 3911 2241 3987 quamlibet.
2268 3916 2437 3968 Etiam

1431 3997 1660 4068 majora,
1682 3994 1913 4059 minora,
1931 3992 2118 4046 melius
2134 3992 2202 4044 ad
2211 4013 2432 4065 parvum

1431 4075 1751 4140 referuntur,
1768 4092 1925 4144 quam
1942 4072 2008 4124 ad
2024 4077 2435 4145 partum—Pan·

1435 4173 1555 4207 vum
1580 4154 1661 4208 sit.
1687 4155 1747 4208 R.
1783 4170 1824 4205 1.
1849 4153 2063 4206 Parum.
2089 4154 2207 4207 Cu.
2235 4155 2333 4207 Ed.
