3200 5150
744 477 1398 546 INSTITUTIONIS
1434 478 1692 545 ORAT.
1732 478 1892 545 LIB.
1934 483 1999 560 Ι,
2040 478 2103 547 6.

2348 480 2460 550 161

329 696 334 700 ᾗ
372 599 562 675 tio¹?
603 604 834 674 Immo
875 602 1361 675 inhaerendum
1401 602 1464 673 ei
1496 601 1779 702 judice,
1832 605 2064 702 quoad
2105 605 2301 696 licet;
2351 606 2474 678 diu

373 718 582 792 etiam
603 718 1036 790 mutantibus
1058 716 1593 816 repugnandum
1613 748 1630 807 ;
1651 719 1771 791 sed
1787 718 2041 792 abolita
2059 742 2262 819 atque
2283 720 2476 793 abro-

372 855 531 933 gata
555 834 843 907 retinere
863 890 882 923 ,
907 833 1291 906 insolentiae
1311 833 1423 935 cuj
1432 834 1681 906 usdam
1704 856 1838 924 est,
1869 856 1935 907 et
1951 835 2208 908 frivolae
2229 837 2300 907 in
2327 862 2476 934 par-

369 949 472 1021 vis
489 948 858 1049 jactantiae.
900 948 1213 1020 Multum
1248 948 1441 1021 enim
1476 949 1846 1039 littei-mm,
1885 951 2182 1049 quisine
2213 950 2477 1049 aspira·
2517 973 2576 1011 21

369 1062 559 1134 tione
594 1083 663 1135 et
700 1062 1036 1162 producta
1075 1063 1386 1136 secunda
1415 1062 1689 1163 syllaba
1711 1064 2070 1138 salutavit²
2106 1067 2349 1161 (avere
2382 1086 2482 1138 est

370 1178 566 1251 enim
585 1174 616 1222 ³
635 1180 663 1274 )
681 1233 700 1266 ,
735 1200 804 1250 et
825 1177 1203 1277 calefacere
1219 1176 1254 1240 4
1277 1178 1519 1252 dixerit
1540 1179 1771 1277 potius
1789 1235 1807 1269 ,
1843 1206 2060 1280 quam
2085 1179 2276 1278 quod
2303 1179 2481 1250 dici-

451 1364 495 1399 1.
521 1348 676 1398 Recta
700 1340 910 1399 locutio.
930 1346 1104 1402 Guelf,
1130 1362 1181 1401 et
1200 1350 1376 1401 Turio.

369 1435 508 1478 certa
530 1425 769 1476 elocutio.
794 1428 1040 1479 Fortasse
1059 1428 1116 1478 in
1139 1427 1378 1499 exemplo

369 1505 670 1558 inveniebat
702 1504 945 1557 librarius
972 1517 1110 1557 certa
1137 1517 1210 1559 est
1237 1505 1380 1558 locu—

372 1585 462 1637 tio.
507 1584 653 1637 certa
693 1584 929 1656 plerique
966 1584 1135 1637 Codd.
1172 1600 1224 1638 et
1257 1584 1376 1638 edd.

369 1677 497 1716 vett.
525 1663 687 1717 Goth.
717 1677 895 1715 tamen
926 1675 1090 1729 recta,
1122 1682 1246 1714 cum
1271 1681 1379 1734 quo

293 1762 298 1769 ·
369 1745 525 1797 Voss.
550 1760 579 1795 2
598 1742 774 1795 facere
791 1755 942 1814 puto.
961 1743 1274 1795 confusioni
1295 1761 1383 1794 au-

374 1836 484 1877 tem
510 1822 739 1875 obnoxia
769 1824 826 1874 in
853 1822 995 1875 MSS.
1026 1819 1138 1873 hoec
1165 1832 1300 1873 certa
1329 1834 1384 1873 et

375 1913 541 1966 recta,
573 1901 694 1954 vide
726 1900 994 1954 Drakenb.
1025 1900 1094 1953 ad
1119 1902 1228 1953 Liv.
1259 1901 1382 1968 XL,

383 1980 474 2047 15,
497 1999 543 2033 2.
566 1984 715 2034 —R.
745 1999 764 2034 ι
792 1996 844 2034 et
863 1983 1055 2047 Cum,
1079 1993 1231 2033 certa.
1253 1984 1385 2033 Prae·

374 2059 595 2113 ferenda
612 2059 818 2112 videtur
829 2079 932 2112 vox
952 2071 1113 2126 vecta,
1134 2061 1386 2131 quoniam

377 2138 446 2193 de
486 2134 729 2207 spania-114
770 2141 942 2210 agitur
978 2157 1093 2209 quoe
1129 2151 1209 2191 est
1245 2151 1387 2193 recta

376 2216 632 2290 loquendi
653 2219 804 2268 ratio.
832 2221 923 2270 En.

454 2315 502 2349 2.
526 2295 806 2350 Salutavit.
836 2298 895 2348 ln
917 2295 1025 2349 hoc
1048 2299 1389 2358 consentiunt

380 2394 564 2428 omnes
594 2373 764 2427 codd.
798 2388 989 2447 praeter
1008 2378 1163 2428 Voss.
1199 2393 1217 2427 1
1252 2374 1387 2426 dan-

379 2469 488 2507 tem
514 2451 763 2506 salutant.
789 2452 919 2507 Obr.
940 2452 1040 2523 (an
1058 2472 1123 2506 ex
1139 2452 1270 2506 Cod.
1292 2456 1388 2505 Ar—

380 2531 786 2605 gentoratensi?)
804 2529 949 2584 dedit
966 2530 1223 2597 salutarit,
1242 2529 1388 2603 quod

378 2627 561 2687 potest
588 2615 944 2666 necessarium
969 2613 1166 2679 videri,
1199 2612 1270 2664 ob
1304 2631 1387 2664 se-

379 2713 550 2765 quens
571 2694 774 2746 dixerit.
795 2696 982 2765 Neque
999 2707 1178 2745 tamen
1202 2706 1390 2744 contra

381 2772 550 2826 Codd.
577 2771 843 2842 obsequar
863 2770 1152 2826 Obrechto.
1173 2772 1390 2823 Vossia-

381 2855 440 2906 ni
461 2854 753 2924 scriptura,
776 2852 820 2902 si
843 2850 1106 2903 abesset-n
1129 2847 1390 2920 (salutat)

256 2939 260 2944 ·
313 2957 320 2962 -
381 2950 489 3003 prae
513 2929 761 2982 omnihus
784 2928 1032 3000 placeret.
1062 2930 1219 2980 Nunc
1243 2926 1389 2979 salu-

383 3011 517 3063 tavit
545 3023 638 3062 aut
665 3005 889 3076 duptam-ne
920 3005 1291 3077 accipiendum
1322 3005 1391 3057 de

381 3109 442 3142 re
464 3089 655 3161 soepius
678 3088 818 3139 facta
845 3084 998 3156 (vide
1021 3086 1136 3137 VIII
1151 3121 1168 3149 ,
1193 3085 1226 3136 3
1242 3122 1259 3149 ,
1288 3082 1388 3148 30,

385 3168 638 3242 aptavit),
662 3181 779 3232 aut,
805 3165 953 3238 quod
973 3164 1179 3229 malin,
1203 3162 1392 3214 intelli-

384 3252 527 3321 gitur
547 3261 722 3301 certus
748 3246 912 3298 homo
928 3283 946 3312 ,
972 3262 1127 3316 quem
1153 3244 1228 3294 ita
1251 3241 1390 3294 salu-

383 3338 513 3381 tasse
531 3329 587 3379 in
605 3345 697 3378 ore
715 3324 1004 3378 multorum
1019 3323 1205 3387 fuerit,
1226 3339 1391 3392 quum

387 3405 640 3460 scriberet
662 3406 767 3473 Qu.
791 3400 997 3454 Dixerit
1017 3400 1268 3472 deinceps
1290 3418 1394 3471 po-

385 3483 592 3537 tentiali
625 3482 788 3534 modo
825 3481 1018 3534 dicitur
1052 3478 1172 3530 εἴποι
1209 3478 1283 3531 εἴν.
1319 3506 1393 3518 --

389 3563 485 3616 Ed.
502 3565 663 3615 ΟΜ.
678 3561 933 3614 salutarit.
948 3558 1303 3613 ——Salutavt‘t.
1325 3558 1390 3609 H.

391 3659 437 3693 e.
463 3639 593 3692 dixit
616 3642 915 3691 occurrenti
940 3644 1063 3703 ave,
1097 3657 1207 3690 non
1231 3636 1393 3701 Ιιαυέ,

394 3718 542 3792 quod
563 3732 676 3771 erat
697 3721 752 3770 in
775 3735 877 3770 usu
891 3756 909 3784 ,
932 3720 1031 3771 etsi
1055 3719 1320 3770 vitiosum.
1355 3769 1364 3778 ‚

466 3800 516 3852 3.
546 3798 712 3849 Avere
735 3808 810 3850 est
832 3797 990 3848 enim.
1025 3798 1103 3848 Ita
1133 3795 1307 3849 Guelf.
1342 3806 1397 3846 et

392 3879 569 3933 Turio.
613 3877 847 3948 Reposui
891 3874 1057 3927 Codd.
1100 3875 1396 3947 plerorum-

396 3979 527 4031 que,
546 3957 933 4026 multarumque
952 3955 1070 4009 edd.
1092 3968 1216 4008 vett.
1238 3956 1399 4025 scrip-

395 4053 583 4091 turam.
603 4039 792 4108 Neque
814 4034 990 4087 obstat
1014 4035 1397 4085 contrariorum

393 4116 565 4171 codd.
578 4154 595 4183 ,
615 4126 760 4168 avete
777 4111 954 4185 (quod
972 4124 1025 4164 et
1041 4112 1198 4164 Gesn.
1222 4110 1398 4180 dedit)

395 4198 787 4271 praeferentium
831 4193 1115 4249 auctoritas
1129 4227 1148 4258 ,
1192 4192 1248 4244 in
1291 4203 1397 4243 tam

617 4304 661 4340 1.

1468 1346 1693 1420 proclivi
1729 1368 1920 1403 errore.
1959 1352 2226 1421 Recepta,
2259 1369 2373 1421 quae
2410 1360 2486 1403 est

1468 1428 1610 1478 enim
1628 1428 1969 1499 parenthesin
1982 1463 1997 1492 ,
2021 1443 2073 1481 et
2091 1440 2238 1480 avete
2256 1429 2482 1480 salutem

1468 1505 1613 1557 illam
1641 1509 1842 1579 ipsam,
1870 1509 2029 1574 facit,
2058 1526 2122 1560 eo
2153 1510 2375 1559 maxime
2404 1507 2484 1559 la-

1468 1581 1626 1635 borat
1641 1623 1658 1650 ,
1698 1585 1875 1657 quod,
1912 1599 2101 1656 praeter
2142 1604 2354 1637 omnem
2392 1603 2484 1636 ex-

1472 1665 1876 1733 spectationem,
1895 1663 2086 1735 plurali
2106 1682 2327 1715 numero
2348 1664 2484 1715 salu·

1471 1754 1673 1793 tantem
1691 1741 1895 1794 inducit
1914 1745 2072 1793 istum
2091 1742 2319 1793 multum
2345 1741 2485 1793 litte-

1473 1832 1662 1874 ratum.
1702 1826 1883 1893 Quum
1921 1823 1986 1874 de
2021 1823 2287 1875 salutandi
2318 1822 2484 1875 verbo

1474 1903 1664 1970 agitur,
1696 1921 1853 1954 nemo
1885 1921 2011 1955 sane
2040 1906 2308 1955 Romanus
2339 1901 2487 1955 aliud

1476 1980 1765 2052 quidquam
1781 1985 2006 2053 cogitat,
2026 1984 2128 2035 nisi
2147 1994 2333 2034 notum
2351 1981 2488 2034 illud

1476 2080 1633 2113 suum
1647 2075 1699 2114 et
1715 2061 2021 2114 tralatitium
2035 2061 2191 2126 have,
2212 2060 2358 2132 quod
2375 2060 2487 2132 pla·

1475 2158 1543 2193 ne
1563 2143 1618 2193 in
1638 2159 1989 2215 synonymum
2008 2143 2174 2213 ipsius
2190 2140 2371 2194 salutis
2389 2140 2487 2193 ab—

1474 2222 1550 2273 iit.
1577 2222 1767 2292 Neque
1791 2234 1871 2273 est
1900 2240 1962 2273 ex
1990 2220 2374 2273 consuetudine
2396 2239 2486 2273 ve-

1476 2312 1675 2363 terum,
1695 2302 1968 2371 ipsiusque
1990 2298 2125 2351 adeo
2145 2299 2487 2368 Quintiliani,

1478 2376 1795 2448 exemplum,
1807 2381 1932 2430 satis
1949 2377 2365 2430 demonstratum
2373 2396 2487 2430 ver·

1477 2456 1591 2521 bis,
1615 2455 1809 2508 diserte
1836 2461 1993 2510 etiam
2019 2457 2271 2528 adjicere,
2296 2475 2403 2528 quo
2429 2459 2487 2510 in

1475 2553 1670 2606 genere
1696 2553 1806 2588 non
1832 2536 1994 2589 semel
2020 2549 2258 2587 nostrum
2282 2554 2487 2588 morem

1479 2616 1820 2684 obtruserunt
1847 2619 1897 2668 ei
1924 2618 2251 2685 interpretes.
2276 2615 2409 2667 Vide
2431 2634 2483 2667 v·

1478 2712 1524 2745 c.
1554 2695 1611 2758 I,
1638 2693 1700 2759 4,
1734 2694 1801 2745 26
1826 2693 2489 2764 τᾷὣρίεί,4,9,εί8ηα

1435 2831 1440 2834 .
1478 2772 1831 2842 aspirationis.
1885 2770 2179 2823 Secundam
2229 2771 2487 2843 syllabam

1479 2864 1658 2903 autem
1684 2863 1828 2902 reete
1854 2853 2030 2921 potuit
2058 2849 2233 2902 dicere
2251 2888 2269 2916 ,
2298 2868 2487 2920 quam-

1481 2946 1640 2999 quam
1656 2945 1717 2978 ea
1731 2941 1839 2980 erat
1854 2927 2039 2980 eadem
2054 2926 2266 2993 ultima,
2285 2941 2344 2978 ut
2364 2947 2488 2980 mox

1478 3008 1535 3058 in
1563 3006 1730 3068 robur,
1763 3005 1807 3074 §.
1841 3022 1938 3067 22;
1969 3017 2022 3055 et
2049 3007 2101 3070 1,
2133 3022 2183 3073 7,
2217 3005 2281 3070 3,
2312 3004 2484 3076 palus.

1477 3082 1791 3154 Exemplum
1810 3095 2063 3154 correpte
2085 3080 2279 3133 ultimae
2292 3084 2487 3147 inane,

1480 3165 1586 3216 sive
1633 3161 1764 3213 have
1802 3161 1981 3233 (quod
2024 3179 2137 3213 non
2181 3174 2259 3214 est
2301 3160 2488 3214 dut-ius

1482 3259 1641 3313 quam
1666 3260 1790 3293 cave
1816 3243 1941 3293 Hor.
1972 3242 2138 3312 Epist.
2167 3243 2224 3306 I,
2264 3241 2356 3306 13,
2393 3257 2489 3309 19,

1480 3335 1534 3374 et
1556 3320 1834 3392 aliquoties
1858 3321 1915 3371 in
1937 3319 2124 3390 Satn),
2143 3318 2310 3371 habes
2328 3318 2482 3372 Ovid.

1478 3404 1660 3454 Amor.
1686 3401 1759 3465 Η,
1781 3398 1844 3465 6,
1866 3398 1964 3463 62,
1980 3396 2082 3449 ubi
2102 3398 2151 3449 J.
2176 3399 2240 3449 Η.
2267 3398 2489 3451 Vossius

1479 3493 1640 3552 poeta
1662 3492 1879 3550 poetam
1902 3480 2100 3549 optime
2121 3476 2400 3543 divinavit,
2428 3491 2490 3530 ut

1484 3570 1536 3610 et
1577 3570 1743 3609 totam
1785 3555 2007 3625 elegiam
2048 3557 2316 3626 expressit.
2359 3560 2489 3609 Ver-

1482 3636 1707 3688 mischte
1740 3634 2030 3699 Gedichte,
2066 3633 2160 3686 Bd.
2198 3652 2261 3700 2,
2293 3654 2347 3705 p.
2389 3636 2489 3701 104

1483 3733 1632 3786 seqq.
1660 3743 1735 3754 —-
1753 3714 1920 3766 Avere
1948 3723 2023 3766 est
2051 3714 2207 3764 enim.
2242 3713 2489 3784 Explica-

1486 3796 1684 3846 tionem
1714 3806 1834 3864 pete
1868 3790 1937 3843 ad
1967 3793 2021 3855 1,
2056 3789 2120 3855 5,
2162 3791 2254 3856 13,
2283 3791 2388 3842 sive
2417 3801 2491 3842 est

1484 3872 1742 3924 assentior.
1764 3874 1892 3924 Eam
1908 3868 2053 3921 verbi
2068 3868 2377 3920 substantivi
2391 3888 2491 3940 po·

1486 3963 1729 4002 testatem
1748 3948 1911 4000 habes
1937 3948 1983 4017 §.
2011 3964 2074 3998 22
2092 3984 2109 4012 ,
2141 3969 2163 3993 u
2185 3949 2307 4017 quia
2323 3948 2389 3999 sit
2409 3967 2494 3999 ro·

1492 4051 1516 4075 a
1530 4029 1725 4094 boris,»
1746 4042 1798 4079 et
1821 4028 1906 4093 23,
1929 4028 2082 4097 asquia
2099 4037 2224 4078 esset
2240 4025 2439 4080 eboris:
2460 4052 2483 4076 a

1485 4105 1605 4160 vid.
1633 4118 1685 4156 et
1707 4108 1762 4172 1,
1786 4107 1851 4172 4,
1879 4123 1968 4170 11,
2000 4126 2022 4150 α
2044 4103 2191 4176 quod
2215 4106 2260 4156 si
2282 4116 2368 4158 est.
2390 4130 2412 4153 ιο

1556 4183 1610 4250 4.
1632 4182 1934 4257 calefacere.
1950 4184 2028 4236 Ita
2042 4179 2214 4236 Guelf.
2239 4197 2291 4238 et
2304 4200 2492 4238 omnes

2148 4288 2202 4324 11
