3200 5150
687 511 1336 581 INSTITUTIONIS
1372 510 1632 580 ORAT.
1671 510 1834 580 LIB.
1877 515 1941 596 1,
1983 517 2044 581 8.

2285 514 2411 582 203

322 632 485 710 dem
521 640 659 735 est)
693 660 1181 729 amoveantur,
1225 640 1280 712 si
1321 638 1468 710 fieri
1512 659 1772 737 potest;
1819 639 1873 711 si
1914 639 2187 727 minus»,
2231 660 2411 713 certe

324 817 514 891 (fixae
546 820 626 874 nai
657 826 879 892 ‘remmon
913 826 940 843 ⁹
960 820 988 843 ⁹
1008 825 1156 892 ⁹,⁹
1085 834 1105 844 ⁶
1170 847 1238 892 ,ιι
1270 824 1322 877 ιἰι

315 898 501 966 paup&
538 902 617 953 κού
653 901 884 970 mancipo·
920 905 1133 971 sspame'
1077 926 1152 959 mv
1187 902 1321 977 (pa-

317 979 1096 1081 riambumvocatDjomedesp.
1109 984 1319 1036 Putsch.

321 1058 522 1129 478)·
638 1061 701 1128 ι·
724 1065 808 1127 ιει
788 1062 1065 1131 Νειβραχι
1029 1085 1085 1117 ιιι

317 1136 478 1189 Vides
498 1156 758 1210 nusquam
777 1144 831 1193 in
851 1142 996 1194 hisce
1017 1160 1321 1214 comparere

318 1217 557 1269 lonicum
577 1237 607 1269 a
625 1221 857 1285 minore,
882 1220 1128 1273 eumdem
1146 1234 1322 1272 tamen

1104 1063 1298 1080 νννννν

317 1312 410 1347 sex
430 1296 756 1367 temporibus
775 1311 1127 1363 constantem,
1189 1298 1215 1313 ⁹

316 1374 496 1440 Quare
523 1374 752 1444 Scaliger
779 1375 846 1427 ad
870 1379 1080 1429 Festum
1105 1395 1167 1428 ac
1191 1381 1323 1429 Var-

317 1468 503 1525 ronem
521 1490 540 1517 ,
581 1466 634 1504 et
665 1453 922 1505 Columna
961 1453 1030 1506 ad
1066 1456 1324 1519 Ennium,

319 1548 507 1601 parum
522 1545 664 1585 recte
677 1532 922 1585 videntur
934 1532 1167 1586 Sotaden
1179 1546 1323 1585 utro-

321 1626 424 1678 que
450 1611 631 1663 lonico
661 1630 818 1663 usum
849 1630 1058 1664 narrare
1074 1649 1092 1676 ,
1113 1628 1322 1663 versus·

322 1706 456 1757 que,
484 1689 542 1741 in
567 1688 759 1759 quibus
788 1688 813 1739 ὅ
834 1688 921 1743 cia-¹
947 1686 1186 1745 ninum
1209 1690 1325 1741 ani-

319 1765 679 1833 madvertitur,
706 1768 937 1821 sotadeis
961 1785 1322 1821 annumerare.

323 1847 475 1897 Hunc
490 1847 736 1917 equidem
750 1846 941 1918 pedem
955 1860 1087 1918 puto
1106 1864 1324 1915 regnare

313 1925 551 1979 ,vicissim
580 1927 635 1976 in
665 1925 975 1994 galliambis.
1014 1924 1177 1992 Quod
1210 1926 1327 1994 qui-

323 2000 448 2055 dem
468 2016 720 2069 metrum,
739 2003 898 2056 molle
920 2003 1103 2057 itidem
1126 2016 1182 2055 et
1202 2004 1328 2059 effe·

321 2083 611 2147 minatum,
637 2083 772 2133 infra
796 2083 900 2147 lx,
925 2081 989 2148 4,
1015 2082 1050 2134 6
1076 2083 1191 2153 ipse
1218 2083 1322 2149 Qu.

323 2163 599 2232 conjungit
621 2179 746 2213 cum
771 2158 1010 2213 sotadeo.
1035 2162 1128 2213 Est
1154 2159 1208 2211 id
1236 2161 1324 2210 lo-

311 2242 502 2291 nicum
524 2257 553 2291 a
579 2243 779 2293 minore
803 2252 1162 2293 tetrametrum
1189 2252 1329 2290 cata-

321 2316 596 2384 lecticam,
619 2319 776 2391 plane
799 2317 1124 2391 respondens
1149 2317 1327 2383 alteri,

320 2400 425 2449 nisi
448 2397 594 2468 quod
620 2397 1063 2471 brachycatalecti
1086 2411 1210 2451 sunt
1233 2416 1326 2449 so·-

311 2477 493 2543 .tadei,
515 2477 782 2548 galliambi
805 2478 1115 2533 catalectici.
1136 2481 1208 2531 Ut
1230 2496 1327 2530 au·

322 2570 432 2609 tem
475 2556 733 2612 trochaeus
783 2570 836 2611 et
880 2557 1085 2612 iambus
1105 2593 1124 2624 ,
1167 2559 1325 2610 trium

321 2648 621 2708 temporum
645 2651 895 2708 uterque,
920 2657 975 2689 se
996 2639 1218 2688 invicem
1240 2637 1327 2688 fu-

319 2716 497 2783 giunt,
515 2733 690 2785 neque
707 2733 943 2786 unquam
964 2715 1097 2767 alter
1117 2718 1173 2770 in
1197 2714 1327 2768 alto-

320 2794 430 2844 rius
445 2792 732 2884 ingreditur
744 2806 971 2845 metrum
979 2812 1200 2886 ,(ιιιιιιιι
1191 2806 1329 2844 uter-

324 2889 428 2941 que
474 2874 530 2922 in
574 2890 668 2923 sua
709 2872 836 2925 sede
875 2875 1096 2945 recipiat
1136 2872 1326 2925 tribra-

324 2948 497 3021 chyn3
538 2953 653 3022 pari
692 2954 895 3004 ratione
933 2969 964 3003 a
1002 2970 1060 3012 se
1091 2951 1328 3008 distineri

323 3031 547 3081 invicem
588 3029 835 3083 sotadeos
881 3042 935 3082 et
977 3028 1290 3100 galliambos
1309 3067 1326 3097 ,

324 3108 568 3178 equidem
597 3108 723 3160 mibi
750 3108 1065 3181 persuadeo.
1087 3108 1326 3161 Liberio-

321 3205 406 3239 res
434 3189 593 3239 etiam
619 3186 849 3239 sotadeis
878 3200 1000 3242 sunt
1025 3184 1326 3257 galliambi,

325 3268 522 3338 quippe
547 3269 715 3337 quiin
737 3285 832 3318 sua
855 3266 981 3320 sede
1002 3266 1086 3317 vel
1109 3267 1325 3337 paucio-

321 3364 470 3411 rum,
500 3364 659 3417 quam
686 3365 807 3412 sex,
835 3359 1133 3419 temporum
1160 3343 1326 3418 pedes

323 3427 579 3521 recipiant
622 3425 793 3496 (velut
834 3444 1075 3496 pat-onem
1117 3427 1329 3480 tertium

327 3502 354 3519 ⁹
524 3542 542 3570 ,
585 3517 637 3556 et
671 3504 1117 3575 palimbacchium
1161 3511 1182 3521 ‘
1214 3511 1236 3540 ·’
1265 3503 1327 3570 ⁹,

326 3583 559 3652 quinque
579 3595 777 3655 tempp.
790 3582 826 3654 ).
844 3587 1079 3636 Vocatur
1094 3581 1201 3634 hoc
1219 3600 1328 3635 me-

326 3671 464 3709 trum
496 3660 885 3729 galliambicum
918 3676 970 3714 et
993 3658 1266 3729 pnpque'r
1298 3679 1330 3714 a

328 3749 494 3789 matre
517 3738 750 3791 Deorum
772 3739 967 3812 Cybele
996 3745 1214 3814 ejusque
1242 3759 1329 3793 sa-

327 3814 633 3868 cerdotibus
667 3817 862 3884 Gallis,
904 3820 1148 3886 eviratis,
1187 3818 1330 3871 unde

327 3896 542 3967 propria
566 3896 614 3947 ei
637 3894 882 3950 mollities
896 3934 914 3962 ,
939 3916 1098 3968 quam
1121 3899 1330 3969 elegan-

331 3987 410 4026 ter
428 3973 666 4045 ejusdem
683 3977 888 4045 generis
905 3994 1058 4028 versu
1079 3979 1333 4049 expressit

329 4054 677 4106 Terentianus
700 4089 720 4118 ‚
771 4072 826 4124 p.
881 4054 1092 4108 Putsch.
1150 4059 1282 4126 2447
1317 4080 1330 4108 ι

315 4153 361 4179 ,α
379 4131 656 4185 Tremulos
684 4131 830 4204 quod
857 4150 973 4186 esse
995 4133 1157 4186 Gallis
1177 4133 1333 4188 habi-

341 4231 364 4255 α
383 4209 460 4263 les
482 4224 673 4285 putant
695 4211 903 4268 modos.
925 4238 951 4264 ι
977 4215 1184 4285 insigne
1201 4216 1334 4270 anti-

1411 844 1525 897 quae
1569 844 1798 899 poeseos
1844 828 2262 891 monimentum,
2305 824 2413 879 hoc

1409 924 1560 957 versu
1581 906 1959 976 conscriptum,
1976 919 2053 957 est
2067 905 2256 957 Catulli
2267 908 2410 978 Atys.

1408 987 1499 1037 Isti
1525 998 1694 1036 metro
1721 982 1874 1035 valde
1903 998 1983 1037 est
2010 985 2181 1038 affinis
2209 983 2413 1036 hende-

1306 1103 1317 1114 .
1409 1063 1705 1137 casyllabus
1728 1064 2040 1135 phalaecius,
2059 1067 2145 1116 cui
2170 1067 2213 1115 si
2237 1063 2417 1136 demp-

1411 1142 1537 1194 seris
1571 1155 1674 1193 tres
1707 1145 1909 1214 priores
1948 1141 2206 1214 syllabas,
2244 1160 2415 1193 rema-

1409 1234 1537 1272 nent
1557 1219 1674 1272 duoe
1696 1220 2017 1290 galliambici
2040 1239 2221 1273 versus
2244 1222 2416 1290 regio-

1234 1304 1319 1348 “‘.
1411 1299 1619 1350 nesvel
1656 1301 1868 1372 syzygiae
1910 1297 2417 1371 ””’”1·”·“.Ἰ,

1409 1396 1560 1448 qun,
1589 1377 1658 1428 ad
1684 1377 1961 1430 efficienda
1993 1391 2223 1448 quatuor
2252 1389 2419 1428 metra

1410 1456 1722 1526 galliambi,
1771 1457 2025 1528 deinceps
2075 1468 2420 1527 repetuntur,

1412 1535 1588 1587 ablata
1609 1549 1785 1588 tamen
1807 1535 1990 1587 ultima
2009 1534 2238 1606 syllaba,
2256 1547 2311 1585 ut
2330 1534 2423 1587 fiat

1411 1632 1592 1665 versus
1608 1613 1961 1666 catalecticus.
1982 1612 2009 1627 ⁹
2024 1611 2051 1628 ⁹
2070 1620 2089 1629 ‘
2111 1611 2138 1628 ⁹
2173 1610 2183 1683 1
2219 1619 2236 1629 ‘
2258 1612 2285 1628 ⁹
2304 1619 2322 1628 ‘
2310 1610 2373 1684 ,1
2404 1652 2418 1664 .

1412 1690 1554 1743 Talis
1578 1693 1719 1743 enim
1743 1705 1825 1742 est
1852 1709 1915 1742 ex
1937 1691 2239 1743 Terentiani
2268 1652 2422 1742 sche-

1413 1784 1586 1835 mate,
1611 1788 1774 1841 quum
1803 1769 2105 1842 Hephaestio
2132 1768 2297 1840 paulo
2323 1770 2420 1822 ali·-

1415 1862 1493 1900 ter
1510 1851 1800 1901 constituat
1818 1868 1967 1915 eum,
1991 1868 2045 1921 p.
2068 1849 2158 1915 4ο,
2175 1848 2242 1900 ad
2263 1867 2422 1920 quem

1409 1926 1594 1979 locum
1630 1940 1810 1980 monet
1841 1926 2154 1981 scholiastes
2182 1921 2257 1982 afr
2292 1927 2424 1980 im

1415 2019 1468 2057 et
1498 2003 1579 2057 καὶ
1611 2002 1827 2070 χάλκιαι,
1858 2009 1949 2077 (ιιιι
1979 2019 2230 2077 poterant
2258 2005 2425 2058 videri

1413 2085 1580 2136 lonici
1608 2103 1639 2136 a
1664 2088 1897 2155 majore,
1929 2103 2028 2155 pro
2058 2083 2301 2136 molossis
2331 2102 2422 2135 ac-

1413 2164 1521 2234 cipi
1548 2175 1825 2233 oportere:
1851 2164 2068 2234 synizesi
2096 2160 2340 2214 facienda
2366 2164 2424 2213 ιιι

1413 2239 1514 2293 im
1534 2254 1587 2293 et
1602 2241 1786 2306 χαλκῶ
1808 2242 1928 2293 Jam
1941 2242 2216 2309 utriusque
2230 2238 2429 2292 horum

1389 2334 1734 2386 ⁴metrorum,
1773 2333 1825 2371 et
1861 2317 2066 2370 sotadei
2098 2332 2152 2369 et
2180 2317 2421 2388 galliam-

1413 2397 1549 2463 bici,
1572 2398 1846 2459 mollitiem
1868 2398 2166 2467 frequentia
2182 2396 2424 2449 brevium

1415 2476 1769 2550 syllabarum,
1802 2491 1855 2529 et
1887 2475 2102 2528 trochaei
2130 2493 2225 2528 seu
2251 2474 2426 2527 chorei

1412 2555 1564 2630 pedis
1601 2558 1895 2621 contineri,
1938 2554 2066 2608 mihi
2107 2553 2421 2628 persuadeo.

1407 2638 1611 2689 Noster
1640 2638 1783 2688 enim
1818 2637 1921 2699 lx,
1955 2634 2020 2701 4,
2061 2633 2186 2699 ι35,
2219 2636 2291 2686 ait
2319 2644 2426 2686 tro-

1411 2714 1580 2768 ehoeos
1608 2713 1884 2785 (intelligit
1907 2727 2082 2766 autem
2107 2713 2276 2768 tribus
2300 2713 2425 2766 bre-

1413 2794 1567 2847 vibus
1603 2807 1937 2847 constantem
1975 2792 2203 2866 pedem)
2241 2792 2426 2845 celem

1411 2873 1654 2945 quidem,
1685 2873 1771 2925 sed
1791 2873 1900 2926 sine
1923 2873 2109 2925 viribus
2130 2891 2261 2926 esse.
2287 2875 2421 2925 Item

1413 2954 1519 3018 IX,
1543 2952 1611 3019 4,
1635 2953 1701 3006 88
1727 2965 1778 3004 ot
1809 2952 1905 3004 136
1932 2951 2119 3004 chami.
2146 2954 2208 3003 ln
2231 2951 2421 3022 hujus·

1413 3030 1561 3084 modi
1596 3030 1762 3102 pedes
1795 3044 1846 3082 et
1879 3029 2107 3103 syllabas
2144 3029 2423 3082 cadentem

1415 3111 1857 3180 compositionem
1885 3110 2068 3163 senec.
2094 3121 2246 3181 pater
2267 3122 2425 3162 vocat

1413 3206 1523 3240 non
1548 3198 1755 3239 tantum
1772 3186 2059 3239 emollitam
2076 3224 2095 3252 ‚
2114 3187 2201 3239 sed
2224 3188 2424 3259 infruc-

1405 3279 1542 3320 tam.
1554 3268 1806 3320 Controv.
1818 3283 1962 3338 19,p.
1975 3269 2086 3337 Bip.
2104 3267 2223 3320 233.
2236 3270 2424 3338 Neque

1407 3346 1470 3400 id
1483 3360 1618 3420 puto
1633 3359 1901 3419 spectasse
1914 3345 2298 3414 Quintilianum
2316 3345 2423 3398 hoc

1413 3441 1599 3480 nostro
1634 3427 1790 3492 loco,
1824 3424 1970 3498 quod
2003 3425 2208 3478 sotadei
2243 3443 2424 3479 versus

1415 3503 1622 3573 solent,
1655 3520 1939 3559 retrorsum
1973 3505 2127 3570 lecti,
2161 3518 2253 3558 aut
2282 3504 2425 3558 idem

1418 3600 1512 3638 aut
1529 3585 1675 3640 aliud
1691 3598 1865 3638 tamen
1882 3597 2107 3637 metrum
2121 3587 2325 3655 justum
2346 3601 2428 3636 os·

1419 3664 1661 3727 tendere;
1689 3682 2007 3735 quamquam
2029 3665 2144 3734 ipse
2167 3661 2327 3735 hujus
2349 3665 2424 3713 rei

1419 3747 1743 3796 mentionem
1767 3745 1892 3795 facit
1914 3745 2015 3808 IX,
2040 3741 2100 3807 4,
2123 3757 2221 3808 90,
2245 3740 2337 3792 ubi
2360 3758 2425 3792 ex

1418 3821 1725 3873 hexametro
1754 3822 1952 3872 factum
1975 3818 2254 3874 sotadeum
2275 3816 2425 3888 (vide

1421 3901 1745 3952 Demetrium
1770 3899 1836 3951 de
1862 3899 2191 3962 elocutione,
2212 3897 2256 3967 ς.
2287 3897 2425 3968 193),

1405 3998 1484 4030 ,εκ
1520 3977 1774 4040 sotadeo,
1810 3977 1991 4030 itidem
2026 3991 2312 4029 retrorsum
2349 3976 2426 4029 le-

1418 4056 1630 4128 gendo,
1660 4055 1894 4108 iambum
1924 4058 2213 4108 trimetrum
2242 4068 2424 4108 osten-

1421 4136 1513 4188 dit.
1537 4140 1597 4189 Et
1614 4147 1840 4206 possunt
1853 4133 1910 4186 hi
1923 4151 2104 4185 versus
2119 4152 2150 4185 a
2167 4134 2424 4187 tironibus

1422 4217 1645 4286 inspici,
1682 4226 1740 4265 ut
1777 4211 2016 4285 exempla
2050 4212 2388 4266 sotadeorum
2412 4251 2429 4276 ‚
