3200 5150
705 504 1351 570 INSTITUTIONIS
1388 507 1643 571 ORAT.
1684 509 1844 572 LIB.
1884 512 1943 588 J,
1989 534 2086 575 11.
2312 516 2427 596 241

342 626 554 699 verba
594 626 666 696 in
709 626 1066 697 faucibus¹
1117 627 1411 725 patietur
1453 626 1714 716 audiri,
1760 656 1887 700 nec
1932 631 2065 701 oris
2110 630 2437 705 inanitate

350 766 662 812 resonare
691 767 706 810 ε
746 767 912 827 nee,
952 741 1138 839 quod
1173 741 1468 811 minime
1502 744 1805 813 sermoni
1836 770 2012 841 puro
2038 749 2436 835 conveniat,

347 853 734 950 simplicem
786 854 968 925 vocis
1017 874 1337 925 naturam
1387 854 1696 953 pleniore
1748 859 2055 956 quodam
2099 888 2268 932 sono
2312 865 2442 932 cir-

348 964 786 1055 cumlinire2‚
824 968 1014 1065 quod
1049 967 1273 1040 Graeci
1307 968 1831 1057 καταπεπλασμένον3
1872 971 2149 1043 dicunt:
2189 976 2282 1045 sic
2320 1002 2442 1073 ap—

347 1078 685 1176 pellam-4
709 1103 950 1152 cantus
978 1080 1305 1152 tibiarum
1330 1137 1350 1169 ‚
1376 1108 1529 1180 quae
1548 1139 1567 1169 ,
1603 1083 1986 1179 praeclusiS,
2014 1088 2270 1184 quihus
2305 1092 2443 1160 cla-

349 1213 656 1284 rescunt,
682 1195 1183 1285 foraminibuS,
1218 1216 1396 1267 recto
1427 1196 1638 1267 modo
1673 1198 1853 1270 exitu
1889 1203 2269 1297 graviorem
2305 1204 2443 1302 spi-

351 1308 558 1379 ritum
614 1309 932 1381 reddunt.
979 1310 1316 1381 Curabit⁵
1365 1311 1614 1400 etiam,
1661 1338 1750 1385 ne
1799 1335 2115 1386 extremae
2158 1318 2438 1415 syllabae

349 1424 793 1510 intercidant3
833 1448 909 1498 ut
937 1454 1062 1524 par
1087 1427 1221 1497 sibi
1250 1454 1475 1498 sermo
1504 1428 1622 1515 sit;
1660 1448 1739 1499 ut
1765 1431 2032 1527 quoties
2061 1432 2444 1505 exclaman-

349 1538 523 1611 dum
550 1541 707 1630 erit,
735 1541 1007 1614 lateris⁶
1038 1565 1323 1617 conatus
1353 1544 1436 1614 sit
1458 1544 1573 1616 ille
1592 1602 1611 1634 ,
1639 1572 1781 1616 non
1814 1547 2084 1643 capitis;
2112 1571 2187 1618 ut
2214 1572 2444 1647 gestus

349 1654 437 1725 ad
467 1682 705 1727 vocem
724 1711 744 1744 ‚
770 1657 999 1728 vultus
1029 1658 1114 1728 ad
1142 1679 1413 1756 gestum
1440 1659 2025 1731 accommodetur.
2055 1662 2444 1737 Observan-

351 1770 522 1840 dum
563 1771 688 1841 erit
730 1771 973 1862 etiam,
1020 1794 1098 1844 ut
1141 1794 1321 1843 recta
1362 1773 1446 1843 sit
1488 1774 1695 1844 facies
1748 1774 2073 1864 dicentis,
2120 1804 2208 1847 ne
2252 1777 2446 1850 labra

351 1885 930 1983 distorqueamur,
961 1913 1049 1958 ne
1083 1887 1504 1959 immodicus
1532 1886 1758 1958 hiatus
1789 1889 2037 1960 rictum
2066 1889 2441 1981 distendat,

356 2027 445 2071 ne
479 1999 771 2097 supinus
798 2001 1066 2090 vultuS,
1093 2029 1181 2073 ne
1207 2001 1450 2103 dejecti
1485 2002 1553 2072 in
1585 2023 1835 2073 terram
1868 2004 2089 2093 oculi,
2118 2004 2444 2077 inclinata

355 2114 676 2186 utrolibet
706 2115 949 2211 cervi-x.
983 2119 1164 2188 Nam
1197 2118 1389 2188 frons
1417 2115 1739 2215 pluribus
1772 2118 2144 2214 generibus
2180 2142 2439 2216 peccat.

348 2331 412 2362 ex
435 2310 709 2362 Eustathio
735 2311 804 2363 ad
823 2311 879 2363 ll.
901 2313 977 2377 Κ,
996 2333 1049 2385 p.
1075 2314 1176 2366 813
1196 2313 1350 2365 affert

1441 2312 1667 2365 cummis
1693 2311 1823 2365 tibiis
1849 2327 2195 2385 opponuntur
2220 2328 2441 2388 aperfoe,

350 2389 771 2442 Hemsterhusius
813 2390 881 2441 ad
917 2393 1136 2443 Luciani
1174 2393 1348 2444 Judic.

1441 2395 1540 2457 XI,
1566 2394 1597 2445 3
1612 2432 1629 2458 ,
1653 2393 1750 2459 5ο,
1776 2392 1867 2444 sed
1886 2395 2104 2463 figurate
2123 2408 2175 2446 et
2193 2394 2291 2448 illae
2311 2410 2364 2448 et
2381 2416 2447 2449 ex

346 2469 641 2535 vocalium,
655 2470 815 2522 AElius
831 2472 1130 2543 Dionysius.
1148 2473 1195 2523 Is
1211 2474 1352 2523 enim
1440 2471 1740 2543 proverbio.

346 2544 498 2615 λῖγιι,
525 2551 691 2621 inquit
727 2549 997 2617 Eustath.‚
1028 2548 1096 2602 ἔτι
1128 2547 1353 2619 neptunia.

347 2627 465 2693 φασὶ
484 2631 662 2696 miror
683 2629 879 2691 ιἰυιλῖγαι
897 2626 974 2682 «τᾶν
995 2629 1077 2681 διαὶ
1091 2634 1179 2682 τοῦ
1197 2635 1351 2696 σῆμα

348 2704 676 2773 οχκμσιτισμὸν
700 2711 784 2760 Ιτοῦ
812 2707 1042 2773 στὸματος
1075 2712 1132 2766 οἷς
1163 2711 1351 2778 inparti?

347 2789 424 2840 και)
447 2784 666 2848 πλατὺ,
691 2785 1032 2856 γυμναζόμενον
1062 2788 1133 2841 ἀεὶ
1155 2786 1273 2858 opi:
1297 2785 1351 2840 οτό

351 2866 627 2934 κάτοπτρον.
648 2869 857 2921 Deliciae
879 2872 1037 2938 igitur
1056 2870 1153 2922 illae
1169 2872 1354 2922 fortas-

349 2967 402 3000 se
458 2948 702 2997 affectata
754 2947 890 2999 sibili
938 2947 1353 3001 dissimulatione

349 3039 721 3098 apparuerunt.
750 3055 814 3063 ——
834 3024 987 3077 Unde
1013 3045 1223 3096 quoque
1249 3046 1355 3078 me-

349 3121 483 3158 trum
505 3106 608 3157 hoc
628 3102 894 3176 Euripidis
915 3106 969 3156 in
989 3104 1176 3156 Medea
1201 3097 1359 3155 imai

350 3185 451 3240 σἀἶς
492 3183 646 3237 ἴσασιν
684 3181 902 3235 Ἐλλίνων
943 3181 1038 3234 ὅσοι
1055 3222 1070 3244 ,
1114 3203 1145 3234 a
1185 3185 1357 3254 poetis

350 3265 564 3316 comicis
603 3266 845 3329 irrisum,
878 3265 1036 3314 miros
1071 3261 1355 3333 aliquando

351 3342 567 3394 Athenis
591 3343 881 3395 cachinnos
906 3343 959 3393 in
985 3340 1186 3392 theatro
1214 3344 1354 3393 exci-

353 3424 494 3473 tavit.
528 3424 683 3473 Rom..

432 3516 473 3549 1.
512 3499 578 3548 In
607 3493 906 3568 faueibus...
945 3498 1044 3549 oris
1086 3498 1353 3548 inanitate.

355 3575 485 3627 Vide
511 3581 556 3641 1,
583 3577 642 3643 5,
667 3579 751 3630 32.

428 3672 453 3705 2
462 3692 473 3703 .
510 3655 705 3704 Circum
713 3656 784 3706 lin
793 3657 877 3706 ire.
887 3696 898 3706 .
907 3696 919 3708 .
949 3652 1356 3719 amaa-amami-

353 3753 438 3786 ιον.
463 3735 686 3784 Locutio
709 3736 893 3786 Latina
917 3739 1108 3807 accipit
1131 3736 1302 3786 lucem
1328 3754 1358 3786 a

353 3813 560 3874 Graeca,
583 3829 695 3880 quae
719 3812 909 3864 deinde
935 3832 998 3863 eo
1026 3814 1171 3883 quod
1196 3813 1361 3883 subji-

355 3893 492 3941 citur
511 3891 633 3940 satis
654 3889 956 3942 illustratur.
973 3895 1160 3962 Neque
1180 3906 1357 3943 tamen

355 3969 515 4021 credo
554 3971 722 4040 ipsam
757 3988 865 4019 rem
903 3969 1059 4038 plane
1095 3969 1359 4041 designari

357 4067 516 4121 posse
553 4047 741 4099 verbis.
785 4048 1210 4120 Cir-cumliviiendi
1243 4067 1360 4100 ver-

361 4128 490 4179 bum
503 4128 721 4198 figurate
735 4128 923 4178 iterum
941 4139 1158 4197 usurpat
1173 4127 1267 4178 xl}
1278 4165 1294 4191 ,
1309 4144 1362 4195 9,

363 4206 423 4271 8;
448 4208 662 4279 proprie
685 4219 858 4260 autem
879 4206 1025 4272 VIII,
1051 4204 1111 4270 5,
1143 4203 1224 4256 26.
1255 4206 1364 4257 Cir-

371 4282 377 4309 Ι

585 4313 628 4347 1.

1513 2553 1562 2605 3.
1595 2550 2072 2618 Κανταπιπλασμίνον.
2098 2554 2270 2607 Guelf.
2299 2577 2448 2607 καστα-

1440 2628 1754 2695 ποπλιίμενον.
1805 2632 1937 2685 Cum
1977 2633 2137 2685 Goth.
2185 2651 2449 2688 mma-

1442 2707 1551 2775 σμόν
1575 2711 1737 2764 habet
1754 2716 1906 2764 Voss.
1937 2730 1983 2764 2.

1512 2790 1561 2855 4.
1601 2790 1687 2841 Sic
1721 2788 2032 2862 appellatur.
2072 2794 2146 2842 Ita
2178 2791 2352 2844 Guelf.
2394 2804 2450 2845 et

1443 2887 1627 2919 omnes
1652 2867 1818 2918 Codd.
1851 2881 1903 2919 et
1931 2868 2051 2920 edd.
2076 2870 2340 2923 Gesnerus
2364 2890 2447 2922 er-

1442 2965 1614 2997 rorem
1631 2964 1757 2997 sane
1772 2948 2054 2998 Burmanni
2068 2951 2342 3018 expressit:
2360 2969 2449 3021 ap-

1441 3024 1724 3096 pellantur,
1759 3043 1913 3093 qucm
1947 3028 2171 3076 retinent
2206 3028 2314 3097 Rip.
2351 3029 2450 3080 Of-

1444 3103 1635 3154 fendor
1675 3117 1882 3167 autem,
1927 3106 2105 3156 nescio
2144 3105 2448 3174 quomodo,

1445 3180 1544 3232 hac
1561 3196 1666 3232 tam
1682 3181 1903 3251 abrupta
1920 3185 2196 3246 sententia,
2209 3186 2295 3234 cui
2309 3184 2453 3234 enim

1447 3258 1631 3312 saltem
1658 3277 1793 3330 opus
1817 3272 1925 3308 erat
1949 3273 2069 3330 post
2093 3261 2178 3311 sic.
2212 3264 2278 3313 Ut
2305 3280 2446 3313 nunc

1446 3351 1556 3402 est,
1589 3339 1979 3407 interpretantis
2010 3340 2190 3409 potius
2219 3358 2335 3390 eam
2363 3339 2448 3390 tli-

1445 3434 1554 3481 cas,
1571 3434 1731 3485 quam
1744 3416 1908 3485 ipsius
1925 3418 2210 3487 scriptoris.
2230 3420 2375 3470 -R.
2400 3434 2448 3485 1,

1446 3493 1794 3567 appellantur.
1822 3495 1911 3545 Eo.

1515 3573 1564 3624 5.
1582 3573 1803 3625 curabit.
1822 3572 1994 3623 Gueli'.
2007 3576 2180 3626 Turic.
2198 3575 2452 3627 curabunt

1445 3672 1568 3704 cum
1597 3652 1774 3704 multis
1798 3652 1966 3704 Codd.
1994 3667 2043 3704 et
2070 3654 2268 3724 aliquot
2293 3653 2411 3706 edd.
2433 3676 2447 3705 ι

1448 3732 1599 3784 male.
1638 3762 1711 3772 —-
1753 3733 1957 3784 Curubit
1993 3733 2191 3784 habeut
2226 3737 2285 3785 R.
2333 3751 2352 3784 ι
2397 3745 2451 3784 et

1447 3814 1606 3865 Cam.
1639 3812 1739 3863 Ed.

1520 3892 1570 3943 6.
1599 3892 1805 3943 Lateris.
1837 3893 1912 3942 Ita
1943 3890 2114 3943 Guelf.
2141 3890 2299 3942 Goth.
2326 3889 2451 3962 (ne-

1451 3989 1553 4040 que
1581 3973 1721 4020 enim
1746 3969 1965 4020 laterum
1992 3983 2051 4019 ut
2077 3969 2235 4020 refert
2257 3970 2451 4021 Gesne-

1447 4049 1569 4117 rus)
1607 4061 1659 4097 et
1692 4046 1931 4118 plerique
1968 4045 2207 4100 Codices.
2236 4053 2450 4100 Veteres

1451 4125 1707 4176 editiones
1740 4125 1847 4176 fere
1876 4143 2060 4186 omnes
2091 4138 2278 4197 praeter
2306 4123 2455 4179 Aldi-

1450 4221 1607 4271 nam,
1631 4201 1867 4255 laterum.

2111 4291 2173 4344 16

2488 2153 2549 2189 10
