3200 5150
684 500 1337 570 lNSTlTUTIOle
1373 498 1630 564 ORAT.
1669 498 1831 562 LIB.
1873 499 1938 576 1,
1981 500 2039 578 4.

2329 518 2410 586 97

318 633 409 705 a'd
458 631 761 732 Ulyssem
798 626 1138 701 deductus
1175 642 1293 696 est.
1330 619 1569 713 Quid?
1609 646 1755 692 non
1787 620 1848 691 E
1880 644 2162 718 quoque
2194 618 2230 689 I
2260 616 2417 692 loco
2460 645 2519 699 ¹7

316 738 495 821 fuit?
533 747 612 819 ut
654 748 1032 829 Menerva,
1077 758 1146 812 et
1190 736 1396 824 leber,
1445 756 1514 808 et
1557 750 1913 833 maqester‚
1963 753 2033 804 et
2064 735 2312 832 Dijove
2354 754 2421 805 et

326 868 402 942 V
389 870 584 967 eJ'ove
604 876 622 908 ¹
638 921 660 952 ,
692 888 816 962 pro
840 862 1076 960 Dt‘jovi
1098 876 1167 930 et
1196 856 1272 932 V
1261 857 1446 955 ejovi
1456 852 1493 924 P
1517 850 1656 925 Sed
1675 849 1851 923 mihi
1879 849 2118 922 locum
2147 850 2421 948 signare

395 1119 440 1157 ι.
476 1102 716 1175 Dijove...
749 1097 947 1173 Vq'ovi.
974 1097 1104 1166 Qum
1126 1093 1216 1149 hic
1243 1093 1326 1146 le·-

315 1185 489 1254 ‘imus
541 1193 665 1234 sunt
713 1176 780 1231 de
826 1179 1132 1248 conjectura
1176 1173 1327 1243 Regii

318 1265 624 1317 constituta.
667 1261 791 1313 Levi
832 1257 1175 1308 fluctuatione
1211 1253 1335 1305 haec'

316 1345 430 1396 fere
458 1341 589 1393 dant
614 1337 785 1393 Codd.
814 1348 875 1388 ut
902 1334 1077 1388 Guelf.
1108 1333 1184 1384 dit·
1212 1334 1325 1384 iove

319 1423 509 1475 victore
534 1438 643 1471 novt
665 1417 721 1470 di
745 1415 865 1469 ἰουί.
896 1414 1322 1485 Ingeniosissime

319 1487 563 1576 profecto
603 1497 937 1572 probabilem
978 1494 1289 1547 sententiam
1305 1528 1322 1556 ,

319 1595 373 1636 et
398 1592 618 1655 propter
646 1577 887 1632 obsoleta
911 1571 1173 1627 vocabula
1200 1590 1323 1624 cor-

320 1661 557 1732 ruptioni
575 1657 887 1721 obnoxiam,
911 1654 1091 1707 effecit
1108 1653 1319 1723 Regius.

320 1744 510 1811 Neque
546 1751 723 1791 tamen
759 1736 937 1807 specie
970 1744 1145 1797 caret,
1180 1728 1326 1801 quod

320 1817 525 1873 Merula
542 1815 634 1887 (ad
649 1817 903 1879 Ennium,
926 1832 978 1884 p.
1000 1810 1188 1880 LVIII)
1207 1827 1325 1861 sua-

322 1898 414 1953 det
436 1917 502 1952 ex
528 1899 787 1969 scriptura
811 1892 1158 1963 antiquissimi
1180 1886 1326 1960 apud

324 1998 381 2033 se
407 1977 560 2044 libri,
588 1979 663 2029 sic
690 1974 934 2028 habentis
957 1993 969 2022 :
999 1970 1191 2022 dinone
1220 1968 1327 2019 υἱο-

324 2071 463 2123 tore,
489 2075 587 2129 pro
609 2055 809 2109 diuoni.
832 2051 958 2105 Vult
980 2052 1121 2102 enim
1143 2046 1231 2100 ille
1253 2050 1328 2101 ita

323 2137 647 2190 constituere
671 2134 876 2186 locum:
902 2131 1074 2182 duone
1093 2128 1326 2192 victores,

317 2233 419 2289 pro
445 2213 625 2266 ducni.
656 2213 875 2265 Daunus
900 2222 1077 2261 autem
1105 2221 1218 2259 tum
1244 2205 1328 2257 di-

324 2308 533 2348 ceretur
559 2312 657 2366 pro
685 2293 876 2356 bonus,
908 2308 1087 2356 more,
1117 2287 1185 2341 de
1220 2304 1326 2357 quo

325 2376 527 2445 egimus
551 2373 618 2425 ad
644 2371 803 2443 §.15.
829 2369 1096 2442 Adjuvant
1118 2369 1329 2438 conjec-

327 2466 500 2506 turam
518 2452 655 2505 hanc
672 2455 826 2504 Voss.
857 2466 902 2515 ι,
927 2450 988 2514 3,
1011 2447 1197 2501 dantes
1222 2462 1329 2496 ma-

326 2533 520 2585 nifesto
554 2530 762 2582 victores
792 2540 845 2581 et
874 2528 1054 2580 duoui.
1088 2528 1330 2599 Regianae

330 2612 544 2684 quidem
595 2621 856 2683 repugnat
909 2610 1038 2660 mira
1095 2609 1332 2660 omnium

327 2690 496 2744 Codd.
532 2692 587 2741 in
613 2708 744 2758 voce
777 2689 965 2740 victore
996 2690 1292 2742 constantia
1315 2724 1333 2754 ,

330 2770 582 2842 quodque
596 2770 809 2822 nonnisi
827 2786 990 2820 unum
1009 2770 1064 2820 in
1084 2766 1332 2819 omnibus

327 2848 498 2904 Codd.
523 2851 778 2920 repetitur
799 2846 1146 2914 vocabulum,
1168 2865 1333 2918 quum

326 2931 524 2999 Regius
560 2941 783 2998 cogatur
812 2926 1040 2978 scribere
1072 2926 1250 2998 Diiovi
1284 2936 1337 2977 et

332 3006 532 3080 Vejovi.
562 3007 749 3078 Neque
772 3006 828 3057 in
857 3004 1039 3076 Dijove
1066 3017 1117 3053 et
1144 3003 1336 3078 Vejove

332 3100 441 3138 tam
463 3084 743 3137 manifesto
767 3094 988 3156 apparet
1010 3084 1033 3132 1
1055 3096 1254 3134 mutata
1277 3085 1334 3135 in

327 3170 405 3234 E,
447 3185 610 3238 quum
651 3168 824 3239 possis
866 3165 1105 3236 accipere
1141 3161 1334 3216 ablati-

328 3266 485 3314 vum,
522 3260 738 3313 contra,
775 3244 948 3298 duone
984 3243 1192 3296 victores
1226 3242 1333 3295 dici

330 3344 429 3398 pro
452 3326 617 3377 duom’
641 3325 849 3377 victores
870 3326 1233 3396 unusquisque
1252 3326 1332 3375 vi-

331 3405 450 3472 det,
465 3420 517 3458 et
530 3408 698 3479 repeti
714 3405 922 3457 victores
939 3422 1048 3456 non
1069 3418 1151 3457 est
1167 3422 1331 3476 opus,

334 3505 498 3557 quum
521 3490 741 3539 mutatio
761 3489 829 3538 sit
850 3488 907 3537 in
926 3484 1037 3537 sola
1056 3504 1187 3538 voce
1205 3486 1333 3538 duo·

331 3587 414 3619 ne.
426 3570 626 3620 Tamen
646 3569 826 3620 nescio
844 3565 969 3638 quid
982 3568 1226 3637 jejunum
1244 3565 1334 3617 ha-

331 3649 463 3701 bent
485 3649 604 3702 boni
628 3648 706 3700 illi
728 3649 962 3711 victora,
986 3665 1159 3717 ‘quum
1179 3646 1333 3718 Dg'jo-

336 3729 410 3781 vis
436 3738 489 3780 et
515 3727 716 3799 Vq'ovt‘s
742 3730 939 3780 mentio
966 3729 1023 3779 in
1046 3726 1330 3779 reconditis

331 3824 594 3877 augurum
611 3807 852 3860 formulis
862 3806 1103 3859 videatur
1115 3809 1334 3879 apposi-

334 3889 535 3941 tissima
559 3899 612 3937 et
630 3885 791 3955 digna
810 3889 1048 3957 inprimis
1071 3888 1332 3957 diligentis

330 3968 659 4040 grammatici
699 3968 1114 4036 investigatione.
1158 3966 1335 4039 Diiovi

334 4047 518 4099 victori
536 4064 636 4119 pro
658 4045 780 4097 Jovt’
800 4045 1006 4111 victori,
1025 4050 1179 4118 cujus
1196 4046 1335 4098 aedes

335 4130 514 4180 Rome
537 4129 638 4180 fuit
648 4139 669 4194 ¹,
693 4139 875 4199 aptum
899 4127 1067 4192 foret,
1094 4129 1195 4180 nisi
1222 4140 1336 4178 tum

334 4209 557 4279 repetita
586 4225 721 4261 voce
748 4206 928 4260 victori
954 4204 1105 4264 locus
1132 4206 1334 4276 indige·

557 4310 601 4349 1..

1413 1104 1520 1144 ret:
1542 1108 1651 1143 non
1671 1107 1771 1161 pro
1787 1107 1884 1161 pro
1905 1091 1961 1141 in
1979 1088 2286 1141 Florentino
2306 1105 2421 1141 esse

1366 1186 1371 1190 ·
1412 1172 1487 1223 ait
1513 1171 1709 1241 Regius
1739 1182 1791 1221 et
1813 1168 1989 1221 Guelf.
2015 1167 2212 1236 habet,
2241 1168 2423 1220 multi-

1414 1269 1516 1322 que
1541 1262 1810 1321 praeterea.
1837 1250 1930 1301 Est
1957 1262 2138 1299 tamen
2166 1261 2219 1299 et
2241 1266 2337 1320 pro
2366 1249 2424 1298 in

1411 1330 1580 1383 Codd.
1605 1369 1622 1397 ‚
1662 1347 1837 1401 neque
1873 1331 2036 1381 refert
2069 1328 2312 1380 multum.
2351 1359 2424 1369 —-

1411 1414 1512 1463 Pro
1530 1411 1718 1485 Βῇουε
1739 1420 1792 1462 et
1810 1410 1867 1465 V
1859 1412 2032 1482 ejove,
2054 1428 2151 1481 pro
2175 1408 2353 1481 Βῇουί
2373 1419 2428 1461 et

1416 1491 1628 1565 Veiovi,
1664 1489 1833 1545 Codd.
1865 1492 1973 1543 RB.
2012 1506 2068 1557 1,
2100 1506 2161 1555 2,
2191 1489 2252 1558 3,
2276 1488 2343 1556 4.,
2371 1502 2427 1540 et

1413 1572 1502 1626 alii
1533 1571 1735 1625 habent
1766 1572 1951 1645 Dijove
1982 1571 2171 1622 victore
2198 1587 2295 1642 pro
2325 1570 2426 1621 Da·-

1397 1654 1533 1725 jom’.
1569 1655 1663 1706 En.
1695 1682 1770 1693 —
1795 1652 2034 1725 DiJove...
2064 1650 2262 1724 quovi.
2295 1649 2425 1703 Gel-

1414 1733 1514 1786 lius
1544 1736 1611 1800 V,
1647 1748 1740 1797 12,
1773 1745 1950 1784 narrat
1982 1734 2037 1783 in
2070 1733 2299 1801 antiquis
2332 1750 2424 1783 au-

1413 1831 1605 1883 gurum
1636 1812 1905 1884 responsis
1938 1810 2282 1862 animadverti
2313 1808 2426 1861 haec

1414 1894 1652 1944 Deorum
1665 1892 1897 1943 nomina.
1916 1888 2196 1942 Probabile
2212 1888 2427 1959 quidem

1416 1972 1474 2025 fit
1493 1990 1556 2023 ex
1575 1973 1742 2044 ipsius
1762 1989 1945 2023 eorum
1963 1970 2428 2040 interpretatione,

1415 2051 1641 2104 alterum
1655 2052 1937 2116 faventem,
1946 2052 2190 2121 iniquum
2202 2047 2427 2101 alterum

1417 2130 1638 2201 intelligi
1650 2133 1680 2182 J
1686 2150 1853 2183 ovem.
1870 2132 2210 2201 Quamquam
2223 2130 2325 2204 ipsi
2339 2147 2429 2180 ve·
2449 2162 2456 2175 2

1418 2225 1555 2264 teres
1569 2209 1944 2280 distinguendo
1960 2209 2072 2263 haec
2087 2207 2331 2261 videntur
2344 2227 2427 2259 ar-

1417 2292 1614 2363 gutati,
1639 2309 1804 2362 quum
1827 2291 2117 2360 antiquitus
2141 2288 2321 2340 Diovis
2341 2286 2428 2340 vel

1418 2371 1616 2444 Dijovis
1650 2372 1829 2443 ipsum
1863 2383 2002 2420 esset
2036 2367 2181 2420 Iovis
2211 2385 2423 2419 nomen.

1423 2449 1626 2522 quovt’s
1662 2451 1859 2501 mentio
1899 2451 2057 2501 etiam
2094 2446 2238 2520 apud
2270 2446 2424 2501 ovid.

1419 2534 1556 2585 Fast.
1583 2533 1684 2598 111,
1709 2530 1815 2600 429
1839 2548 1985 2602 seqq.
2015 2531 2107 2602 qui
2126 2530 2314 2581 Jovem
2334 2532 2430 2601 ju·-

1419 2630 1607 2666 venem
1637 2613 2037 2684 interpretatur,
2064 2622 2125 2662 ut
2152 2609 2432 2662 videantur

1420 2694 1522 2764 ipsi
1543 2696 1655 2762 jam
1683 2690 1749 2742 de
1784 2691 2164 2761 significatione
2197 2690 2427 2740 nominis

1421 2770 1692 2824 dubitasse
1715 2783 1946 2836 veteres»,
1967 2767 2113 2840 quod
2137 2770 2295 2821 etiam
2319 2770 2427 2838 sig-

1421 2849 1602 2902 nificat
1627 2850 1735 2904 Cic.
1767 2848 1834 2900 de
1863 2851 1984 2902 Nat.
2016 2851 2174 2901 Deor.
2206 2849 2307 2913 111,
2339 2847 2428 2913 24..

1425 2929 1481 2985 V
1474 2929 1629 3001 ςῘουίε
1678 2928 1892 2999 quidem
1943 2927 2200 2999 templum
2246 2929 2428 2979 Roma}

1423 3022 1559 3070 erat3
1583 3007 1783 3080 D‘y‘ovis
1804 3010 1963 3060 etiam
1986 3007 2265 3058 obscurius
2282 3006 2428 3058 vide-

1423 3101 1509 3139 tur
1531 3106 1730 3140 numen
1752 3089 1914 3140 fuisse
1929 3125 1947 3153 ‚
1970 3099 2320 3138 memoratum
2342 3100 2425 3137 ta-

1422 3186 1543 3220 men
1569 3169 1796 3219 Varroni
1827 3184 1938 3219 non
1970 3165 2161 3233 semel,
2194 3179 2247 3217 et
2280 3184 2309 3217 a
2343 3166 2428 3225 die

1420 3249 1704 3319 repetitum
1717 3247 1784 3300 de
1798 3249 1855 3300 L.
1867 3249 1924 3299 L.
1937 3246 2027 3299 lib.
2039 3249 2128 3312 lv,
2141 3266 2196 3321 p.
2217 3264 2301 3299 20.
2318 3248 2426 3300 Cae-

1421 3341 1592 3380 terum
1606 3329 1628 3380 1
1641 3330 1698 3379 in
1711 3331 1754 3381 E
1772 3341 1981 3382 mutatae
1999 3327 2165 3380 multa
2186 3329 2430 3401 exempla

1421 3411 1477 3461 in
1514 3409 1742 3479 antiquis
1779 3406 2158 3475 marmoribus,
2194 3428 2244 3461 v.
2285 3429 2331 3462 c.
2370 3412 2429 3462 in

1421 3488 1583 3542 Duilii
1611 3487 1861 3542 columna
1888 3502 2115 3541 rostrata
2143 3492 2424 3560 mucheas,

1422 3568 1677 3634 navibus,
1708 3579 1932 3634 exemet,
1969 3571 2175 3622 exemit.
2209 3572 2426 3622 Retine-

1421 3648 1553 3701 bant
1574 3651 1850 3720 antiquum
1874 3667 2104 3717 morem,
2130 3663 2187 3702 ut
2209 3651 2295 3716 fit,
2317 3669 2428 3702 rus-

1422 3730 1543 3794 tici,
1579 3746 1715 3799 quos
1754 3747 1900 3780 veam
1935 3748 2033 3800 pro
2071 3731 2151 3781 via
2166 3767 2185 3795 ‚
2223 3747 2427 3800 specum

1420 3826 1520 3881 pro
1553 3810 1699 3881 spica
1732 3809 1922 3862 dixisse
1955 3823 2131 3861 narrat
2157 3813 2324 3860 Varro
2358 3809 2427 3861 de

1421 3890 1483 3941 R.
1514 3890 1575 3940 R.
1607 3890 1661 3953 1,
1698 3905 1760 3950 2;
1794 3890 1848 3954 1,
1881 3888 1965 3953 48.
1989 3888 2107 3939 Vid.
2140 3900 2193 3939 et
2218 3889 2327 3940 Cic.
2358 3887 2427 3940 de

1423 3970 1568 4021 Orat.
1586 3969 1682 4031 111,
1704 3982 1723 4016 1
1736 3983 1783 4018 2.
1801 3966 2038 4038 Dyovem
2054 3967 2280 4037 eleganti
2299 3985 2427 4021 con·

1419 4051 1625 4119 jectura
1645 4049 1790 4099 Livio
1811 4048 2038 4098 restituit
2055 4048 2311 4100 Henricus
2331 4053 2429 4102 Va-

1421 4126 1581 4178 lesius
1605 4128 1809 4192 XXXI,
1835 4142 1892 4179 21
1916 4164 1932 4190 .,
1964 4141 2021 4178 12
2041 4165 2057 4192 .‚
2081 4127 2176 4179 ubi
2198 4131 2325 4182 mire
2348 4130 2423 4183 le-

1422 4211 1593 4280 gitur:
1620 4229 1642 4254 ι
1661 4206 1933 4278 sedemque
1951 4207 2062 4270 Deo
2078 4208 2204 4261 Jove·
2219 4213 2377 4263 vovit.
2395 4235 2418 4266 n

2111 4314 2144 4369 7
