3200 5150
684 531 1336 603 INSTITUTIONIS
1372 531 1630 598 ORAT.
1672 531 1832 596 LIB.
1874 532 1940 611 1,
1985 553 2043 595 2.

2322 532 2415 600 '63

317 686 535 760 quam
569 657 678 730 vel
711 657 974 758 optime
1009 653 1324 744 dicendi,
1362 652 1730 725 videretur.
1769 652 1904 725 Sed
1938 679 2098 725 mea
2127 652 2418 751 quidem

316 772 654 846 sententia
673 771 922 875 juncta
952 769 1076 841 ista
1099 789 1306 868 atque
1340 767 1711 840 indiscreta
1737 788 1937 856 sunt3
1965 793 2196 867 neque
2225 768 2418 842 enim

316 915 463 962 esse
515 908 902 978 oratorem,
955 878 1089 959 nisi
1139 884 1415 956 bonum
1463 884 1693 955 virum
1721 939 1742 974 ,
1780 882 2028 984 judico
2043 914 2063 974 ;
2108 904 2177 956 et
2225 883 2416 977 fieri,

314 1003 523 1076 etiam
549 1002 604 1075 si
634 1022 861 1103 posset
883 1014 901 1045 ¹
923 1058 943 1092 ‚
970 997 1156 1072 nolo.
1185 1001 1291 1071 De
1314 998 1448 1072 hac
1477 1024 1549 1070 re
1579 998 1789 1097 igitur
1806 999 2037 1097 prius:
2065 1000 2417 1099 corrumpi

316 1144 544 1191 mores
587 1118 659 1190 in
703 1115 958 1190 scholis
1001 1136 1287 1216 putant3
1336 1140 1506 1186 nam
1548 1135 1618 1186 et
1658 1134 2207 1214 corrumpuntur
2244 1114 2422 1188 inte-

314 1234 448 1306 rim
469 1291 487 1323 ,
510 1233 631 1307 sed
652 1232 845 1306 domi
865 1258 1170 1332 quoque.
1193 1234 1494 1303 Assunt²
1518 1228 1744 1303 multa
1765 1228 1917 1333 ejus
1943 1230 2037 1302 rei
2067 1229 2418 1331 exempla,

312 1371 457 1422 tam
492 1348 667 1422 laesoe
700 1347 970 1438 hercle,
1001 1373 1217 1446 quam
1252 1367 1667 1418 conservatae
1700 1344 2127 1419 sanctissime
2159 1346 2421 1418 utrobi-

312 1492 453 1565 que
477 1463 829 1565 opinionis
849 1461 903 1535 3.
934 1464 1197 1535 Natura
1223 1461 1567 1563 cujusque
1596 1481 1823 1534 totum
1856 1487 2162 1560 curaque
2192 1461 2414 1534 distat.

311 1582 421 1653 Da
468 1602 782 1653 mentem
825 1579 913 1653 ad
959 1577 1198 1679 pejora
1236 1576 1556 1667 facilem,
1603 1576 1694 1648 da
1735 1576 2234 1675 negligentiam
2276 1579 2424 1650 for-

311 1695 556 1768 mandi
611 1693 1186 1792 custodiendique
1242 1692 1318 1764 in
1372 1713 1565 1765 aetate
1617 1692 1848 1792 prima
1890 1691 2221 1790 pudoris:
2269 1719 2417 1764 non

308 1811 660 1883 minorem
691 1809 963 1909 flagitiis
995 1807 1432 1881 occasionem
1463 1828 1721 1879 secreta
1748 1805 2210 1907 proebuerint3
2247 1832 2417 1880 nam

310 1948 380 1998 et
424 1951 569 1999 esse
616 1944 839 2024 potest
877 1918 1147 2023 turpis-»4
1198 1922 1620 1996 domesticus
1660 1920 1775 1993 ille
1823 1941 2241 2021 praeceptor,
2285 1946 2416 1995 nec

310 2041 521 2113 tutior
544 2038 573 2086 ⁵
607 2040 786 2111 inter
816 2064 1043 2111 servos
1072 2037 1326 2127 malost,
1360 2063 1575 2137 quam
1611 2037 1955 2136 ingenuos
1984 2063 2235 2136 parum
2265 2065 2419 2111 mo-

311 2151 592 2229 destos⁶
634 2153 1060 2228 conversatio
1103 2174 1223 2227 est.
1268 2154 1360 2225 At
1394 2153 1449 2224 si
1500 2152 1692 2224 bona
1738 2150 1952 2252 ipsius
1994 2150 2264 2226 indoles
2285 2211 2306 2245 ,
2356 2153 2414 2227 si

385 2370 431 2407 1.
453 2353 633 2405 Etiam
651 2353 695 2406 si
708 2361 892 2425 posset.
906 2355 1061 2405 Voss.
1084 2353 1137 2418 3,
1151 2350 1316 2405 Gothi

306 2432 445 2503 (tac.
483 2433 681 2505 Gesn.)
720 2448 772 2485 et
807 2432 979 2486 Guelf.
1014 2446 1074 2484 ut
1106 2445 1159 2484 et
1189 2444 1312 2484 vett.

307 2511 429 2566 edd.
449 2524 631 2586 potest.
655 2516 781 2566 Non
805 2513 957 2566 male.
988 2512 1179 2565 Badius
1206 2514 1316 2585 pri-

306 2607 426 2646 mus
441 2631 459 2660 ‚
489 2607 746 2663 quantum
768 2593 923 2646 video
939 2632 956 2659 ‚
980 2603 1149 2665 posset
1167 2613 1182 2643 .-
1214 2594 1315 2645 nisi

309 2672 455 2744 quod
469 2671 614 2724 Gibs.
631 2672 698 2724 de
713 2675 960 2725 varietate
973 2685 1128 2736 tacet,
1149 2689 1316 2742 quum

306 2753 562 2822 receperit
597 2751 793 2823 posset,
837 2764 897 2803 ut
939 2752 1220 2822 suspiceris
1258 2752 1315 2801 in

307 2828 556 2880 omnibus
590 2831 696 2880 suis
728 2848 851 2881 eum
882 2832 1141 2882 invenisse
1169 2828 1312 2892 1:003

309 2906 457 2979 quod
489 2908 674 2959 saltem
704 2907 773 2960 de
802 2908 994 2961 Aldina
1028 2928 1181 2962 secus
1212 2921 1309 2961 est.

305 2986 567 3040 -codd.
601 3006 784 3042 omnes
816 2991 984 3041 nostri
1013 2991 1175 3060 Regg.
1215 2988 1315 3041 ba-

306 3064 435 3119 bent
451 3077 635 3139 potest.
660 3070 751 3120 En.

380 3166 429 3200 2.
465 3145 670 3200 Ass-unt.
698 3149 843 3199 Jens.
873 3145 1010 3218 (tac.
1040 3143 1239 3218 Gesn.)
1263 3158 1317 3198 et

302 3239 439 3280 sunt.
461 3227 623 3281 Goth.
649 3227 785 3297 (tac.
812 3225 1032 3298 eodem)
1054 3237 1105 3278 et
1125 3226 1315 3280 adsunt

304 3327 428 3360 cum
455 3307 777 3361 editionibus
801 3321 922 3361 ante
949 3308 1107 3360 Gesn.
1139 3309 1313 3359 omni·—

304 3381 406 3440 bus
419 3401 605 3460 praeter
616 3386 745 3442 obv.
763 3389 1016 3439 Nostrum
1028 3405 1058 3438 e
1072 3384 1309 3439 Palatino

302 3487 557 3542 reponere
581 3470 746 3521 suasit
765 3468 1078 3520 Gebhardus
1108 3470 1163 3519 in
1186 3469 1311 3521 Cre-

302 3547 506 3619 pundd.
519 3586 535 3613 ‚
554 3567 609 3618 p.
628 3566 721 3613 ao,
740 3547 1075 3619 improbante
1094 3546 1308 3600 Barthio

301 3625 358 3678 in
382 3625 626 3690 Δῶρι-3.,
650 3644 704 3697 p.
739 3625 889 3692 1430.
914 3624 1082 3678 codd.
1108 3643 1313 3678 memo-

298 3716 485 3754 rantur
506 3702 654 3755 nulli.
679 3703 751 3754 Et
769 3705 1022 3756 omissum
1039 3717 1179 3755 recte
1198 3722 1310 3758 non

298 3794 453 3854 puto.
468 3783 550 3832 Fit
569 3783 708 3832 enim
727 3781 908 3833 timida
927 3795 979 3834 et
994 3783 1310 3852 confragosa

299 3861 489 3911 oratio.
511 3858 701 3910 Assunt
717 3857 827 3929 (vel
846 3859 1035 3912 adsunt
1043 3882 1061 3921 ;
1084 3858 1192 3912 hoc
1211 3878 1308 3912 au-

299 3950 406 3991 tem
429 3935 656 3988 arbitror
686 3954 750 3990 ex
784 3947 836 3987 et
865 3937 1054 4009 sunt),
1087 3956 1156 3990 an
1186 3949 1310 3990 mut

295 4015 556 4068 scribatur
574 4032 763 4086 parum
780 4015 962 4081 refert,
984 4033 1306 4088 quamquam

292 4095 429 4149 illud
450 4095 703 4166 exemplis
730 4094 1098 4148 commendare
1126 4096 1304 4149 studet

294 4175 465 4228 Gebh.
483 4179 559 4228 Ita
574 4174 750 4248 Spald.
774 4178 828 4228 in
846 4173 1302 4229 emendationibus

1402 2352 1512 2402 RB.
1544 2367 1598 2416 1,
1628 2367 1685 2415 ι,
1714 2349 1776 2415 3,
1803 2362 1856 2402 et
1884 2346 2004 2401 edd.
2035 2346 2336 2416 nonnulle,
2364 2362 2415 2403 et

1401 2441 1540 2494 sunt,
1554 2431 1700 2501 quod
1713 2430 1962 2482 libentius
1978 2449 2304 2502 reponerem.
2317 2436 2409 2486 En.

1476 2511 1526 2563 3.
1558 2511 1847 2584 opinionis.
1873 2512 2308 2580 Existimationis,
2331 2512 2412 2565 fa-

1403 2608 1531 2653 mae3
1572 2592 1847 2662 ipsiusque
1887 2588 2021 2642 adeo
2060 2591 2375 2644 innocentiae
2393 2630 2414 2660 ,

1403 2669 1546 2722 unde
1570 2669 1715 2723 bona
1740 2671 1896 2723 fama.
1916 2669 2040 2725 Vi&
2063 2672 2136 2737 11,
2171 2688 2262 2738 ια,
2288 2670 2339 2726 5.

1475 2750 1526 2816 4.
1556 2752 1631 2801 Et
1652 2769 1753 2802 esse
1774 2760 1943 2823 potest
1968 2750 2144 2823 utu-pis.
2174 2750 2305 2806 Obr.
2335 2755 2414 2805 sie

1403 2828 1634 2881 collocat
1655 2828 1813 2882 verba
1835 2827 1949 2881 haec
1966 2851 1979 2881 ε
1999 2839 2052 2881 et
2070 2830 2234 2903 turpis
2245 2841 2415 2902 potest

1401 2926 1516 2959 esse.
1557 2907 1731 2959 Guelf.
1770 2920 1946 2960 autem
1980 2905 2088 2960 hoc
2123 2907 2287 2961 modo
2310 2931 2323 2961 ε
2361 2921 2416 2961 et

1396 2996 1563 3058 potest
1576 2986 1739 3059 turpis
1751 3004 1866 3040 ene.
1888 2986 2410 3059 naecaimplicisaima

1398 3063 1607 3116 videtur
1628 3067 1782 3116 ratio.

1472 3143 1523 3196 5.
1538 3145 1612 3195 Et
1623 3162 1778 3198 esse...
1794 3162 1889 3197 nec
1901 3144 2074 3196 tutior.
2090 3145 2233 3198 Inest
2246 3157 2415 3198 strue·

1400 3234 1517 3274 tura
1562 3224 1838 3293 geminate
1882 3225 2274 3295 conjunctionis
2319 3235 2372 3277 et
2387 3263 2406 3292 ‚

1402 3319 1628 3372 quarum
1652 3303 1917 3372 posterior
1942 3300 2071 3354 latet
2096 3303 2154 3353 in
2183 3320 2293 3356 nec.
2326 3306 2410 3360 De

1400 3378 1751 3432 commodiori
1781 3378 1967 3431 ordine
1996 3378 2189 3431 horum
2213 3381 2410 3435 verbo-

1398 3477 1519 3511 rum
1538 3458 1659 3511 vide
1681 3460 2009 3532 superiorem
2029 3471 2230 3512 notam.

1470 3537 1522 3590 6.
1552 3539 1751 3590 Parum
1779 3536 2044 3590 modestos.
2077 3537 2304 3592 Modesti
2329 3539 2410 3593 la·-

1397 3620 1503 3670 tius
1539 3617 1628 3670 hic
1658 3618 1903 3671 videntur
1937 3618 2075 3684 dici,
2109 3637 2270 3691 quam
2305 3639 2405 3692 pro

1396 3713 1572 3772 etymo
1589 3738 1607 3766 ,
1630 3699 1725 3752 ubi
1748 3699 1892 3752 solus
1915 3700 2025 3751 fere
2047 3698 2224 3771 pudor
2249 3699 2406 3752 intel-

1395 3779 1603 3850 ligitur3
1629 3779 1695 3831 de
1719 3781 1960 3832 universa
1983 3781 2143 3831 animi
2166 3778 2404 3835 bonitate

1394 3856 1661 3909 interdum
1672 3858 1855 3910 Graeco
1872 3875 2019 3909 more
2034 3870 2292 3928 usurpant
2304 3859 2405 3911 La-

1396 3940 1518 4004 tini,
1543 3951 1602 3989 ut
1625 3950 1679 3990 et
1700 3937 1834 3989 infra
1855 3938 1944 4001 lv,
1967 3955 2026 4002 2,
2053 3953 2178 4002 100,
2202 3937 2402 3991 modes-

1395 4028 1506 4069 tum
1519 4017 1750 4089 fictum·
1775 4019 1842 4068 Et
1858 4016 1970 4067 Cic.
1987 4018 2044 4068 in
2062 4019 2206 4068 Verr.
2232 4015 2323 4069 lib.
2351 4019 2400 4085 1,

1393 4098 1492 4170 47:
1526 4121 1549 4145 α
1573 4098 1622 4150 0
1645 4096 1932 4149 modestum
1960 4095 2229 4162 ordinem,
2254 4098 2398 4169 quod

1399 4201 1422 4223 ι
1440 4177 1584 4229 illinc
1611 4178 1761 4228 vivus
1789 4176 2040 4227 surrexit!
2063 4201 2085 4222 o
2119 4176 2203 4228 Sic
2230 4176 2398 4229 Greci

296 4258 431 4330 suis,
456 4258 600 4310 Praef.
626 4277 680 4330 p.
707 4258 790 4328 73.
814 4286 884 4298 —
904 4256 1106 4310 Assum.
1129 4256 1299 4310 codd.
1384 4251 1588 4327 pia-puer,
1625 4254 1803 4308 innui*
1832 4253 2032 4306 dicunt.
2071 4250 2166 4324 (Τό
2206 4250 2397 4310 ἐπιεικὴς

2492 1014 2528 1079 4

2491 2163 2527 2217 5
