3200 5150
1136 444 1651 513 PRAEFA‘rlo.
2309 449 2439 540 xvij

355 567 471 661 (P.
509 566 796 661 DIDOT)
837 564 1190 641 mirabilis
1231 569 1591 641 industria
1624 568 2131 643 characterum
2167 569 2454 644 formas

352 690 422 752 et
466 698 797 757 caeteram
837 689 1008 757 artis
1053 709 1205 758 suae
1247 685 1771 785 supellectilem
1817 691 1917 759 ita
1958 687 2319 786 disponit,
2361 704 2452 760 ut

352 814 664 896 angusto
697 804 928 899 spatio
963 826 1307 900 magnam
1338 802 1735 875 verborum
1769 807 1919 874 vim
1955 808 2235 902 egregie
2267 830 2449 877 con-

350 911 623 985 trahat:
654 914 849 987 idem
874 920 1009 988 erit
1036 916 1128 988 de
1152 917 1626 1016 sequentibus
1651 918 2092 1012 Quintiliani
2119 921 2395 991 Tomis.

447 1030 667 1105 Nunc
706 1029 848 1103 alia
890 1036 1240 1131 gravioris
1276 1038 1640 1105 momenti
1681 1050 1787 1124 te,
1831 1038 2093 1107 Lector
2131 1034 2448 1124 erudite,

349 1147 725 1216 monitum
760 1145 931 1221 volo
960 1174 975 1218 ε
1011 1145 1238 1246 hujus
1276 1145 1748 1221 Collectionis
1782 1174 1946 1221 vere
1979 1148 2310 1223 Classicae
2343 1135 2466 1251 di<

350 1256 869 1359 ligentissimus
898 1279 1179 1352 auctor,
1210 1264 1341 1362 qui
1377 1263 1566 1337 nihil
1598 1281 1849 1338 actum
1884 1265 2148 1355 credit,
2177 1271 2236 1338 si
2268 1264 2458 1366 quid

352 1378 757 1473 pretiosum
787 1394 914 1449 aut
948 1378 1312 1451 ineditum
1345 1377 1552 1451 hunc
1588 1378 1782 1479 fugit
1803 1437 1822 1470 ,
1858 1379 2065 1479 quod
2099 1379 2192 1451 ad
2227 1406 2453 1452 suum

356 1485 586 1561 finem
637 1491 979 1588 prodesse
1028 1509 1246 1591 queat
1272 1548 1291 1582 ‚
1342 1496 1790 1567 immensum
1841 1520 2073 1595 prope
2124 1493 2453 1568 laborem

355 1603 709 1703 singulari
746 1606 1083 1680 doctrina
1113 1624 1180 1684 et
1213 1608 1584 1681 diuturnis
1620 1608 2303 1684 elucubrationibus
2335 1635 2457 1681 ex·-

357 1718 704 1793 sudatum
761 1720 852 1792 de
897 1720 1342 1816 Quintiliani
1390 1727 1674 1823 integro
1730 1740 1929 1795 textu
1975 1713 2449 1824 comparavit.

356 1836 590 1909 Nemo
614 1835 755 1908 fuit
778 1840 1124 1937 tantisper
1146 1841 1224 1908 in
1245 1841 1693 1911 PAmsmnsts
1714 1839 2291 1914 Umvmzsrra‘rls
2314 1854 2459 1910 sta-

358 1950 484 2024 dio
514 1969 867 2043 versatae,
902 1969 1209 2025 exeunte
1230 1957 1571 2053 proximo
1596 1952 1845 2027 seculo
1863 2010 1883 2044 ,
1908 1958 2040 2054 qui
2065 1979 2222 2027 non
2248 1979 2459 2027 nove-

358 2069 452 2140 rit
474 2066 1029 2142 eeleberrimum
1049 2068 1442 2143 rhetorices
1465 2069 1946 2169 professorem
1961 2127 1982 2160 ,
2005 2070 2095 2140 D.
2121 2070 2456 2159 VchmE,

359 2187 568 2255 omni
600 2184 1032 2257 eruditionis
1070 2209 1370 2284 genere,
1404 2190 1728 2285 ingenua
1760 2209 2063 2258 morum
2100 2181 2459 2282 simplici—

358 2315 539 2390 tate,
585 2316 652 2372 et
695 2301 931 2400 rigida
971 2299 1398 2378 officiorum
1438 2298 1962 2399 religionisque
2002 2299 2480 2393 observantia¹

361 2414 1064 2488 commendabilem:
1096 2419 1227 2515 qui
1247 2414 1549 2516 quidem
1581 2430 1830 2488 orator
1854 2417 2165 2486 eximius
2180 2470 2199 2503 ,
2219 2439 2461 2513 quum

361 2553 715 2630 pompam
745 2547 814 2605 et
839 2545 1228 2631 apparatus
1255 2529 1727 2630 splendorem
1751 2532 2209 2630 requirerent
2231 2513 2472 2601 solen-⁹

364 2671 491 2717 nes
531 2645 887 2720 festorum
927 2647 1541 2721 Academicorum
1585 2649 2022 2734 conciones,
2064 2644 2249 2717 adeo
2286 2670 2462 2717 cum

365 2761 765 2837 verborum
801 2766 1296 2836 concinnitate
1338 2765 1863 2835 sententiarum
1900 2760 2466 2833 accommodare

366 2880 824 2975 gravitatem,
860 2903 1262 2977 omnesque
1299 2876 1671 2950 latinitatis
1709 2874 1925 2948 flores
1958 2873 2279 2947 delibare
2315 2872 2468 2946 cal-

368 2990 542 3080 luit,
574 3008 699 3081 ut,
728 2993 932 3092 quod
961 2996 1279 3092 antiquis
1308 2992 1770 3091 peculiariter
1796 3006 2242 3063 reservatum
2275 2988 2468 3062 vide-

366 3105 608 3197 batur,
640 3107 1013 3205 decerptos
1041 3132 1123 3179 ex
1158 3104 1354 3178 illius
1383 3110 1665 3205 scriptis
1693 3104 1895 3179 locos
1929 3109 2006 3176 in
2036 3102 2474 3176 scholarum.

369 3221 803 3321 exemplaria
832 3224 1155 3322 magistri
1189 3235 1705 3320 proponerent.
1736 3220 1884 3289 Nee
1914 3222 2288 3290 minorem
2311 3209 2475 3317 glo-‘-

370 3340 495 3409 riae
529 3337 830 3410 titulum
864 3342 929 3409 ei
958 3336 1274 3411 contulit
1304 3336 1588 3411 editum
1626 3333 1989 3407 volumen
2017 3333 2110 3406 de
2144 3336 2222 3409 V
2212 3333 2471 3433 irqilia-

372 3479 463 3524 na
500 3453 824 3526 AEneidos
858 3452 1164 3552 αηαζγείς
1196 3456 1351 3542 cui,
1382 3469 1466 3524 ut
1504 3449 1842 3523 ultimam
1872 3453 2290 3549 imponeret
2311 3475 2475 3521 ma·-

375 3593 591 3657 num,
620 3567 716 3640 ad
744 3572 1089 3668 antiquos
1121 3582 1191 3638 et
1221 3566 1633 3640 uberrimos
1671 3562 1912 3637 fontes
1937 3559 2471 3649 recurrendum

374 3679 545 3771 fuit,
576 3682 779 3756 unde
801 3699 909 3755 tot
931 3699 1000 3755 et
1026 3699 1257 3755 tantas
1287 3707 1457 3782 opes
1481 3680 1824 3753 hauserat
1842 3679 2216 3780 Virgilius,
2238 3680 2436 3750 Tum
2453 3732 2472 3767 ,

373 3813 765 3897 postquam
792 3799 1088 3895 Dictyos
1111 3798 1468 3872 Cretensis
1497 3796 1869 3885 historias„
1892 3794 2506 3894 Homeri-Hesio·-

376 3912 598 4011 dique
615 3916 973 4002 carmina,
1006 3917 1535 4012 scriptoresque
1567 3936 1825 3985 omnes
1854 3910 2158 3999 evolvit,
2187 3912 2320 4010 qui
2351 3934 2475 3981 ve-

376 4044 599 4099 terem
659 4028 960 4100 Graeciae
1021 4045 1089 4100 et
1144 4026 1367 4100 Italiae
1416 4030 1852 4104 memoniam
1911 4028 2207 4098 scrutati
2259 4041 2433 4097 sunt
2453 4013 2504 4116 5'

379 4140 803 4226 absolutum
834 4143 1063 4226 edidit
1088 4168 1313 4243 opus„
1347 4143 1551 4244 quod
1585 4164 1744 4216 non
1771 4139 2003 4215 modo
2038 4144 2120 4213 in
2145 4138 2476 4216 fructum

596 4278 642 4315 ι.
2164 4256 2195 4308 ὀ
