3200 5150
540 475 545 480 ’
603 477 1254 544 INSTITU'I'IONIS
1289 478 1544 545 ORAT.
1584 480 1746 547 LIB.
1789 482 1920 562 111,
1963 506 2024 571 7.

2231 485 2360 560 513

281 596 435 670 dam
479 598 665 672 bona
704 597 883 671 vitiis
919 620 1243 699 corrupta
1275 601 1517 672 odium
1548 600 1967 692 attulerunt3
1998 624 2080 676 ut
2102 618 2122 650 ¹
2153 606 2362 678 Nirea

277 712 1182 802 imbellem,·Plisthenem²
1222 715 1706 814 impudicum,
1746 744 1788 789 a
1831 719 2049 816 poetis
2086 722 2363 820 accepi—

279 862 881 931 Codicibns‚utvidetur‚
898 863 1163 931 omnibus,
1177 866 1274 917 etsi
1360 863 1547 938 Gesn.)
1570 865 1863 938 plistiam,
1890 886 2011 919 cum
2034 868 2211 922 multis
2237 869 2362 924 edd.

278 946 425 997 Voss.
446 942 664 997 silentur
682 962 712 996 a
731 946 903 997 Burm.
926 947 1018 1015 qui
1035 963 1161 997 sane
1179 944 1276 997 dc-
1360 956 1485 996 vett.
1502 983 1520 1011 ,
1561 958 1782 1017 excepta
1822 947 1975 998 Tarv.
1992 985 2011 1014 ,
2049 966 2164 1020 quae
2205 948 2369 1002 habet

278 1021 435 1075 bebat
458 1042 550 1075 eos
572 1024 825 1075 facientes
851 1042 974 1074 cum
997 1042 1091 1076 sua
1110 1026 1273 1096 scrip-
1357 1026 1556 1094 justam
1573 1023 2024 1097 orthographiam.
2042 1027 2108 1078 Et
2125 1030 2370 1093 novimus

278 1113 390 1153 tura
423 1119 834 1155 commemorare
867 1098 1074 1153 diserte.
1112 1102 1273 1153 Editt.

277 1182 399 1236 item
430 1199 613 1234 omnes
645 1194 766 1233 ante
797 1180 1141 1234 Obrechtum.
1176 1183 1273 1238 Hic
1306 1219 1311 1226 -

277 1263 472 1332 primus
492 1260 637 1313 dedit
655 1263 934 1323 Nostrum3
960 1264 1005 1315 si
1028 1282 1057 1314 e
1080 1261 1276 1315 Codice

278 1358 402 1406 suo,
419 1342 686 1412 praestanti
704 1340 824 1407 illo,
845 1343 925 1393 sin
947 1359 1009 1394 ex
1033 1343 1275 1412 ingenio,

278 1417 495 1471 multam
538 1418 750 1472 laudem
796 1433 1026 1472 meretur
1064 1423 1276 1473 verissi-

277 1518 362 1551 ma
386 1503 721 1571 conjectura,
746 1517 905 1570 quam
928 1502 1128 1572 recepit
1152 1512 1279 1571 post

279 1599 399 1632 eum
416 1581 589 1632 Burm.
609 1598 774 1650 quum
790 1578 1031 1632 Rollinus
1049 1581 1284 1651 priorem-

278 1660 586 1730 scripturam
608 1672 925 1712 revocasset.
949 1660 1083 1711 Cum
1102 1660 1274 1711 num.

278 1738 476 1791 faciunt
498 1740 833 1812 Capperonn.
854 1736 986 1808 (non
1005 1750 1279 1790 assecutus

278 1821 629 1891 praestantiam
648 1821 761 1890 ejus
773 1856 790 1883 ‚
805 1831 862 1870 ut
876 1816 1098 1883 videtur,
1116 1834 1281 1887 quum

278 1899 455 1949 rursus
507 1909 687 1969 crepet
737 1896 820 1948 ed.
869 1893 1283 1967 Stephanianam

280 1994 455 2040 suam,
484 1975 699 2028 dantem
724 1985 782 2027 at
813 1992 945 2026 vero.
978 1975 1197 2027 Confert
1225 1976 1281 2040 1,

280 2054 341 2120 6,
363 2055 451 2118 13,
464 2052 751 2105 ludibrium
766 2052 965 2105 debens
982 2054 1280 2106 Burmanno

278 2135 334 2186 in
356 2135 550 2205 Epist.,
576 2152 627 2204 p.
658 2131 766 2204 at.)
792 2133 955 2185 Gesn.
981 2133 1097 2203 Bip.
1127 2134 1283 2202 Mag-

279 2229 400 2263 nam
415 2209 577 2263 habet
589 2209 1107 2263 commendationem
1121 2213 1283 2283 scrip-

279 2304 396 2343 tura
433 2303 615 2343 nostra
646 2308 677 2342 e
708 2291 1098 2356 concinnitate,
1133 2307 1285 2360 quae,

277 2382 339 2422 ut
361 2387 484 2422 mox
508 2382 633 2423 sunt
660 2370 849 2421 Nireus
878 2381 930 2420 et
957 2368 1247 2421 Plisthenes
1262 2407 1280 2435 ,

277 2450 351 2501 ita
375 2461 429 2501 et
449 2447 536 2500 hic
558 2447 665 2500 duo
688 2450 866 2520 poscit
886 2447 1141 2519 exempla.
1167 2447 1281 2506 Arl-

275 2531 462 2599 juvant
484 2546 601 2581 eam
622 2540 870 2599 praeterea
892 2525 1001 2579 duo
1024 2527 1283 2598 antiquis-

281 2609 399 2660 simi
429 2606 597 2659 codd.
632 2607 770 2658 Atm.
805 2620 858 2657 et
884 2608 1060 2658 Tui-ic.
1093 2606 1280 2658 dantes

279 2686 393 2738 hec
416 2685 615 2757 :utqui
634 2682 798 2755 fiere,
832 2687 887 2736 in
921 2684 1112 2755 quibus
1146 2702 1281 2736 vem

281 2765 522 2823 lectionis
535 2765 750 2833 vestigia
765 2762 927 2816 latere
942 2776 1087 2817 recte
1101 2776 1283 2815 monet

280 2846 454 2896 But-m.
469 2881 487 2908 ‚
503 2860 667 2913 quum
680 2844 930 2894 Francius
947 2841 1283 2913 proletariam

279 2922 403 2975 inde
428 2920 714 2974 extudisset
732 2918 1182 2975 emendationem:
1208 2929 1285 2979 at?

282 3004 376 3076 qui
410 3003 543 3074 fere.
586 2999 773 3055 Obiter
811 2997 1041 3051 monebo
1081 3017 1180 3069 pro
1222 3008 1283 3049 ut

283 3094 406 3134 ante
428 3080 599 3132 Ther-s.
621 3078 794 3131 Guelf.
821 3091 875 3130 et
895 3079 1069 3131 Turic-
1095 3075 1170 3147 (et
1193 3075 1276 3129 ed.

281 3160 469 3231 mur.)
486 3160 728 3231 praeferre
744 3158 899 3221 sicut,
923 3155 1068 3227 quod
1085 3155 1277 3227 placet.

278 3239 441 3310 Quod
464 3251 642 3292 autem
660 3238 714 3289 in
734 3254 831 3310 pro
851 3245 911 3288 ut
926 3236 1085 3288 Gesn.
1107 3248 1283 3287 narrat

282 3338 399 3373 esse
421 3322 477 3372 in
498 3317 660 3371 Goth.
684 3331 738 3370 et
756 3318 930 3382 δραι,
952 3318 1008 3367 in
1027 3316 1284 3386 posterio-

282 3418 340 3450 re
373 3397 600 3461 fallitur3
629 3398 687 3448 in
717 3397 894 3467 priore
925 3395 970 3447 si
995 3406 1107 3458 est,
1136 3391 1282 3464 quod

281 3478 337 3528 in
374 3490 615 3529 neutram
650 3487 853 3547 partem
887 3485 1034 3525 certo
1069 3472 1244 3523 dicam
1263 3507 1281 3536 ,

239 3620 249 3626 -
280 3553 461 3606 nullus
488 3553 801 3623 astipulatur
825 3549 976 3603 liber.
1005 3579 1077 3590 —
1102 3549 1282 3602 Nostri

284 3648 502 3702 quoque
521 3631 690 3685 codd.
718 3629 918 3681 hahent
938 3639 997 3680 at
1022 3646 1154 3681 vero.
1180 3626 1277 3681 Ed.

284 3712 449 3764 Cnn’.
466 3748 484 3777 ,
527 3710 675 3781 atqui
707 3709 877 3779 fiam.
924 3711 1017 3762 En.
1064 3739 1136 3749 —
1174 3709 1280 3760 Iro.

280 3789 476 3863 odyss.
500 3790 693 3853 XVIII,
723 3788 902 3843 1-106.

364 3887 410 3921 1.
439 3868 618 3921 Nirea.
642 3863 788 3919 Iliad.
813 3867 887 3931 ΙΙ,
909 3862 1127 3934 673-75.

360 3966 411 4001 n.
439 3944 772 3999 Plisthenem.
801 3946 863 3996 ln
887 3942 1025 3996 hanc
1056 3946 1282 4015 scriptu-

284 4048 402 4081 ram
422 4027 542 4079 libri
563 4025 901 4078 consentiunt
922 4041 1104 4075 omnes
1117 4060 1135 4089 ,
1163 4040 1285 4075 cum

286 4107 391 4159 levi
418 4120 592 4159 tamen
620 4103 987 4168 fluctuatione,
1008 4098 1151 4153 velut
1172 4103 1284 4154 Tu-

286 4189 379 4237 ric.
401 4186 713 4257 philumeni,
733 4180 893 4235 Goth.
918 4193 975 4234 et
992 4180 1135 4232 Jens.
1158 4177 1283 4249 (tac.

1364 1100 1577 1171 quidem
1592 1099 1938 1171 Plisthenem,
1956 1107 2044 1176 qui
2063 1123 2205 1158 nunc
2220 1108 2371 1158 Atrei

1362 1180 1528 1246 filius,
1553 1194 1707 1252 pater
1732 1184 2144 1252 Agamemnonis
2171 1198 2225 1238 et
2251 1187 2371 1238 Me-

1363 1258 1528 1326 nelai,
1548 1259 1759 1327 dicitur,
1779 1281 1920 1314 nunc
1940 1262 2183 1336 Thyeste
2201 1263 2369 1332 filius,

1364 1341 1527 1411 patris
1564 1339 1736 1412 epulis
1769 1344 2044 1413 appositus
2081 1342 2149 1395 ab
2185 1345 2368 1398 Atreo.

1364 1418 1513 1474 Nihil
1538 1431 1714 1471 tamen
1737 1436 1964 1490 usquam
1985 1419 2053 1473 de
2076 1439 2141 1474 eo
2165 1439 2374 1478 memo-

1366 1510 1527 1563 ratur,
1553 1496 1700 1568 quod
1722 1498 1790 1550 ad
1812 1499 2194 1570 impudicitiam
2217 1520 2376 1574 spec-

1367 1589 1468 1639 tet,
1488 1594 1613 1628 nam
1632 1576 1777 1648 quod
1795 1577 1974 1643 Vana,
1997 1591 2121 1649 post
2144 1597 2375 1651 eumque

1366 1657 1559 1726 Regius
1579 1695 1596 1722 ‚
1652 1668 1828 1710 narrat
1848 1695 1866 1722 ,
1914 1674 2011 1728 per
2057 1657 2378 1714 adulterium

1367 1734 1530 1788 fnisse
1548 1737 1958 1804 Agamemnonis
1979 1749 2032 1787 et
2043 1736 2274 1792 Menelai
2286 1755 2377 1809 pa—

1368 1826 1528 1877 trem,
1549 1812 1603 1864 id
1623 1816 1736 1866 sine
1754 1827 1970 1867 auctore
1991 1814 2234 1868 videntur
2249 1835 2378 1888 pro—

1367 1890 1510 1945 dere.
1535 1894 1593 1944 ln
1613 1891 1716 1946 hac
1734 1905 1908 1946 rerum
1931 1893 2210 1948 Plisthenis
2228 1898 2377 1966 igno-

1367 1974 1536 2025 rantia
1547 2009 1565 2038 ,
1578 1972 1805 2043 probata
1818 1974 1920 2026 fuit
1934 1974 2252 2045 quibusdam
2263 1979 2376 2029 VV.

1368 2053 1481 2104 DD.
1526 2056 1836 2124 conjectura
1852 2091 1870 2118 ‚
1913 2057 2066 2124 cujus
2103 2067 2377 2107 auctorem

1370 2132 1613 2202 suspicor
1630 2130 1970 2184 Philandrum
1981 2129 2108 2202 (nisi
2119 2133 2257 2188 forte
2272 2135 2377 2185 fuit

1370 2208 1615 2262 Brodoeus
1631 2208 1700 2263 ad
1712 2209 1932 2263 Anthol.
1948 2212 2019 2277 11,
2035 2211 2091 2282 5)
2108 2228 2376 2282 reponen-

1369 2286 1424 2339 di
1447 2287 1755 2344 Clisthenem
1774 2307 1874 2360 pro
1892 2287 2230 2344 Plisthenem.
2250 2290 2378 2344 ctia-

1370 2366 1563 2422 sstem
1576 2369 1719 2422 enim
1743 2367 1811 2421 ab
1835 2367 2189 2440 Aristophane
2209 2368 2375 2440 pluri·

1368 2447 1467 2498 mis
1494 2444 1626 2498 locis
1651 2444 1791 2515 (quae
1818 2458 2044 2516 possunt
2070 2448 2291 2500 inveniri
2316 2450 2374 2500 in

1368 2522 1545 2575 Indice
1570 2522 1922 2597 Brunckiano)
1943 2524 2215 2583 vellicatur
2236 2539 2372 2583 tam-

1370 2620 1533 2672 quam
1543 2601 1707 2655 homo
1723 2604 2082 2669 effeminatus,
2100 2617 2172 2672 et,
2182 2619 2243 2659 ut
2255 2607 2371 2661 Sui-

1368 2680 1464 2737 dn
1482 2682 1642 2737 refert
1657 2700 1720 2735 ex
1728 2682 2097 2756 Aristophanis
2112 2684 2371 2739 scholias-

1371 2772 1442 2824 te,
1458 2758 1536 2809 iv}
1549 2760 1779 2823 arachi-‚2
1791 2759 2153 2825 cmc-emim,
2165 2781 2273 2833 quo
2288 2783 2372 2818 ac-

1370 2836 1536 2902 cedit,
1556 2836 1705 2908 quod
1721 2838 1907 2889 iisdem
1927 2839 2232 2892 auctoribus
2245 2842 2372 2894 Cra-

1370 2916 1511 2969 tinus
1522 2915 2376 2991 quoquedmiliaineumoonjecit

1368 2993 1616 3061 dicteria,
1637 3008 1698 3046 ut
1717 2997 1776 3047 in
1796 2995 2370 3067 proverbium.tandem

1367 3073 1535 3129 abiret
1579 3070 1860 3130 Κλεισθένους
1904 3072 2244 3144 einp-tivum.
2292 3079 2371 3131 Ita

1369 3152 1459 3216 fit,
1479 3165 1538 3205 ut
1565 3154 1831 3224 aptissime
1856 3152 2094 3209 videatur
2122 3157 2168 3208 is
2201 3153 2308 3209 dici
2335 3174 2372 3209 a

1368 3231 1542 3302 poetis
1554 3230 1798 3301 proditus
1812 3231 2110 3303 impudicus
2120 3272 2138 3300 ,
2153 3236 2246 3306 qui
2255 3236 2371 3287 fue—

1368 3312 1437 3363 rit
1474 3312 1664 3363 veteris
1703 3310 1972 3363 comoediae
2011 3310 2210 3366 salibus
2244 3332 2369 3384 per-

1367 3390 1579 3452 strictum
1598 3391 1700 3445 nisi
1714 3388 1861 3460 quod
1877 3392 1930 3441 in
1949 3391 2239 3445 Homericis
2259 3394 2371 3445 istis

1368 3470 1611 3542 personis
1630 3506 1648 3533 ‚
1691 3469 1930 3525 Thersite
1949 3508 1967 3535 ,
2007 3471 2091 3523 Iro
2106 3508 2124 3537 ,
2169 3473 2332 3525 Nireo
2351 3509 2371 3539 ,

1369 3546 1589 3601 alienior
1613 3551 1784 3620 possit
1806 3550 1982 3620 putari
2002 3549 2392 3622 Aristophanis,

1369 3625 1600 3697 equalis.
1629 3626 1919 3698 Diligenter
1940 3631 2108 3696 enim,
2132 3628 2279 3700 quod
2300 3629 2371 3681 ad
2463 3616 2472 3625 ⁵

1370 3706 1572 3759 Comici
1597 3707 1733 3758 Aves
1749 3744 1766 3771 ,
1788 3725 1836 3758 v.
1868 3706 2002 3773 828,
2031 3721 2214 3760 monet
2237 3710 2370 3759 Bec-

1367 3782 1488 3836 kius
1504 3787 1568 3837 V.
1589 3784 1677 3851 C„
1702 3783 1770 3837 ab
1789 3783 2175 3852 Alcmaeoniae,
2196 3788 2373 3855 Mega·

1371 3861 1466 3915 elis
1494 3862 1634 3929 filio,
1667 3862 2104 3917 Pisistratidarum
2134 3867 2370 3937 tyranni-

1371 3939 1453 3993 dis
1499 3958 1814 4012 oppressore
1832 3979 1849 4007 ,
1893 3941 2246 4011 segregandus
2293 3955 2372 3999 est

1370 4019 1461 4073 ille
1478 4020 1846 4091 Aristophanis
1868 4020 2186 4084 Clisthenem
2213 4025 2372 4095 quip-

1372 4117 1442 4171 pe
1471 4117 1630 4170 quem
1655 4101 1768 4171 ipse
1795 4113 1955 4170 poeta
1981 4099 2125 4155 dicat
2147 4120 2260 4157 esse
2285 4109 2371 4155 Σι-

1375 4178 1553 4247 Cvp‘rlw
1566 4176 1732 4232 filium
1745 4177 1973 4233 Acharn-
1985 4216 2003 4246 ‚
2015 4198 2064 4233 v,
2089 4196 2110 4233 ι
2125 4198 2144 4232 ι
2154 4180 2204 4237 8.
2215 4180 2373 4250 Quali
