3200 5150
499 505 591 571 IN
617 503 1261 571 PRAEFATIONEM
1295 503 1374 569 G.
1402 504 1476 568 L.
1502 503 1930 572 SPALDING
1954 504 2232 575 NOTAE.
2328 509 2411 576 33

318 631 526 686 mendis
564 650 677 704 quae
712 628 767 682 h.
806 627 841 680 l.
881 631 1179 701 signamur,
1217 641 1271 681 et
1307 646 1369 679 ex
1404 628 1601 680 insulsa
1637 628 1930 698 glossarum
1966 634 2131 697 serie,
2169 635 2267 685 etsi
2303 652 2416 685 non

242 780 253 789 ,
318 723 730 793 inspexerimus,
767 733 944 772 tamen
979 716 1124 770 hunc
1158 716 1415 770 Codicem
1450 716 1767 785 undecimo,
1802 718 1886 771 vel
1915 720 2054 772 forte
2094 719 2414 774 duodecimo

319 808 514 864 saeculo
554 805 930 879 assignandum
968 820 1233 878 putamus.
1272 808 1492 859 Nosti-as
1522 809 1860 877 conjecturas
1898 808 2105 861 firmant
2141 811 2299 863 trium
2333 812 2418 862 in·

318 897 667 969 scriptionum
689 893 901 948 Codicis
923 894 1083 966 hujus
1106 907 1513 946 memoratarum
1533 892 1821 966 descriptio
1845 893 1978 965 (vid.
2005 897 2151 949 Praef.
2166 936 2181 963 ,
2205 918 2258 973 p.
2293 899 2415 971 18),

321 1003 547 1057 quarum
571 985 752 1038 ultima
776 1002 807 1035 a
829 986 998 1055 prima
1024 997 1251 1054 quatuor
1274 998 1479 1036 tantum
1501 983 1704 1035 saeculis
1728 984 1940 1036 recedit.
1966 986 2087 1038 scil.
2113 988 2296 1039 ultima
2320 988 2422 1040 ha-

319 1073 414 1129 bet
439 1075 857 1138 MGCCCXLV13
887 1073 1175 1147 penultima
1203 1073 1306 1145 legi
1333 1076 1548 1146 nequit3
1580 1092 1707 1144 ergo
1735 1074 1880 1126 nulla
1908 1076 1996 1139 fit3
2024 1080 2174 1129 tertia
2203 1077 2417 1130 duobus

318 1164 525 1218 saeculis
543 1163 730 1233 distat,
749 1178 801 1217 et
819 1164 931 1216 haec
951 1181 981 1215 a
1000 1165 1166 1236 prima
1187 1162 1421 1215 totidem.
1444 1167 1606 1214 Porro
1624 1165 1667 1215 si
1682 1182 1711 1214 a
1725 1162 2130 1232 MCCGCXLVI,
2148 1167 2316 1218 CCCC
2330 1167 2418 1220 de-

317 1273 466 1321 mas,
492 1252 712 1306 habebis
739 1252 1110 1318 undecimum,
1138 1270 1248 1304 non
1276 1265 1553 1317 octavum,
1586 1270 1686 1303 nec
1718 1255 1877 1303 etiam
1911 1271 2115 1305 nonum
2146 1254 2415 1307 saeculum.
2521 1272 2534 1282 ·

318 1341 541 1397 Gerkius
558 1381 573 1408 ,
596 1343 733 1395 iufra
757 1343 946 1395 citatus
983 1339 1050 1392 ab
1077 1340 1195 1412 ipso
1221 1339 1502 1412 Spalding,
1526 1341 1720 1411 pagina
1754 1343 1994 1410 sequenti
2026 1359 2118 1411 19,
2151 1357 2261 1394 not.
2297 1343 2417 1415 (⁴⁴),

318 1430 508 1484 eadem
533 1431 644 1484 fere
672 1450 734 1483 ac
762 1436 860 1483 n'os
886 1428 1124 1501 judicat,
1156 1442 1208 1480 et
1239 1428 1396 1481 nobis
1430 1427 1714 1481 Bandinius
1743 1428 1942 1481 ibidem
1975 1434 2256 1483 consentit.
2277 1432 2417 1486 Vide

318 1522 563 1574 criticum
584 1522 884 1573 Nostratem
909 1538 1066 1591 supra
1091 1520 1335 1586 citatum,
1362 1520 1453 1590 qui
1475 1516 1642 1572 codd.
1669 1521 1930 1572 Parisinus
1954 1539 2243 1592 eorumque
2261 1535 2416 1575 notas

322 1624 377 1662 et
421 1609 745 1662 differentias
782 1607 1077 1660 luculenter
1108 1606 1385 1680 descripsit
1420 1609 1478 1662 in
1512 1624 1610 1661 sua
1651 1605 1882 1661 editione
1915 1609 2188 1663 Juvenalis
2202 1648 2220 1677 ,
2262 1623 2297 1662 t.
2337 1613 2418 1678 11,

317 1714 377 1769 p.
402 1695 567 1750 33-50
585 1734 602 1763 ,
625 1708 677 1749 et
698 1716 753 1768 p.
782 1695 997 1768 75-112.

394 1786 474 1858 (5)
503 1787 676 1840 Unum
704 1785 846 1859 quod
870 1784 1177 1838 paz-{sima
1200 1785 1434 1851 Codices,
1463 1795 1557 1837 etc.
1587 1787 1668 1838 De
1693 1786 1757 1837 iis
1785 1802 1901 1856 quae
1929 1804 1961 1838 a
1981 1788 2045 1839 V.
2075 1788 2132 1841 C.
2164 1788 2418 1862 Spalding

322 1879 558 1931 Nostrati
588 1877 971 1949 Cappemnnier
994 1875 1317 1948 objiciuntur
1343 1875 1474 1928 nihil
1496 1876 1550 1929 h.
1582 1875 1622 1929 l.
1643 1875 1886 1929 dicemus
1901 1915 1917 1943 ,
1941 1877 2038 1929 sed
2060 1878 2187 1932 alias
2214 1880 2412 1933 forsan.

318 1964 485 2035 Quod
512 1980 689 2018 autem
715 1967 1041 2033 Burmannus
1069 1967 1119 2017 ei
1139 1966 1268 2017 vitio
1292 1966 1500 2017 verterit
1523 1963 1782 2017 Codicum
1802 1962 2086 2035 Regiorum
2113 1981 2418 2022 nostrorum

322 2069 661 2126 contemptus
676 2092 693 2120 .,
717 2056 797 2107 sin
818 2055 1041 2125 injusta,
1064 2066 1240 2107 tamen
1263 2055 1423 2107 nimia
1446 2052 1652 2106 videtur
1671 2052 2030 2126 reprehensio.
2058 2056 2255 2126 Exigua
2275 2059 2418 2110 enim

324 2155 405 2196 est
433 2156 484 2195 et
509 2160 715 2214 pauper
740 2144 796 2193 in
820 2139 922 2193 hac
948 2154 1099 2213 parte
1125 2156 1307 2194 nostra
1332 2140 1691 2209 bibliotheca,
1721 2144 1818 2196 etsi
1845 2143 1900 2194 in
1932 2141 2046 2195 aliis
2078 2142 2330 2197 ditissima
2364 2159 2419 2199 et

324 2231 659 2305 amplissima.
676 2233 759 2284 ‘Ex
781 2231 1108 2302 paucissimis
1132 2227 1153 2300 (
1174 2229 1235 2281 13
1258 2231 1515 2302 numero)
1539 2230 1708 2284 codd.
1733 2230 2071 2299 Quintiliani,
2093 2231 2269 2285 nullus
2293 2247 2418 2286 ante

325 2335 571 2393 quartum
589 2334 641 2372 et
660 2319 922 2372 decimum
940 2317 1188 2371 saeculum
1213 2332 1354 2370 retro
1379 2317 1631 2371 ascendit.
1653 2320 1856 2369 Horum
1876 2332 2102 2389 quatuor
2119 2322 2274 2392 primi
2293 2340 2419 2377 curn

316 2411 612 2463 Joannensi
644 2422 695 2461 et
732 2409 978 2459 Beruensi
1013 2409 1381 2472 consentiunt,
1414 2405 1500 2458 alii
1537 2419 1660 2459 sunt
1693 2406 1880 2459 infimae
1912 2418 2067 2460 notoe.
2105 2409 2193 2462 Nil
2224 2413 2416 2462 mirum

322 2500 482 2568 igitur
504 2500 547 2550 si
564 2494 664 2548 hos
687 2498 833 2568 parvi
858 2496 1042 2546 fecerit
1064 2497 1142 2546 vir
1163 2497 1482 2565 caeteroquin
1505 2492 1867 2559 doctissimus,
1889 2497 2087 2567 quippe
2108 2514 2240 2567 quos
2260 2500 2417 2551 sciret

321 2585 470 2639 nulla
492 2585 611 2637 luce
634 2602 771 2638 nova
791 2584 1073 2654 affiilgere:
1096 2582 1317 2636 eosdem·
1332 2597 1508 2635 tamen
1532 2585 1932 2653 exagitavimus,
1957 2597 2012 2636 et
2033 2588 2228 2657 passim
2247 2589 2415 2640 varias

322 2693 508 2727 eorum
539 2673 792 2726 lectiones
815 2674 1113 2724 notavimus
1128 2709 1144 2738 ‚
1169 2671 1315 2743 quod
1339 2671 1551 2742 quidem
1571 2673 1687 2744 ipse
1707 2670 1877 2723 lector
1897 2675 2069 2744 primo
2093 2687 2312 2746 aspectu
2333 2675 2416 2726 fa-

316 2761 424 2815 cile
448 2760 673 2831 deteget.
929 2807 937 2814 .
1500 2799 1507 2808 .
2223 2765 2230 2772 '

388 2850 490 2922 (6).
511 2851 841 2921 Quamquam
858 2847 1040 2921 aliqua
1053 2857 1126 2901 est
1138 2845 1423 2900 litterarum
1439 2848 1724 2900 obscuritas.
1741 2848 1838 2907 Vel
1853 2851 2256 2902 nostercriticus
2274 2849 2329 2904 V
2320 2850 2417 2901 ail-

319 2936 443 2988 lant
464 2954 653 3007 parum
674 2934 908 2988 studiose
930 2934 1074 2988 hunc
1103 2953 1377 3002 nummum
1403 2933 1714 3007 descripsit,
1730 2935 1812 2987 vel
1835 2936 1995 2988 alium
2022 2936 2149 2990 vidit
2171 2936 2226 2988 h.
2253 2937 2414 2990 modo

316 3029 586 3096 ⁴signatum
601 3061 619 3090 ,
643 3022 789 3094 quod
811 3041 925 3076 non
948 3025 1135 3076 mirum
1160 3036 1296 3075 esset
1318 3045 1330 3074 ε
1366 3041 1622 3102 namt-non
1647 3021 1781 3075 adeo
1805 3037 1948 3084 certa
1972 3037 2051 3077 est
2077 3044 2416 3080 nummorum

324 3128 381 3165 et
405 3130 723 3165 marmorum
750 3108 1153 3180 orthographia,
1169 3112 1297 3180 quin
1324 3109 1513 3161 codem
1539 3110 1730 3174 saeculo
1756 3130 1856 3183 pro
1885 3113 2070 3182 peritia
2100 3112 2183 3166 vel
2208 3116 2415 3166 inscitia

323 3201 584 3260 anificum
608 3202 896 3253 variaverit.
928 3195 1203 3269 Quidquid
1228 3191 1297 3250 id'
1321 3211 1429 3264 est,
1463 3198 1730 3270 exemplar
1760 3213 1839 3251 sat
1869 3198 2008 3252 bene
2043 3215 2414 3255 conservatum

319 3291 493 3342 nostri
513 3287 716 3343 Cimelii
736 3289 866 3357 regii
886 3285 992 3350 hoc
1013 3285 1135 3337 loco
1160 3285 1534 3339 describemus.

677 3394 950 3447 CAESAR.
975 3392 1257 3446 Avovs'r.
1283 3375 1483 3445 romi.
1510 3392 1680 3448 MAx.
1706 3393 1874 3447 Taua.
1903 3393 2051 3448 vo'r.

394 3502 569 3575 Caput
585 3502 814 3571 Augusti
834 3498 1051 3554 nudum
1062 3497 1393 3564 dextrorsum
1408 3517 1686 3553 conversa.

392 3592 473 3646 Ex
490 3607 675 3643 aversa
696 3601 847 3662 parte
866 3610 881 3640 z
990 3613 995 3616 Δ

556 3696 698 3750 SEX.
724 3694 994 3750 NONNS.
1020 3693 1478 3764 QVINCTILIAN.
1505 3693 1589 3746 111.
1617 3694 1747 3746 vm.
1775 3697 1837 3748 A.
1861 3699 1924 3750 A.
1951 3698 2012 3749 A.
2039 3698 2095 3749 F.
2123 3697 2180 3750 F.

395 3801 457 3855 ln
490 3819 610 3854 area
642 3802 692 3855 S.
721 3804 779 3855 C.
808 3804 992 3855 AEoeus
1014 3804 1115 3855 iste
1137 3816 1416 3865 nunninus,
1443 3796 1628 3854 medin
1650 3800 1866 3867 formae,
1894 3812 1947 3852 et
1965 3802 2103 3855 inter
2122 3798 2414 3854 monetales

323 3889 554 3961 Augusti
572 3887 944 3944 recensendus.

1227 4095 1515 4117 m
