3200 5150
1118 489 1631 554 PRAEFATm.
2331 492 2408 562 15

336 614 610 704 gloriam
633 617 993 704 quaerere),
1020 610 1137 679 sed
1160 629 1235 677 ut
1257 635 1341 677 ne
1369 613 1518 702 quis
1546 612 1853 693 baereret,
1878 612 1997 678 ubi
2018 615 2409 704 scripturam

335 719 644 786 Gotbano
685 718 915 786 codici
956 742 995 785 a
1035 740 1143 784 me
1186 717 1500 784 tributam
1534 715 1714 807 apud
1759 718 2130 785 Gesnerum
2168 723 2411 791 frustra

336 827 676 915 quaesisset
703 850 721 907 ;
775 848 911 915 quo
968 826 1037 890 in
1089 846 1330 914 genere
1391 821 1602 889 sicubi
1661 839 1886 889 notam
1941 825 2133 891 istam
2192 850 2416 895 mem

334 949 466 999 tac.
494 929 697 999 Gesn.
729 932 1151 1022 apposuerim
1182 931 1382 1012 falso,
1415 952 1642 997 manes
1670 931 1947 997 Gesneri
1978 931 2410 1000 libentissime

333 1038 501 1103 mihi
533 1039 892 1126 ignoscent.
932 1034 1103 1103 Illud
1136 1060 1215 1103 ex
1243 1038 1401 1127 ipsis
1421 1061 1461 1103 a
1483 1036 1782 1103 Gosncro
1808 1037 2040 1126 positis
2070 1039 2412 1129 scripturis

230 1191 244 1204 .
333 1144 503 1211 MSti
525 1143 845 1225 Gothani,
877 1143 1081 1233 magis
1108 1159 1331 1209 tamen
1363 1166 1444 1209 ex
1474 1144 1672 1223 meis,
1707 1144 2021 1231 cognovi,
2061 1165 2203 1211 esso
2234 1167 2414 1211 sum-

330 1271 510 1314 mam
527 1248 818 1315 Gothani
842 1265 909 1314 et
924 1231 1225 1315 Vossiani
1248 1246 1524 1315 secundi
1542 1246 1864 1314 Codicum
1887 1248 2409 1321 similitudinem.

335 1356 538 1447 Cujus
561 1358 659 1422 rei
682 1373 781 1423 sat
802 1357 1009 1423 multa
1037 1356 1336 1445 exempla
1360 1356 1655 1423 attulisse
1677 1354 1911 1423 videor
1940 1357 2010 1421 in
2038 1359 2210 1424 notis
2239 1358 2414 1425 criti-

232 1450 261 1481 *
335 1462 427 1531 cis
439 1510 458 1542 ,
479 1478 555 1526 ut
572 1463 779 1528 cuivis
797 1461 1168 1529 attendenti
1192 1461 1565 1529 observatio
1580 1484 1731 1528 mea
1747 1460 2239 1550 persuadeatur.
2262 1466 2414 1531 Pre-

332 1568 502 1633 tium
529 1591 766 1634 vereor
792 1591 877 1634 ne
908 1569 1188 1633 nimium
1220 1567 1390 1635 libro
1417 1584 1740 1641 statuatur
1762 1590 1803 1632 a
1828 1568 2145 1635 Gesnero.
2175 1570 2410 1659 Neque

336 1674 512 1745 enim
529 1697 704 1755 raro,
726 1674 842 1740 ubi
860 1696 980 1764 par
996 1673 1127 1741 hoc
1139 1672 1462 1740 Codicum
1478 1697 1517 1739 a
1535 1691 1924 1741 caeterorum
1945 1675 2245 1741 omnium
2261 1698 2414 1742 auc-

334 1781 597 1847 toritate
623 1779 902 1854 recedit,
933 1781 1361 1846 inveniuntur
1383 1781 1451 1844 in
1475 1780 1554 1845 iis
1577 1780 1916 1869 scripturae
1937 1780 2156 1846 minus
2173 1780 2373 1849 honae
2388 1831 2405 1861 ,

192 1901 201 1907 ·
336 1900 403 1956 et
426 1885 585 1950 tales
607 1887 1001 1974 praesertim,
1030 1906 1208 1974 quae,
1233 1900 1463 1951 contra
1485 1882 1696 1949 Codd.
1722 1906 2146 1966 consensum,
2172 1902 2346 1952 stent
2371 1910 2412 1952 a

333 2009 519 2081 parte
546 1992 1135 2058 vetustissimarum
1159 1988 1548 2057 editionum.
1581 1988 1980 2079 Hujustuodi
2005 1990 2148 2057 loca
2171 2009 2325 2057 sunt
2347 1994 2408 2076 Ι,

338 2097 407 2178 5,
439 2098 554 2180 34;
584 2100 643 2178 Ι,
676 2099 745 2178 5,
775 2098 857 2187 67
888 2097 1045 2183 (etsi
1068 2098 1257 2162 Voss.
1290 2117 1331 2161 a
1357 2095 1714 2184 utrobique
1741 2095 2038 2183 siletur);
2070 2099 2163 2179 11,
2193 2118 2304 2180 αι,
2333 2099 2408 2177 6;

334 2206 464 2285 ΙΙΙ,
500 2227 562 2283 1,
592 2203 661 2285 53
693 2205 818 2284 111,
845 2204 917 2285 6,
951 2205 1221 2285 243111,
1250 2202 1319 2281 6,
1349 2203 1461 2281 323
1493 2205 1622 2279 ΙΙΙ,
1650 2202 1719 2281 8,
1756 2205 2017 2283 123111,
2043 2201 2113 2283 8,
2142 2203 2216 2270 31
2253 2202 2410 2288 (sed

333 2309 513 2377 solus
550 2307 894 2379 Gotbanus
922 2311 1391 2390 memoratur);
1422 2310 1557 2387 ΙΙΙ,
1589 2306 1659 2387 8,
1692 2307 1806 2395 393
1836 2310 1968 2387 111,
2000 2307 2074 2388 8,
2104 2308 2210 2376 60.
2238 2309 2413 2392 Qua·

331 2435 623 2507 propter,
657 2416 868 2483 sicubi
896 2416 999 2482 his
1027 2417 1183 2483 solis
1214 2415 1593 2482 auctoribus
1615 2413 1866 2504 aliquid
1891 2416 2217 2498 concessi,
2254 2414 2409 2484 kon-

330 2539 432 2590 tra
450 2540 840 2591 caeterorum
858 2524 1126 2591 testium
1146 2521 1347 2589 fidem
1362 2572 1378 2604 ,
1398 2522 1643 2589 erroris
1666 2543 1859 2589 causa
1877 2519 2047 2590 adeo
2065 2523 2412 2591 manifesta

332 2630 498 2700 mihi
523 2631 893 2711 videbatur,
926 2647 1001 2696 ut
1030 2629 1137 2696 vel
1164 2628 1559 2720 conjecturae
1588 2627 2185 2717 obtemperandum
2216 2649 2408 2698 esset.

331 2733 629 2804 Alterum
653 2735 967 2803 Codicem
985 2785 1004 2817 ,
1026 2760 1066 2802 a
1086 2756 1194 2802 me
1222 2736 1438 2825 primo
1462 2734 1774 2802 collatum
1802 2757 1989 2816 eum,
2018 2736 2411 2804 conciliante

332 2841 614 2920 Wolfio,
644 2844 753 2910 cui
782 2841 1055 2933 quidem
1075 2842 1220 2908 viro
1248 2858 1316 2908 et
1344 2864 1470 2931 ego
1499 2856 1565 2908 et
1589 2840 2032 2924 Quintilianus
2057 2864 2247 2908 meus
2273 2865 2412 2908 non

336 2971 546 3014 unum
584 2948 715 3015 boc
751 2949 1151 3016 beneficium
1196 2948 1553 3030 debemus,
1598 2971 1865 3035 mecum
1902 2952 2415 3018 communicavit

335 3056 673 3144 Laugerus
697 3106 714 3136 ,
772 3055 1193 3145 dignissimus
1246 3056 1467 3142 magni
1519 3055 1840 3143 Lessingii
1887 3054 1959 3120 in
2010 3054 2416 3121 bibliotheca

337 3161 849 3252 Guelferbytana
871 3182 1228 3240 successor,
1256 3160 1372 3250 qui
1394 3159 1594 3226 nullis
1617 3183 1914 3251 unquam
1937 3160 2103 3226 meis
2135 3181 2414 3249 percon·

335 3269 727 3351 tationibuS‚
761 3270 1042 3334 nimium
1065 3264 1526 3357 frequentibus
1557 3266 1770 3335 fateor
1793 3283 1859 3332 et
1885 3264 2238 3355 improbis,
2269 3266 2413 3333 fati-

339 3375 476 3462 gari
511 3397 582 3441 se
616 3397 812 3465 posse
845 3372 1155 3441 ostendit.
1189 3373 1433 3442 Docuit
1462 3393 1572 3440 me
1606 3371 1803 3460 sirnul
1826 3373 1930 3438 vir
1958 3372 2411 3455 doctissimus,

337 3478 581 3546 librum
621 3480 835 3562 hunc,
880 3481 947 3545 in
985 3480 1171 3548 Italia
1205 3480 1555 3570 scriptum,
1594 3478 1724 3545 sibi
1765 3476 1978 3546 videri
2016 3496 2430 3569 procurante

338 3586 611 3651 Nicolao
636 3587 912 3660 Heinsio
933 3587 1175 3675 pluteis
1199 3584 1730 3677 Guelferbytanis
1752 3585 2033 3667 illatum,
2061 3608 2270 3676 quum
2291 3588 2421 3676 pri·

340 3716 526 3760 mum
558 3694 974 3764 bibliothecae
1004 3693 1293 3762 Budensi
1324 3698 1496 3785 regis
1528 3695 1825 3762 Matthiae
1849 3696 2116 3761 Corvini
2147 3696 2416 3762 Floren-

341 3801 448 3865 tiae
494 3819 667 3867 esset
700 3802 1090 3884 adornatus,
1136 3825 1357 3894 neque
1397 3819 1622 3869 tamen
1658 3803 1896 3868 missus
1940 3823 2055 3881 eo,
2099 3800 2415 3890 quoniam

340 3905 614 3993 picturae
638 3928 677 3972 a
706 3909 1128 3974 ministerum
1159 3907 1462 3976 manibus
1494 3906 1796 3974 nondum
1828 3922 2047 3973 eoeent
2067 3905 2409 3994 appositae.

264 4020 272 4032 '
343 4011 517 4078 Huic
537 4028 759 4080 autem
786 4013 925 4100 regi
945 4010 1324 4082 Thaddaeus
1347 4014 1667 4102 Ugoletus
1692 4012 2057 4094 Parmensis
2077 4008 2284 4075 libros
2310 4032 2414 4076 or-

344 4134 782 4207 namentaque
822 4117 947 4183 alia
987 4118 1335 4190 Florentiae
1374 4118 1801 4210 proemhat,
1839 4139 2050 4209 quum
2088 4115 2412 4184 scribebat
