<?xml version="1.0" encoding="UTF-8"?>
<!DOCTYPE html PUBLIC "-//W3C//DTD XHTML 1.0 Transitional//EN"
    "http://www.w3.org/TR/xhtml1/DTD/xhtml1-transitional.dtd">
<html xmlns="http://www.w3.org/1999/xhtml" xml:lang="en" lang="en">
 <head>
  <title>
</title>
<meta http-equiv="Content-Type" content="text/html;charset=utf-8" />
  <meta name='ocr-system' content='tesseract 3.04.00' />
  <meta name='ocr-capabilities' content='ocr_page ocr_carea ocr_par ocr_line ocrx_word'/>
</head>
<body>
  <div class='ocr_page' id='page_1' title='image "./deinstitutioneo12quingoog_0340.png"; bbox 0 0 3200 5150; ppageno 0'>
   <div class='ocr_carea' id='block_1_1' title="bbox 854 472 982 552">
    <p class='ocr_par' dir='ltr' id='par_1_1' title="bbox 854 472 982 552">
     <span class='ocr_line' id='line_1_1' title="bbox 854 472 982 552; baseline -0.023 -16"><span class='ocrx_word' id='word_1_1' title='bbox 854 472 927 536; x_wconf 76' lang='lat'><strong>3‘1</strong></span> <span class='ocrx_word' id='word_1_2' title='bbox 943 473 982 552; x_wconf 79' lang='grc'><em>4</em></span> 
     </span>
    </p>
   </div>
   <div class='ocr_carea' id='block_1_2' title="bbox 1419 470 2376 554">
    <p class='ocr_par' dir='ltr' id='par_1_2' title="bbox 1419 470 2376 554">
     <span class='ocr_line' id='line_1_2' title="bbox 1419 470 2376 554; baseline 0 -19"><span class='ocrx_word' id='word_1_3' title='bbox 1419 472 1513 535; x_wconf 90' lang='grc' dir='ltr'><strong>Μ.</strong></span> <span class='ocrx_word' id='word_1_4' title='bbox 1554 470 1781 540; x_wconf 80' lang='lat' dir='ltr'><strong>FABII</strong></span> <span class='ocrx_word' id='word_1_5' title='bbox 1819 470 2376 554; x_wconf 84' lang='lat' dir='ltr'><strong>QUINTILIANI</strong></span> 
     </span>
    </p>
   </div>
   <div class='ocr_carea' id='block_1_3' title="bbox 774 592 2958 2077">
    <p class='ocr_par' dir='ltr' id='par_1_3' title="bbox 774 592 2958 2077">
     <span class='ocr_line' id='line_1_3' title="bbox 854 592 2955 683; baseline 0 -18"><span class='ocrx_word' id='word_1_6' title='bbox 854 593 1114 666; x_wconf 87' lang='lat' dir='ltr'><strong>incerto</strong></span> <span class='ocrx_word' id='word_1_7' title='bbox 1132 649 1152 682; x_wconf 90' lang='lat'>,</span> <span class='ocrx_word' id='word_1_8' title='bbox 1174 592 1363 667; x_wconf 85' lang='lat' dir='ltr'><strong>velut</strong></span> <span class='ocrx_word' id='word_1_9' title='bbox 1389 592 1672 668; x_wconf 81' lang='lat' dir='ltr'><strong>classico</strong></span> <span class='ocrx_word' id='word_1_10' title='bbox 1692 649 1711 682; x_wconf 86' lang='lat'>‚</span> <span class='ocrx_word' id='word_1_11' title='bbox 1742 592 2047 668; x_wconf 85' lang='lat' dir='ltr'><strong>instincti</strong></span> <span class='ocrx_word' id='word_1_12' title='bbox 2069 606 2121 683; x_wconf 82' lang='lat'><strong>¹,</strong></span> <span class='ocrx_word' id='word_1_13' title='bbox 2155 592 2781 670; x_wconf 83' lang='lat' dir='ltr'><strong>concitatissimum</strong></span> <span class='ocrx_word' id='word_1_14' title='bbox 2807 618 2955 668; x_wconf 89' lang='lat' dir='ltr'><strong>cor-</strong></span> 
     </span>
     <span class='ocr_line' id='line_1_4' title="bbox 850 708 2952 810; baseline 0 -30"><span class='ocrx_word' id='word_1_15' title='bbox 850 708 1035 806; x_wconf 87' lang='lat' dir='ltr'><strong>poris</strong></span> <span class='ocrx_word' id='word_1_16' title='bbox 1076 730 1386 800; x_wconf 87' lang='lat' dir='ltr'><strong>motum,</strong></span> <span class='ocrx_word' id='word_1_17' title='bbox 1430 737 1576 784; x_wconf 89' lang='lat' dir='ltr'><strong>non</strong></span> <span class='ocrx_word' id='word_1_18' title='bbox 1612 708 2115 799; x_wconf 85' lang='lat' dir='ltr'><strong>enunciandis,</strong></span> <span class='ocrx_word' id='word_1_19' title='bbox 2150 709 2272 782; x_wconf 90' lang='lat' dir='ltr'><strong>sed</strong></span> <span class='ocrx_word' id='word_1_20' title='bbox 2308 709 2704 810; x_wconf 75' lang='lat' dir='ltr'><strong>quaerendis</strong></span> <span class='ocrx_word' id='word_1_21' title='bbox 2738 709 2952 783; x_wconf 85' lang='lat' dir='ltr'><strong>verbis</strong></span> 
     </span>
     <span class='ocr_line' id='line_1_5' title="bbox 783 823 2950 928; baseline 0.006 -38"><span class='ocrx_word' id='word_1_22' title='bbox 783 837 813 890; x_wconf 88' lang='grc'>5</span> <span class='ocrx_word' id='word_1_23' title='bbox 850 825 1408 900; x_wconf 88' lang='lat' dir='ltr'><strong>accommodant.</strong></span> <span class='ocrx_word' id='word_1_24' title='bbox 1458 823 1801 900; x_wconf 89' lang='lat' dir='ltr'><strong>Nonnulli</strong></span> <span class='ocrx_word' id='word_1_25' title='bbox 1858 846 2041 912; x_wconf 71' lang='lat' dir='ltr'><strong>certa</strong></span> <span class='ocrx_word' id='word_1_26' title='bbox 2086 825 2219 900; x_wconf 83' lang='lat' dir='ltr'><strong>sibi</strong></span> <span class='ocrx_word' id='word_1_27' title='bbox 2265 824 2462 898; x_wconf 90' lang='lat' dir='ltr'><strong>initia</strong></span> <span class='ocrx_word' id='word_1_28' title='bbox 2483 882 2503 916; x_wconf 87' lang='lat'>‚</span> <span class='ocrx_word' id='word_1_29' title='bbox 2551 825 2950 928; x_wconf 81' lang='lat' dir='ltr'><strong>priusquam</strong></span> 
     </span>
     <span class='ocr_line' id='line_1_6' title="bbox 851 939 2952 1041; baseline 0.001 -31"><span class='ocrx_word' id='word_1_30' title='bbox 851 965 1134 1011; x_wconf 84' lang='lat' dir='ltr'><strong>sensum</strong></span> <span class='ocrx_word' id='word_1_31' title='bbox 1184 941 1618 1029; x_wconf 83' lang='lat' dir='ltr'><strong>invenerint,</strong></span> <span class='ocrx_word' id='word_1_32' title='bbox 1664 940 2013 1021; x_wconf 86' lang='lat' dir='ltr'><strong>destinant</strong></span> <span class='ocrx_word' id='word_1_33' title='bbox 2038 998 2057 1031; x_wconf 88' lang='lat'>‚</span> <span class='ocrx_word' id='word_1_34' title='bbox 2101 941 2364 1041; x_wconf 87' lang='lat' dir='ltr'><strong>quibus</strong></span> <span class='ocrx_word' id='word_1_35' title='bbox 2410 939 2681 1041; x_wconf 89' lang='lat' dir='ltr'><strong>aliquid</strong></span> <span class='ocrx_word' id='word_1_36' title='bbox 2732 941 2952 1014; x_wconf 86' lang='lat' dir='ltr'><strong>diserti</strong></span> 
     </span>
     <span class='ocr_line' id='line_1_7' title="bbox 846 1054 2955 1156; baseline 0.001 -31"><span class='ocrx_word' id='word_1_37' title='bbox 846 1054 1427 1155; x_wconf 77' lang='lat' dir='ltr'><strong>subjungendum</strong></span> <span class='ocrx_word' id='word_1_38' title='bbox 1454 1057 1576 1145; x_wconf 89' lang='lat' dir='ltr'><strong>sit;</strong></span> <span class='ocrx_word' id='word_1_39' title='bbox 1606 1083 1861 1156; x_wconf 89' lang='lat' dir='ltr'><strong>eaque,</strong></span> <span class='ocrx_word' id='word_1_40' title='bbox 1888 1056 2009 1128; x_wconf 89' lang='lat' dir='ltr'><strong>diu</strong></span> <span class='ocrx_word' id='word_1_41' title='bbox 2036 1084 2277 1128; x_wconf 88' lang='lat' dir='ltr'><strong>secum</strong></span> <span class='ocrx_word' id='word_1_42' title='bbox 2304 1056 2433 1156; x_wconf 88' lang='lat' dir='ltr'><strong>ipsi</strong></span> <span class='ocrx_word' id='word_1_43' title='bbox 2461 1056 2785 1155; x_wconf 87' lang='lat' dir='ltr'><strong>clareque</strong></span> <span class='ocrx_word' id='word_1_44' title='bbox 2809 1083 2955 1128; x_wconf 92' lang='lat' dir='ltr'><strong>mo-</strong></span> 
     </span>
     <span class='ocr_line' id='line_1_8' title="bbox 846 1169 2955 1270; baseline 0.001 -29"><span class='ocrx_word' id='word_1_45' title='bbox 846 1169 1145 1259; x_wconf 79' lang='lat' dir='ltr'><strong>dulati²‚</strong></span> <span class='ocrx_word' id='word_1_46' title='bbox 1184 1171 1539 1270; x_wconf 84' lang='lat' dir='ltr'><strong>desperata</strong></span> <span class='ocrx_word' id='word_1_47' title='bbox 1577 1172 2040 1244; x_wconf 82' lang='lat' dir='ltr'><strong>connectendi</strong></span> <span class='ocrx_word' id='word_1_48' title='bbox 2075 1172 2441 1260; x_wconf 83' lang='lat' dir='ltr'><strong>facultate,</strong></span> <span class='ocrx_word' id='word_1_49' title='bbox 2482 1171 2850 1261; x_wconf 81' lang='lat' dir='ltr'><strong>deserunt3</strong></span> <span class='ocrx_word' id='word_1_50' title='bbox 2887 1194 2955 1246; x_wconf 90' lang='lat' dir='ltr'><strong>et</strong></span> 
     </span>
     <span class='ocr_line' id='line_1_9' title="bbox 843 1284 2952 1387; baseline 0.001 -31"><span class='ocrx_word' id='word_1_51' title='bbox 843 1284 933 1356; x_wconf 85' lang='lat' dir='ltr'><strong>ad</strong></span> <span class='ocrx_word' id='word_1_52' title='bbox 959 1285 1093 1356; x_wconf 85' lang='lat' dir='ltr'><strong>alia</strong></span> <span class='ocrx_word' id='word_1_53' title='bbox 1113 1285 1470 1386; x_wconf 78' lang='lat' dir='ltr'><strong>deincep5‚</strong></span> <span class='ocrx_word' id='word_1_54' title='bbox 1497 1309 1704 1387; x_wconf 86' lang='lat' dir='ltr'><strong>atque</strong></span> <span class='ocrx_word' id='word_1_55' title='bbox 1728 1287 1892 1360; x_wconf 91' lang='lat' dir='ltr'><strong>inde</strong></span> <span class='ocrx_word' id='word_1_56' title='bbox 1918 1288 2086 1378; x_wconf 86' lang='lat' dir='ltr'><strong>alia,</strong></span> <span class='ocrx_word' id='word_1_57' title='bbox 2113 1314 2257 1360; x_wconf 91' lang='lat' dir='ltr'><strong>non</strong></span> <span class='ocrx_word' id='word_1_58' title='bbox 2284 1288 2522 1365; x_wconf 86' lang='lat' dir='ltr'><strong>minus</strong></span> <span class='ocrx_word' id='word_1_59' title='bbox 2546 1287 2952 1359; x_wconf 86' lang='lat' dir='ltr'><strong>communia</strong></span> 
     </span>
     <span class='ocr_line' id='line_1_10' title="bbox 774 1399 2954 1501; baseline 0.003 -32"><span class='ocrx_word' id='word_1_60' title='bbox 774 1416 809 1466; x_wconf 79' lang='grc' dir='ltr'><em>ὃ</em></span> <span class='ocrx_word' id='word_1_61' title='bbox 842 1427 921 1472; x_wconf 89' lang='lat' dir='ltr'><strong>ac</strong></span> <span class='ocrx_word' id='word_1_62' title='bbox 947 1422 1112 1472; x_wconf 88' lang='lat' dir='ltr'><strong>nota</strong></span> <span class='ocrx_word' id='word_1_63' title='bbox 1129 1399 1185 1489; x_wconf 79' lang='lat'><strong>3,</strong></span> <span class='ocrx_word' id='word_1_64' title='bbox 1212 1401 1596 1474; x_wconf 85' lang='lat' dir='ltr'><strong>devertunt.</strong></span> <span class='ocrx_word' id='word_1_65' title='bbox 1626 1404 1772 1493; x_wconf 88' lang='lat' dir='ltr'><strong>Qui</strong></span> <span class='ocrx_word' id='word_1_66' title='bbox 1799 1403 2192 1501; x_wconf 83' lang='lat' dir='ltr'><strong>plurimum</strong></span> <span class='ocrx_word' id='word_1_67' title='bbox 2217 1402 2542 1475; x_wconf 85' lang='lat' dir='ltr'><strong>videntur</strong></span> <span class='ocrx_word' id='word_1_68' title='bbox 2566 1402 2823 1478; x_wconf 85' lang='lat' dir='ltr'><strong>habere</strong></span> <span class='ocrx_word' id='word_1_69' title='bbox 2849 1431 2954 1475; x_wconf 85' lang='lat' dir='ltr'><strong>ra—</strong></span> 
     </span>
     <span class='ocr_line' id='line_1_11' title="bbox 843 1515 2947 1607; baseline 0.001 -20"><span class='ocrx_word' id='word_1_70' title='bbox 843 1515 1079 1604; x_wconf 86' lang='lat' dir='ltr'><strong>tionis,</strong></span> <span class='ocrx_word' id='word_1_71' title='bbox 1111 1544 1254 1588; x_wconf 91' lang='lat' dir='ltr'><strong>non</strong></span> <span class='ocrx_word' id='word_1_72' title='bbox 1286 1517 1357 1590; x_wconf 89' lang='lat' dir='ltr'><strong>in</strong></span> <span class='ocrx_word' id='word_1_73' title='bbox 1393 1544 1634 1591; x_wconf 84' lang='lat' dir='ltr'><strong>causas</strong></span> <span class='ocrx_word' id='word_1_74' title='bbox 1661 1540 1897 1591; x_wconf 85' lang='lat' dir='ltr'><strong>tamen</strong></span> <span class='ocrx_word' id='word_1_75' title='bbox 1918 1515 1952 1581; x_wconf 80' lang='grc'>4</span> <span class='ocrx_word' id='word_1_76' title='bbox 1980 1517 2296 1592; x_wconf 83' lang='lat' dir='ltr'><strong>laborem</strong></span> <span class='ocrx_word' id='word_1_77' title='bbox 2322 1545 2569 1607; x_wconf 82' lang='lat' dir='ltr'><strong>suum,</strong></span> <span class='ocrx_word' id='word_1_78' title='bbox 2601 1517 2723 1589; x_wconf 89' lang='lat' dir='ltr'><strong>sed</strong></span> <span class='ocrx_word' id='word_1_79' title='bbox 2751 1517 2825 1589; x_wconf 92' lang='lat' dir='ltr'><strong>in</strong></span> <span class='ocrx_word' id='word_1_80' title='bbox 2851 1516 2947 1590; x_wconf 90' lang='lat' dir='ltr'><strong>lo-</strong></span> 
     </span>
     <span class='ocr_line' id='line_1_12' title="bbox 845 1631 2955 1733; baseline 0.001 -30"><span class='ocrx_word' id='word_1_81' title='bbox 845 1658 961 1704; x_wconf 85' lang='lat' dir='ltr'><strong>cos</strong></span> <span class='ocrx_word' id='word_1_82' title='bbox 1000 1632 1376 1705; x_wconf 90' lang='lat' dir='ltr'><strong>intendunt</strong></span> <span class='ocrx_word' id='word_1_83' title='bbox 1397 1665 1415 1723; x_wconf 90' lang='lat'>;</span> <span class='ocrx_word' id='word_1_84' title='bbox 1451 1655 1659 1733; x_wconf 89' lang='lat' dir='ltr'><strong>atque</strong></span> <span class='ocrx_word' id='word_1_85' title='bbox 1695 1633 1769 1705; x_wconf 92' lang='lat' dir='ltr'><strong>in</strong></span> <span class='ocrx_word' id='word_1_86' title='bbox 1802 1634 1911 1706; x_wconf 84' lang='lat' dir='ltr'><strong>his</strong></span> <span class='ocrx_word' id='word_1_87' title='bbox 1950 1661 2095 1708; x_wconf 90' lang='lat' dir='ltr'><strong>non</strong></span> <span class='ocrx_word' id='word_1_88' title='bbox 2132 1631 2449 1733; x_wconf 81' lang='lat' dir='ltr'><strong>corpori⁵</strong></span> <span class='ocrx_word' id='word_1_89' title='bbox 2489 1632 2955 1732; x_wconf 86' lang='lat' dir='ltr'><strong>prospiciunt,</strong></span> 
     </span>
     <span class='ocr_line' id='line_1_13' title="bbox 840 1745 2956 1849; baseline 0.001 -33"><span class='ocrx_word' id='word_1_90' title='bbox 840 1745 963 1817; x_wconf 87' lang='lat' dir='ltr'><strong>sed</strong></span> <span class='ocrx_word' id='word_1_91' title='bbox 988 1746 1281 1846; x_wconf 87' lang='lat' dir='ltr'><strong>abrupta</strong></span> <span class='ocrx_word' id='word_1_92' title='bbox 1308 1748 1632 1847; x_wconf 85' lang='lat' dir='ltr'><strong>quaedam</strong></span> <span class='ocrx_word' id='word_1_93' title='bbox 1652 1805 1672 1837; x_wconf 82' lang='lat'><strong>‚</strong></span> <span class='ocrx_word' id='word_1_94' title='bbox 1699 1768 1777 1820; x_wconf 89' lang='lat' dir='ltr'><strong>ut</strong></span> <span class='ocrx_word' id='word_1_95' title='bbox 1799 1750 1974 1820; x_wconf 85' lang='lat' dir='ltr'><strong>forte</strong></span> <span class='ocrx_word' id='word_1_96' title='bbox 2006 1749 2092 1820; x_wconf 88' lang='lat' dir='ltr'><strong>ad</strong></span> <span class='ocrx_word' id='word_1_97' title='bbox 2123 1774 2422 1821; x_wconf 89' lang='lat' dir='ltr'><strong>manum</strong></span> <span class='ocrx_word' id='word_1_98' title='bbox 2451 1774 2736 1838; x_wconf 81' lang='lat' dir='ltr'><strong>venere,</strong></span> <span class='ocrx_word' id='word_1_99' title='bbox 2755 1748 2956 1849; x_wconf 89' lang='lat' dir='ltr'><strong>jacu—</strong></span> 
     </span>
     <span class='ocr_line' id='line_1_14' title="bbox 774 1860 2956 1960; baseline 0 -28"><span class='ocrx_word' id='word_1_100' title='bbox 774 1896 802 1946; x_wconf 85' lang='lat'>7</span> <span class='ocrx_word' id='word_1_101' title='bbox 840 1860 1092 1933; x_wconf 90' lang='lat' dir='ltr'><strong>lantur.</strong></span> <span class='ocrx_word' id='word_1_102' title='bbox 1119 1861 1327 1934; x_wconf 87' lang='lat' dir='ltr'><strong>Unde</strong></span> <span class='ocrx_word' id='word_1_103' title='bbox 1354 1863 1463 1952; x_wconf 86' lang='lat' dir='ltr'><strong>fit,</strong></span> <span class='ocrx_word' id='word_1_104' title='bbox 1490 1883 1569 1935; x_wconf 92' lang='lat' dir='ltr'><strong>ut</strong></span> <span class='ocrx_word' id='word_1_105' title='bbox 1596 1861 1928 1935; x_wconf 88' lang='lat' dir='ltr'><strong>dissoluta</strong></span> <span class='ocrx_word' id='word_1_106' title='bbox 1953 1884 2022 1935; x_wconf 89' lang='lat' dir='ltr'><strong>et</strong></span> <span class='ocrx_word' id='word_1_107' title='bbox 2045 1891 2127 1935; x_wconf 86' lang='lat' dir='ltr'><strong>ex</strong></span> <span class='ocrx_word' id='word_1_108' title='bbox 2152 1861 2433 1934; x_wconf 83' lang='lat' dir='ltr'><strong>diversis</strong></span> <span class='ocrx_word' id='word_1_109' title='bbox 2462 1882 2787 1960; x_wconf 80' lang='lat' dir='ltr'><strong>congesta</strong></span> <span class='ocrx_word' id='word_1_110' title='bbox 2809 1889 2956 1933; x_wconf 85' lang='lat' dir='ltr'><strong>ora-</strong></span> 
     </span>
     <span class='ocr_line' id='line_1_15' title="bbox 837 1975 2958 2077; baseline 0.002 -31"><span class='ocrx_word' id='word_1_111' title='bbox 837 1975 933 2047; x_wconf 90' lang='lat' dir='ltr'><strong>tio</strong></span> <span class='ocrx_word' id='word_1_112' title='bbox 962 1977 1305 2049; x_wconf 86' lang='lat' dir='ltr'><strong>cohaerere</strong></span> <span class='ocrx_word' id='word_1_113' title='bbox 1336 2004 1480 2049; x_wconf 89' lang='lat' dir='ltr'><strong>non</strong></span> <span class='ocrx_word' id='word_1_114' title='bbox 1514 1978 1762 2076; x_wconf 81' lang='lat' dir='ltr'><strong>possit,</strong></span> <span class='ocrx_word' id='word_1_115' title='bbox 1797 1977 2192 2077; x_wconf 84' lang='lat' dir='ltr'><strong>similisque</strong></span> <span class='ocrx_word' id='word_1_116' title='bbox 2222 1975 2746 2049; x_wconf 87' lang='lat' dir='ltr'><strong>commentariis</strong></span> <span class='ocrx_word' id='word_1_117' title='bbox 2778 2001 2958 2075; x_wconf 86' lang='lat' dir='ltr'><strong>pue·</strong></span> 
     </span>
    </p>
   </div>
   <div class='ocr_carea' id='block_1_4' title="bbox 835 2133 2963 2287">
    <p class='ocr_par' dir='ltr' id='par_1_4' title="bbox 835 2133 2963 2287">
     <span class='ocr_line' id='line_1_16' title="bbox 835 2133 2963 2211; baseline 0 -26"><span class='ocrx_word' id='word_1_118' title='bbox 835 2133 1104 2185; x_wconf 75' lang='lat' dir='ltr'><strong>undecimi</strong></span> <span class='ocrx_word' id='word_1_119' title='bbox 1123 2133 1246 2187; x_wconf 82' lang='lat' dir='ltr'><strong>libri</strong></span> <span class='ocrx_word' id='word_1_120' title='bbox 1266 2154 1452 2189; x_wconf 81' lang='lat' dir='ltr'><strong>sensus</strong></span> <span class='ocrx_word' id='word_1_121' title='bbox 1475 2138 1742 2188; x_wconf 81' lang='lat' dir='ltr'><strong>actionem</strong></span> <span class='ocrx_word' id='word_1_122' title='bbox 1763 2136 1850 2208; x_wconf 86' lang='lat' dir='ltr'><strong>ip-</strong></span> <span class='ocrx_word' id='word_1_123' title='bbox 1919 2136 2083 2211; x_wconf 74' lang='lat' dir='ltr'><strong>n‘que</strong></span> <span class='ocrx_word' id='word_1_124' title='bbox 2108 2133 2365 2186; x_wconf 74' lang='lat' dir='ltr'><strong>meditati.</strong></span> <span class='ocrx_word' id='word_1_125' title='bbox 2389 2135 2566 2186; x_wconf 78' lang='lat' dir='ltr'><strong>Turio.</strong></span> <span class='ocrx_word' id='word_1_126' title='bbox 2598 2150 2814 2203; x_wconf 84' lang='lat' dir='ltr'><strong>quoque</strong></span> <span class='ocrx_word' id='word_1_127' title='bbox 2839 2151 2963 2186; x_wconf 55' lang='lat' dir='ltr'><strong>me*</strong></span> 
     </span>
     <span class='ocr_line' id='line_1_17' title="bbox 836 2209 2949 2287; baseline 0.001 -23"><span class='ocrx_word' id='word_1_128' title='bbox 836 2215 1226 2285; x_wconf 80' lang='lat' dir='ltr'><strong>samrespiciat.</strong></span> <span class='ocrx_word' id='word_1_129' title='bbox 1243 2217 1582 2287; x_wconf 75' lang='lat' dir='ltr'><strong>Quamquam</strong></span> <span class='ocrx_word' id='word_1_130' title='bbox 1597 2230 1651 2268; x_wconf 87' lang='lat' dir='ltr'><strong>et</strong></span> <span class='ocrx_word' id='word_1_131' title='bbox 1669 2215 1748 2268; x_wconf 86' lang='lat' dir='ltr'><strong>ibi</strong></span> <span class='ocrx_word' id='word_1_132' title='bbox 1765 2230 1846 2268; x_wconf 82' lang='lat' dir='ltr'><strong>est</strong></span> <span class='ocrx_word' id='word_1_133' title='bbox 1935 2214 2105 2266; x_wconf 75' lang='lat' dir='ltr'><strong>ditati.</strong></span> <span class='ocrx_word' id='word_1_134' title='bbox 2139 2212 2410 2266; x_wconf 73' lang='lat' dir='ltr'><strong>Modulatt&#39;</strong></span> <span class='ocrx_word' id='word_1_135' title='bbox 2446 2231 2509 2266; x_wconf 81' lang='lat' dir='ltr'><strong>ex</strong></span> <span class='ocrx_word' id='word_1_136' title='bbox 2546 2210 2665 2266; x_wconf 77' lang='lat' dir='ltr'><strong>solo</strong></span> <span class='ocrx_word' id='word_1_137' title='bbox 2699 2209 2949 2266; x_wconf 76' lang='lat' dir='ltr'><strong>Gothano</strong></span> 
     </span>
    </p>
   </div>
   <div class='ocr_carea' id='block_1_5' title="bbox 828 2291 1845 3311">
    <p class='ocr_par' dir='ltr' id='par_1_5' title="bbox 828 2291 1845 3296">
     <span class='ocr_line' id='line_1_18' title="bbox 835 2291 1845 2360; baseline 0.004 -18"><span class='ocrx_word' id='word_1_138' title='bbox 835 2292 1028 2344; x_wconf 75' lang='lat' dir='ltr'><strong>intueri</strong></span> <span class='ocrx_word' id='word_1_139' title='bbox 1056 2291 1358 2360; x_wconf 79' lang='lat' dir='ltr'><strong>lacunaria,</strong></span> <span class='ocrx_word' id='word_1_140' title='bbox 1395 2295 1491 2348; x_wconf 87' lang='lat' dir='ltr'><strong>sed</strong></span> <span class='ocrx_word' id='word_1_141' title='bbox 1523 2295 1687 2348; x_wconf 83' lang='lat' dir='ltr'><strong>altero</strong></span> <span class='ocrx_word' id='word_1_142' title='bbox 1723 2294 1845 2347; x_wconf 89' lang='lat' dir='ltr'><strong>loco</strong></span> 
     </span>
     <span class='ocr_line' id='line_1_19' title="bbox 832 2372 1845 2446; baseline 0.003 -24"><span class='ocrx_word' id='word_1_143' title='bbox 832 2382 1113 2441; x_wconf 71' lang='lat' dir='ltr'><strong>spectantes</strong></span> <span class='ocrx_word' id='word_1_144' title='bbox 1144 2383 1366 2438; x_wconf 84' lang='lat' dir='ltr'><strong>tectum,</strong></span> <span class='ocrx_word' id='word_1_145' title='bbox 1408 2388 1460 2426; x_wconf 87' lang='lat' dir='ltr'><strong>et</strong></span> <span class='ocrx_word' id='word_1_146' title='bbox 1496 2372 1656 2446; x_wconf 83' lang='lat' dir='ltr'><strong>plane</strong></span> <span class='ocrx_word' id='word_1_147' title='bbox 1685 2392 1845 2444; x_wconf 82' lang='lat' dir='ltr'><strong>repe-</strong></span> 
     </span>
     <span class='ocr_line' id='line_1_20' title="bbox 834 2451 1844 2521; baseline 0.003 -21"><span class='ocrx_word' id='word_1_148' title='bbox 834 2463 1034 2514; x_wconf 82' lang='lat' dir='ltr'><strong>tuntur,</strong></span> <span class='ocrx_word' id='word_1_149' title='bbox 1058 2469 1173 2520; x_wconf 70' lang='lat' dir='ltr'><strong>quie</strong></span> <span class='ocrx_word' id='word_1_150' title='bbox 1205 2451 1293 2503; x_wconf 88' lang='lat' dir='ltr'><strong>hic</strong></span> <span class='ocrx_word' id='word_1_151' title='bbox 1326 2451 1564 2521; x_wconf 79' lang='lat' dir='ltr'><strong>legimus.</strong></span> <span class='ocrx_word' id='word_1_152' title='bbox 1601 2454 1700 2503; x_wconf 80' lang='lat' dir='ltr'><strong>Pro</strong></span> <span class='ocrx_word' id='word_1_153' title='bbox 1737 2462 1844 2503; x_wconf 83' lang='lat' dir='ltr'><strong>tec-</strong></span> 
     </span>
     <span class='ocr_line' id='line_1_21' title="bbox 832 2528 1843 2602; baseline 0.004 -23"><span class='ocrx_word' id='word_1_154' title='bbox 832 2538 945 2580; x_wconf 80' lang='lat' dir='ltr'><strong>tum</strong></span> <span class='ocrx_word' id='word_1_155' title='bbox 969 2547 1079 2581; x_wconf 87' lang='lat' dir='ltr'><strong>non</strong></span> <span class='ocrx_word' id='word_1_156' title='bbox 1102 2528 1194 2601; x_wconf 90' lang='lat' dir='ltr'><strong>(ut</strong></span> <span class='ocrx_word' id='word_1_157' title='bbox 1215 2529 1323 2582; x_wconf 85' lang='lat' dir='ltr'><strong>dixi</strong></span> <span class='ocrx_word' id='word_1_158' title='bbox 1344 2532 1399 2583; x_wconf 91' lang='lat' dir='ltr'><strong>in</strong></span> <span class='ocrx_word' id='word_1_159' title='bbox 1421 2529 1581 2602; x_wconf 87' lang='lat' dir='ltr'><strong>nota)</strong></span> <span class='ocrx_word' id='word_1_160' title='bbox 1605 2532 1717 2583; x_wconf 86' lang='lat' dir='ltr'><strong>sine</strong></span> <span class='ocrx_word' id='word_1_161' title='bbox 1733 2530 1843 2583; x_wconf 85' lang='lat' dir='ltr'><strong>Go-</strong></span> 
     </span>
     <span class='ocr_line' id='line_1_22' title="bbox 829 2606 1843 2674; baseline 0.004 -15"><span class='ocrx_word' id='word_1_162' title='bbox 829 2606 996 2660; x_wconf 78' lang='lat' dir='ltr'><strong>thano</strong></span> <span class='ocrx_word' id='word_1_163' title='bbox 1026 2619 1217 2660; x_wconf 72' lang='lat' dir='ltr'><strong>rectum</strong></span> <span class='ocrx_word' id='word_1_164' title='bbox 1245 2609 1333 2662; x_wconf 84' lang='lat' dir='ltr'><strong>hic</strong></span> <span class='ocrx_word' id='word_1_165' title='bbox 1361 2610 1453 2662; x_wconf 76' lang='lat' dir='ltr'><strong>dat</strong></span> <span class='ocrx_word' id='word_1_166' title='bbox 1475 2615 1630 2663; x_wconf 81' lang='lat' dir='ltr'><strong>Voss.</strong></span> <span class='ocrx_word' id='word_1_167' title='bbox 1660 2628 1722 2674; x_wconf 79' lang='lat'><strong>23</strong></span> <span class='ocrx_word' id='word_1_168' title='bbox 1747 2610 1843 2664; x_wconf 84' lang='lat' dir='ltr'><strong>sed</strong></span> 
     </span>
     <span class='ocr_line' id='line_1_23' title="bbox 831 2687 1844 2755; baseline 0.005 -17"><span class='ocrx_word' id='word_1_169' title='bbox 831 2700 886 2738; x_wconf 89' lang='lat' dir='ltr'><strong>et</strong></span> <span class='ocrx_word' id='word_1_170' title='bbox 907 2688 984 2753; x_wconf 83' lang='lat' dir='ltr'><strong>X,</strong></span> <span class='ocrx_word' id='word_1_171' title='bbox 1009 2688 1069 2752; x_wconf 88' lang='lat'><strong>3,</strong></span> <span class='ocrx_word' id='word_1_172' title='bbox 1096 2687 1186 2755; x_wconf 79' lang='lat'><strong>15,</strong></span> <span class='ocrx_word' id='word_1_173' title='bbox 1207 2688 1299 2740; x_wconf 88' lang='lat' dir='ltr'><strong>ubi</strong></span> <span class='ocrx_word' id='word_1_174' title='bbox 1320 2691 1548 2742; x_wconf 80' lang='lat' dir='ltr'><strong>vicissim</strong></span> <span class='ocrx_word' id='word_1_175' title='bbox 1572 2690 1721 2743; x_wconf 85' lang='lat' dir='ltr'><strong>nulla</strong></span> <span class='ocrx_word' id='word_1_176' title='bbox 1739 2691 1844 2743; x_wconf 87' lang='lat' dir='ltr'><strong>Go-</strong></span> 
     </span>
     <span class='ocr_line' id='line_1_24' title="bbox 828 2765 1840 2840; baseline 0.004 -23"><span class='ocrx_word' id='word_1_177' title='bbox 828 2765 979 2818; x_wconf 80' lang='lat' dir='ltr'><strong>thani</strong></span> <span class='ocrx_word' id='word_1_178' title='bbox 999 2770 1216 2820; x_wconf 89' lang='lat' dir='ltr'><strong>mentio.</strong></span> <span class='ocrx_word' id='word_1_179' title='bbox 1242 2770 1439 2822; x_wconf 79' lang='lat' dir='ltr'><strong>Contra</strong></span> <span class='ocrx_word' id='word_1_180' title='bbox 1460 2771 1607 2822; x_wconf 84' lang='lat' dir='ltr'><strong>Jens.</strong></span> <span class='ocrx_word' id='word_1_181' title='bbox 1630 2768 1732 2840; x_wconf 85' lang='lat'>(11,</span> <span class='ocrx_word' id='word_1_182' title='bbox 1758 2787 1780 2821; x_wconf 91' lang='lat'>1</span> <span class='ocrx_word' id='word_1_183' title='bbox 1795 2787 1840 2837; x_wconf 84' lang='grc' dir='ltr'><strong>ι,</strong></span> 
     </span>
     <span class='ocr_line' id='line_1_25' title="bbox 829 2844 1841 2915; baseline 0.003 -18"><span class='ocrx_word' id='word_1_184' title='bbox 829 2844 901 2915; x_wconf 75' lang='grc'><strong>4)</strong></span> <span class='ocrx_word' id='word_1_185' title='bbox 928 2856 1117 2898; x_wconf 79' lang='lat' dir='ltr'><strong>tectum</strong></span> <span class='ocrx_word' id='word_1_186' title='bbox 1133 2885 1150 2911; x_wconf 89' lang='lat'>,</span> <span class='ocrx_word' id='word_1_187' title='bbox 1180 2866 1291 2900; x_wconf 88' lang='lat' dir='ltr'><strong>non</strong></span> <span class='ocrx_word' id='word_1_188' title='bbox 1319 2859 1512 2900; x_wconf 80' lang='lat' dir='ltr'><strong>rectum</strong></span> <span class='ocrx_word' id='word_1_189' title='bbox 1527 2886 1546 2915; x_wconf 88' lang='lat'><strong><em>,</em></strong></span> <span class='ocrx_word' id='word_1_190' title='bbox 1577 2862 1637 2900; x_wconf 90' lang='lat' dir='ltr'><strong>ut</strong></span> <span class='ocrx_word' id='word_1_191' title='bbox 1663 2860 1841 2900; x_wconf 78' lang='lat' dir='ltr'><strong>narrat</strong></span> 
     </span>
     <span class='ocr_line' id='line_1_26' title="bbox 829 2927 1842 2999; baseline 0.001 -22"><span class='ocrx_word' id='word_1_192' title='bbox 829 2927 990 2979; x_wconf 85' lang='lat' dir='ltr'><strong>Gesn.</strong></span> <span class='ocrx_word' id='word_1_193' title='bbox 1021 2927 1195 2979; x_wconf 67' lang='lat' dir='ltr'><strong>Suu).</strong></span> <span class='ocrx_word' id='word_1_194' title='bbox 1227 2929 1280 2978; x_wconf 87' lang='lat' dir='ltr'><strong>in</strong></span> <span class='ocrx_word' id='word_1_195' title='bbox 1307 2928 1540 2999; x_wconf 82' lang='lat' dir='ltr'><strong>praefat.‚</strong></span> <span class='ocrx_word' id='word_1_196' title='bbox 1568 2947 1625 2999; x_wconf 88' lang='lat' dir='ltr'><strong>p.</strong></span> <span class='ocrx_word' id='word_1_197' title='bbox 1657 2928 1742 2980; x_wconf 88' lang='grc'><strong>83.</strong></span> <span class='ocrx_word' id='word_1_198' title='bbox 1768 2956 1842 2969; x_wconf 86' lang='lat'><strong>--</strong></span> 
     </span>
     <span class='ocr_line' id='line_1_27' title="bbox 830 3006 1839 3077; baseline 0.003 -21"><span class='ocrx_word' id='word_1_199' title='bbox 830 3006 1160 3077; x_wconf 76' lang='lat' dir='ltr'><strong>Exspectant.</strong></span> <span class='ocrx_word' id='word_1_200' title='bbox 1186 3008 1263 3059; x_wconf 83' lang='lat' dir='ltr'><strong>lta</strong></span> <span class='ocrx_word' id='word_1_201' title='bbox 1284 3006 1453 3059; x_wconf 87' lang='lat' dir='ltr'><strong>codd.</strong></span> <span class='ocrx_word' id='word_1_202' title='bbox 1478 3010 1586 3061; x_wconf 81' lang='lat' dir='ltr'><strong>RR.</strong></span> <span class='ocrx_word' id='word_1_203' title='bbox 1621 3025 1667 3074; x_wconf 83' lang='grc' dir='ltr'><strong>ι,</strong></span> <span class='ocrx_word' id='word_1_204' title='bbox 1695 3024 1752 3073; x_wconf 77' lang='lat'><strong>2,</strong></span> <span class='ocrx_word' id='word_1_205' title='bbox 1777 3009 1839 3073; x_wconf 96' lang='grc'>3,</span> 
     </span>
     <span class='ocr_line' id='line_1_28' title="bbox 828 3086 1841 3159; baseline 0.002 -22"><span class='ocrx_word' id='word_1_206' title='bbox 828 3086 989 3137; x_wconf 67' lang='lat' dir='ltr'><strong>cim.</strong></span> <span class='ocrx_word' id='word_1_207' title='bbox 1011 3088 1080 3139; x_wconf 74' lang='lat' dir='ltr'><strong>At</strong></span> <span class='ocrx_word' id='word_1_208' title='bbox 1099 3087 1220 3138; x_wconf 73' lang='lat' dir='ltr'><strong>Cu».</strong></span> <span class='ocrx_word' id='word_1_209' title='bbox 1242 3101 1297 3139; x_wconf 86' lang='lat' dir='ltr'><strong>et</strong></span> <span class='ocrx_word' id='word_1_210' title='bbox 1315 3086 1399 3138; x_wconf 87' lang='lat' dir='ltr'><strong>ed.</strong></span> <span class='ocrx_word' id='word_1_211' title='bbox 1421 3086 1583 3139; x_wconf 85' lang='lat' dir='ltr'><strong>Hack.</strong></span> <span class='ocrx_word' id='word_1_212' title='bbox 1597 3125 1616 3153; x_wconf 89' lang='lat'>‚</span> <span class='ocrx_word' id='word_1_213' title='bbox 1639 3105 1841 3159; x_wconf 76' lang='lat' dir='ltr'><strong>exspec-</strong></span> 
     </span>
     <span class='ocr_line' id='line_1_29' title="bbox 831 3165 1837 3219; baseline 0.004 -4"><span class='ocrx_word' id='word_1_214' title='bbox 831 3175 1010 3217; x_wconf 75' lang='lat' dir='ltr'><strong>tantes.</strong></span> <span class='ocrx_word' id='word_1_215' title='bbox 1046 3167 1138 3216; x_wconf 85' lang='lat' dir='ltr'><strong>Eo.</strong></span> <span class='ocrx_word' id='word_1_216' title='bbox 1163 3196 1236 3207; x_wconf 90' lang='grc'><strong>--</strong></span> <span class='ocrx_word' id='word_1_217' title='bbox 1258 3165 1448 3218; x_wconf 81' lang='lat' dir='ltr'><strong>Plur...</strong></span> <span class='ocrx_word' id='word_1_218' title='bbox 1484 3166 1675 3219; x_wconf 78' lang='lat' dir='ltr'><strong>diebus.</strong></span> <span class='ocrx_word' id='word_1_219' title='bbox 1704 3165 1837 3219; x_wconf 87' lang='lat' dir='ltr'><strong>Vide</strong></span> 
     </span>
     <span class='ocr_line' id='line_1_30' title="bbox 828 3244 1174 3311; baseline 0.003 -16"><span class='ocrx_word' id='word_1_220' title='bbox 828 3245 1022 3311; x_wconf 83' lang='lat' dir='ltr'><strong>xl,3.,</strong></span> <span class='ocrx_word' id='word_1_221' title='bbox 1060 3244 1174 3298; x_wconf 83' lang='lat'><strong>160.</strong></span> 
     </span>
    </p>
   </div>
   <div class='ocr_carea' id='block_1_6' title="bbox 828 3321 1838 3472">
    <p class='ocr_par' dir='ltr' id='par_1_6' title="bbox 828 3321 1838 3472">
     <span class='ocr_line' id='line_1_31' title="bbox 909 3321 1838 3397; baseline 0.002 -23.173"><span class='ocrx_word' id='word_1_222' title='bbox 909 3321 1199 3376; x_wconf 61' lang='lat' dir='ltr'><strong>LGIaaeico</strong></span> <span class='ocrx_word' id='word_1_223' title='bbox 1224 3324 1467 3377; x_wconf 78' lang='lat' dir='ltr'><strong>instincti.</strong></span> <span class='ocrx_word' id='word_1_224' title='bbox 1496 3324 1838 3397; x_wconf 81' lang='lat' dir='ltr'><strong>Participium</strong></span> 
     </span>
     <span class='ocr_line' id='line_1_32' title="bbox 828 3402 1836 3472; baseline 0.003 -20"><span class='ocrx_word' id='word_1_225' title='bbox 828 3402 1012 3472; x_wconf 82' lang='lat' dir='ltr'><strong>accipe</strong></span> <span class='ocrx_word' id='word_1_226' title='bbox 1040 3402 1421 3472; x_wconf 75' lang='lat' dir='ltr'><strong>significatione</strong></span> <span class='ocrx_word' id='word_1_227' title='bbox 1449 3402 1610 3456; x_wconf 87' lang='lat' dir='ltr'><strong>medii</strong></span> <span class='ocrx_word' id='word_1_228' title='bbox 1636 3404 1836 3471; x_wconf 62' lang='lat' dir='ltr'><strong>Greci,</strong></span> 
     </span>
    </p>
   </div>
   <div class='ocr_carea' id='block_1_7' title="bbox 734 3481 1835 3552">
    <p class='ocr_par' dir='ltr' id='par_1_7' title="bbox 734 3481 1835 3552">
     <span class='ocr_line' id='line_1_33' title="bbox 734 3481 1835 3552; baseline 0.004 -20"><span class='ocrx_word' id='word_1_229' title='bbox 734 3498 740 3506; x_wconf 92' lang='lat'><strong>·</strong></span> <span class='ocrx_word' id='word_1_230' title='bbox 827 3481 929 3552; x_wconf 87' lang='lat' dir='ltr'><strong>ipsi</strong></span> <span class='ocrx_word' id='word_1_231' title='bbox 959 3483 1101 3534; x_wconf 86' lang='lat' dir='ltr'><strong>enim</strong></span> <span class='ocrx_word' id='word_1_232' title='bbox 1132 3482 1835 3545; x_wconf 74' lang='lat' dir='ltr'><strong>murmuran13et-classi-</strong></span> 
     </span>
    </p>
   </div>
   <div class='ocr_carea' id='block_1_8' title="bbox 819 3562 1836 4268">
    <p class='ocr_par' dir='ltr' id='par_1_8' title="bbox 819 3562 1836 4179">
     <span class='ocr_line' id='line_1_34' title="bbox 832 3562 1833 3633; baseline 0.002 -22.09"><span class='ocrx_word' id='word_1_233' title='bbox 832 3578 1032 3611; x_wconf 78' lang='lat' dir='ltr'><strong>·-cmn</strong></span> <span class='ocrx_word' id='word_1_234' title='bbox 1055 3578 1181 3613; x_wconf 74' lang='lat' dir='ltr'><strong>cave</strong></span> <span class='ocrx_word' id='word_1_235' title='bbox 1195 3578 1429 3633; x_wconf 69' lang='lat' dir='ltr'><strong>organon</strong></span> <span class='ocrx_word' id='word_1_236' title='bbox 1446 3562 1833 3632; x_wconf 76' lang='lat' dir='ltr'><strong>interpreteris,</strong></span> 
     </span>
     <span class='ocr_line' id='line_1_35' title="bbox 824 3637 1836 3709; baseline 0.001 -17"><span class='ocrx_word' id='word_1_237' title='bbox 824 3637 919 3692; x_wconf 82' lang='lat' dir='ltr'><strong>sed</strong></span> <span class='ocrx_word' id='word_1_238' title='bbox 942 3658 1128 3692; x_wconf 80' lang='lat' dir='ltr'><strong>sonum</strong></span> <span class='ocrx_word' id='word_1_239' title='bbox 1150 3638 1399 3709; x_wconf 78' lang='lat' dir='ltr'><strong>intellige.</strong></span> <span class='ocrx_word' id='word_1_240' title='bbox 1423 3668 1497 3678; x_wconf 90' lang='lat'><strong>—</strong></span> <span class='ocrx_word' id='word_1_241' title='bbox 1522 3640 1685 3694; x_wconf 81' lang='lat' dir='ltr'><strong>Velut</strong></span> <span class='ocrx_word' id='word_1_242' title='bbox 1702 3640 1836 3693; x_wconf 70' lang='lat' dir='ltr'><strong>clas·-</strong></span> 
     </span>
     <span class='ocr_line' id='line_1_36' title="bbox 821 3717 1836 3791; baseline 0.002 -20"><span class='ocrx_word' id='word_1_243' title='bbox 821 3718 925 3771; x_wconf 79' lang='lat' dir='ltr'><strong>st&#39;co</strong></span> <span class='ocrx_word' id='word_1_244' title='bbox 936 3756 952 3783; x_wconf 93' lang='lat'>‚</span> <span class='ocrx_word' id='word_1_245' title='bbox 972 3718 1228 3784; x_wconf 76' lang='lat' dir='ltr'><strong>instincti,</strong></span> <span class='ocrx_word' id='word_1_246' title='bbox 1244 3732 1345 3770; x_wconf 86' lang='lat' dir='ltr'><strong>etc.</strong></span> <span class='ocrx_word' id='word_1_247' title='bbox 1367 3717 1632 3790; x_wconf 81' lang='lat' dir='ltr'><strong>Graphice</strong></span> <span class='ocrx_word' id='word_1_248' title='bbox 1650 3719 1836 3791; x_wconf 84' lang='lat' dir='ltr'><strong>depin-</strong></span> 
     </span>
     <span class='ocr_line' id='line_1_37' title="bbox 820 3796 1835 3869; baseline 0.001 -19"><span class='ocrx_word' id='word_1_249' title='bbox 820 3800 897 3869; x_wconf 74' lang='lat' dir='ltr'><strong>git</strong></span> <span class='ocrx_word' id='word_1_250' title='bbox 919 3798 1113 3851; x_wconf 83' lang='lat' dir='ltr'><strong>Fabius</strong></span> <span class='ocrx_word' id='word_1_251' title='bbox 1140 3797 1352 3849; x_wconf 82' lang='lat' dir='ltr'><strong>illorum</strong></span> <span class='ocrx_word' id='word_1_252' title='bbox 1374 3796 1647 3849; x_wconf 78' lang='lat' dir='ltr'><strong>rhetorum</strong></span> <span class='ocrx_word' id='word_1_253' title='bbox 1675 3800 1730 3851; x_wconf 89' lang='lat' dir='ltr'><strong>in</strong></span> <span class='ocrx_word' id='word_1_254' title='bbox 1757 3818 1835 3851; x_wconf 78' lang='lat' dir='ltr'><strong>re·</strong></span> 
     </span>
     <span class='ocr_line' id='line_1_38' title="bbox 820 3877 1831 3951; baseline -0.001 -21"><span class='ocrx_word' id='word_1_255' title='bbox 820 3897 941 3930; x_wconf 80' lang='lat' dir='ltr'><strong>rum</strong></span> <span class='ocrx_word' id='word_1_256' title='bbox 963 3891 1017 3930; x_wconf 88' lang='lat' dir='ltr'><strong>et</strong></span> <span class='ocrx_word' id='word_1_257' title='bbox 1039 3877 1322 3930; x_wconf 79' lang='lat' dir='ltr'><strong>verborum</strong></span> <span class='ocrx_word' id='word_1_258' title='bbox 1344 3879 1649 3929; x_wconf 75' lang='lat' dir='ltr'><strong>inventione</strong></span> <span class='ocrx_word' id='word_1_259' title='bbox 1675 3880 1831 3951; x_wconf 85' lang='lat' dir='ltr'><strong>inep-</strong></span> 
     </span>
     <span class='ocr_line' id='line_1_39' title="bbox 819 3958 1833 4030; baseline 0 -20"><span class='ocrx_word' id='word_1_260' title='bbox 819 3971 931 4010; x_wconf 73' lang='lat' dir='ltr'><strong>tam</strong></span> <span class='ocrx_word' id='word_1_261' title='bbox 980 3960 1239 4011; x_wconf 79' lang='lat' dir='ltr'><strong>rationem</strong></span> <span class='ocrx_word' id='word_1_262' title='bbox 1263 3996 1280 4025; x_wconf 85' lang='lat'><strong>‚</strong></span> <span class='ocrx_word' id='word_1_263' title='bbox 1327 3959 1452 4030; x_wconf 76' lang='lat' dir='ltr'><strong>quia</strong></span> <span class='ocrx_word' id='word_1_264' title='bbox 1502 3971 1617 4010; x_wconf 79' lang='lat' dir='ltr'><strong>arte</strong></span> <span class='ocrx_word' id='word_1_265' title='bbox 1668 3958 1833 4011; x_wconf 73' lang='lat' dir='ltr'><strong>desti-</strong></span> 
     </span>
     <span class='ocr_line' id='line_1_40' title="bbox 824 4037 1831 4108; baseline 0.005 -22"><span class='ocrx_word' id='word_1_266' title='bbox 824 4050 1063 4103; x_wconf 78' lang='lat' dir='ltr'><strong>tuuntur,</strong></span> <span class='ocrx_word' id='word_1_267' title='bbox 1078 4051 1135 4089; x_wconf 86' lang='lat' dir='ltr'><strong>ut</strong></span> <span class='ocrx_word' id='word_1_268' title='bbox 1152 4037 1275 4090; x_wconf 86' lang='lat' dir='ltr'><strong>inde</strong></span> <span class='ocrx_word' id='word_1_269' title='bbox 1294 4037 1509 4108; x_wconf 71' lang='lat' dir='ltr'><strong>colligat</strong></span> <span class='ocrx_word' id='word_1_270' title='bbox 1528 4051 1698 4091; x_wconf 76' lang='lat' dir='ltr'><strong>artem</strong></span> <span class='ocrx_word' id='word_1_271' title='bbox 1717 4057 1831 4092; x_wconf 81' lang='lat' dir='ltr'><strong>esse</strong></span> 
     </span>
     <span class='ocr_line' id='line_1_41' title="bbox 823 4118 1378 4179; baseline 0.004 -13"><span class='ocrx_word' id='word_1_272' title='bbox 823 4118 1192 4179; x_wconf 78' lang='lat' dir='ltr'><strong>necessariam.</strong></span> <span class='ocrx_word' id='word_1_273' title='bbox 1212 4118 1378 4171; x_wconf 71' lang='lat' dir='ltr'><strong>Tm.</strong></span> 
     </span>
    </p>

    <p class='ocr_par' dir='ltr' id='par_1_9' title="bbox 894 4195 1831 4268">
     <span class='ocr_line' id='line_1_42' title="bbox 894 4195 1831 4268; baseline 0.005 -22"><span class='ocrx_word' id='word_1_274' title='bbox 894 4212 942 4246; x_wconf 80' lang='lat'><strong>2.</strong></span> <span class='ocrx_word' id='word_1_275' title='bbox 968 4195 1215 4268; x_wconf 73' lang='lat' dir='ltr'><strong>clareque</strong></span> <span class='ocrx_word' id='word_1_276' title='bbox 1233 4195 1507 4250; x_wconf 79' lang='lat' dir='ltr'><strong>modulati.</strong></span> <span class='ocrx_word' id='word_1_277' title='bbox 1527 4197 1701 4251; x_wconf 85' lang='lat' dir='ltr'><strong>Guelf.</strong></span> <span class='ocrx_word' id='word_1_278' title='bbox 1724 4196 1831 4251; x_wconf 84' lang='lat' dir='ltr'><strong>cla-</strong></span> 
     </span>
    </p>
   </div>
   <div class='ocr_carea' id='block_1_9' title="bbox 1916 2292 2962 4252">
    <p class='ocr_par' dir='ltr' id='par_1_10' title="bbox 1934 2292 2951 2365">
     <span class='ocr_line' id='line_1_43' title="bbox 1934 2292 2951 2365; baseline -0.002 -19"><span class='ocrx_word' id='word_1_279' title='bbox 1934 2295 2135 2365; x_wconf 78' lang='lat' dir='ltr'><strong>primus</strong></span> <span class='ocrx_word' id='word_1_280' title='bbox 2159 2295 2364 2364; x_wconf 84' lang='lat' dir='ltr'><strong>recepit</strong></span> <span class='ocrx_word' id='word_1_281' title='bbox 2380 2292 2677 2356; x_wconf 63' lang='lat' dir='ltr'><strong>Genucius,</strong></span> <span class='ocrx_word' id='word_1_282' title='bbox 2693 2302 2746 2343; x_wconf 78' lang='lat' dir='ltr'><strong>et</strong></span> <span class='ocrx_word' id='word_1_283' title='bbox 2767 2303 2847 2342; x_wconf 73' lang='lat' dir='ltr'><strong>est</strong></span> <span class='ocrx_word' id='word_1_284' title='bbox 2863 2308 2951 2344; x_wconf 76' lang='lat' dir='ltr'><strong>sa·</strong></span> 
     </span>
    </p>

    <p class='ocr_par' dir='ltr' id='par_1_11' title="bbox 1928 2368 2953 2916">
     <span class='ocr_line' id='line_1_44' title="bbox 1934 2368 2950 2444; baseline 0.001 -21"><span class='ocrx_word' id='word_1_285' title='bbox 1934 2391 2003 2425; x_wconf 86' lang='lat' dir='ltr'><strong>ne</strong></span> <span class='ocrx_word' id='word_1_286' title='bbox 2022 2372 2498 2444; x_wconf 72' lang='lat' dir='ltr'><strong>appositissimum·</strong></span> <span class='ocrx_word' id='word_1_287' title='bbox 2485 2409 2501 2432; x_wconf 85' lang='lat'>‚</span> <span class='ocrx_word' id='word_1_288' title='bbox 2519 2388 2682 2440; x_wconf 80' lang='lat' dir='ltr'><strong>quare</strong></span> <span class='ocrx_word' id='word_1_289' title='bbox 2700 2368 2858 2422; x_wconf 86' lang='lat' dir='ltr'><strong>doleo</strong></span> <span class='ocrx_word' id='word_1_290' title='bbox 2878 2390 2950 2424; x_wconf 80' lang='lat' dir='ltr'><strong>ne</strong></span> 
     </span>
     <span class='ocr_line' id='line_1_45' title="bbox 1928 2448 2953 2522; baseline -0.002 -19"><span class='ocrx_word' id='word_1_291' title='bbox 1928 2455 2085 2504; x_wconf 81' lang='lat' dir='ltr'><strong>Voss.</strong></span> <span class='ocrx_word' id='word_1_292' title='bbox 2102 2450 2318 2522; x_wconf 83' lang='lat' dir='ltr'><strong>quidem</strong></span> <span class='ocrx_word' id='word_1_293' title='bbox 2342 2448 2636 2504; x_wconf 80' lang='lat' dir='ltr'><strong>secundum</strong></span> <span class='ocrx_word' id='word_1_294' title='bbox 2654 2451 2768 2519; x_wconf 81' lang='lat' dir='ltr'><strong>ejus</strong></span> <span class='ocrx_word' id='word_1_295' title='bbox 2789 2450 2953 2520; x_wconf 78' lang='lat' dir='ltr'><strong>serip-</strong></span> 
     </span>
     <span class='ocr_line' id='line_1_46' title="bbox 1929 2529 2949 2585; baseline -0.003 -1"><span class='ocrx_word' id='word_1_296' title='bbox 1929 2546 2058 2585; x_wconf 72' lang='lat' dir='ltr'><strong>tum</strong></span> <span class='ocrx_word' id='word_1_297' title='bbox 2076 2529 2339 2584; x_wconf 85' lang='lat' dir='ltr'><strong>vindicem</strong></span> <span class='ocrx_word' id='word_1_298' title='bbox 2365 2529 2575 2585; x_wconf 75' lang='lat' dir='ltr'><strong>adduci.</strong></span> <span class='ocrx_word' id='word_1_299' title='bbox 2599 2531 2844 2585; x_wconf 76' lang='lat' dir='ltr'><strong>Fortasse</strong></span> <span class='ocrx_word' id='word_1_300' title='bbox 2862 2543 2949 2581; x_wconf 79' lang='lat' dir='ltr'><strong>ta-</strong></span> 
     </span>
     <span class='ocr_line' id='line_1_47' title="bbox 1929 2606 2951 2679; baseline 0 -16"><span class='ocrx_word' id='word_1_301' title='bbox 1929 2631 2054 2665; x_wconf 84' lang='lat' dir='ltr'><strong>men</strong></span> <span class='ocrx_word' id='word_1_302' title='bbox 2084 2610 2224 2663; x_wconf 73' lang='lat' dir='ltr'><strong>clare</strong></span> <span class='ocrx_word' id='word_1_303' title='bbox 2254 2609 2530 2675; x_wconf 75' lang='lat' dir='ltr'><strong>meditari,</strong></span> <span class='ocrx_word' id='word_1_304' title='bbox 2571 2608 2736 2663; x_wconf 77' lang='lat' dir='ltr'><strong>modo</strong></span> <span class='ocrx_word' id='word_1_305' title='bbox 2767 2606 2951 2679; x_wconf 79' lang='lat' dir='ltr'><strong>(quod</strong></span> 
     </span>
     <span class='ocr_line' id='line_1_48' title="bbox 1932 2686 2944 2764; baseline -0.002 -22"><span class='ocrx_word' id='word_1_306' title='bbox 1932 2691 2167 2764; x_wconf 82' lang='lat' dir='ltr'><strong>oportet)</strong></span> <span class='ocrx_word' id='word_1_307' title='bbox 2186 2702 2606 2743; x_wconf 83' lang='lat' dir='ltr'><strong>commentantes</strong></span> <span class='ocrx_word' id='word_1_308' title='bbox 2621 2691 2676 2741; x_wconf 89' lang='lat' dir='ltr'><strong>in</strong></span> <span class='ocrx_word' id='word_1_309' title='bbox 2691 2686 2944 2741; x_wconf 83' lang='lat' dir='ltr'><strong>cubiculo</strong></span> 
     </span>
     <span class='ocr_line' id='line_1_49' title="bbox 1930 2766 2946 2841; baseline -0.002 -19"><span class='ocrx_word' id='word_1_310' title='bbox 1930 2772 2252 2841; x_wconf 76' lang='lat' dir='ltr'><strong>cogitemus,</strong></span> <span class='ocrx_word' id='word_1_311' title='bbox 2275 2788 2386 2821; x_wconf 90' lang='lat' dir='ltr'><strong>non</strong></span> <span class='ocrx_word' id='word_1_312' title='bbox 2409 2770 2569 2823; x_wconf 77' lang='lat' dir='ltr'><strong>fuerit</strong></span> <span class='ocrx_word' id='word_1_313' title='bbox 2598 2766 2845 2821; x_wconf 83' lang='lat' dir='ltr'><strong>alienum.</strong></span> <span class='ocrx_word' id='word_1_314' title='bbox 2869 2796 2946 2808; x_wconf 90' lang='lat'>—</span> 
     </span>
     <span class='ocr_line' id='line_1_50' title="bbox 1928 2848 2945 2916; baseline -0.003 -14"><span class='ocrx_word' id='word_1_315' title='bbox 1928 2853 2036 2902; x_wconf 82' lang='lat' dir='ltr'><strong>RR.</strong></span> <span class='ocrx_word' id='word_1_316' title='bbox 2066 2866 2113 2916; x_wconf 84' lang='grc' dir='ltr'><strong>ι,</strong></span> <span class='ocrx_word' id='word_1_317' title='bbox 2136 2868 2197 2916; x_wconf 77' lang='lat'><strong>2,</strong></span> <span class='ocrx_word' id='word_1_318' title='bbox 2218 2851 2251 2903; x_wconf 89' lang='grc'>3</span> <span class='ocrx_word' id='word_1_319' title='bbox 2275 2863 2329 2902; x_wconf 84' lang='lat' dir='ltr'><strong>et</strong></span> <span class='ocrx_word' id='word_1_320' title='bbox 2351 2851 2545 2915; x_wconf 69' lang='lat' dir='ltr'><strong>Cum,</strong></span> <span class='ocrx_word' id='word_1_321' title='bbox 2568 2848 2823 2900; x_wconf 71' lang='lat' dir='ltr'><strong>meditati.</strong></span> <span class='ocrx_word' id='word_1_322' title='bbox 2845 2848 2945 2901; x_wconf 72' lang='lat' dir='ltr'><strong>Et.</strong></span> 
     </span>
    </p>

    <p class='ocr_par' dir='ltr' id='par_1_12' title="bbox 1927 2924 2950 3239">
     <span class='ocr_line' id='line_1_51' title="bbox 2002 2924 2942 2983; baseline -0.006 0"><span class='ocrx_word' id='word_1_323' title='bbox 2002 2931 2052 2983; x_wconf 88' lang='grc'><strong>3.</strong></span> <span class='ocrx_word' id='word_1_324' title='bbox 2085 2929 2166 2982; x_wconf 84' lang='lat' dir='ltr'><strong>Ac</strong></span> <span class='ocrx_word' id='word_1_325' title='bbox 2199 2940 2347 2982; x_wconf 84' lang='lat' dir='ltr'><strong>nota.</strong></span> <span class='ocrx_word' id='word_1_326' title='bbox 2381 2931 2460 2981; x_wconf 78' lang='lat' dir='ltr'><strong>Ita</strong></span> <span class='ocrx_word' id='word_1_327' title='bbox 2491 2927 2666 2981; x_wconf 84' lang='lat' dir='ltr'><strong>Guelf.</strong></span> <span class='ocrx_word' id='word_1_328' title='bbox 2699 2940 2754 2979; x_wconf 87' lang='lat' dir='ltr'><strong>et</strong></span> <span class='ocrx_word' id='word_1_329' title='bbox 2779 2924 2942 2980; x_wconf 83' lang='lat' dir='ltr'><strong>Goth.</strong></span> 
     </span>
     <span class='ocr_line' id='line_1_52' title="bbox 1929 3005 2950 3080; baseline -0.003 -18"><span class='ocrx_word' id='word_1_330' title='bbox 1929 3008 2064 3079; x_wconf 77' lang='lat' dir='ltr'><strong>(tac.</strong></span> <span class='ocrx_word' id='word_1_331' title='bbox 2090 3009 2251 3061; x_wconf 80' lang='lat' dir='ltr'><strong>Gesn.</strong></span> <span class='ocrx_word' id='word_1_332' title='bbox 2267 3009 2434 3080; x_wconf 73' lang='lat' dir='ltr'><strong>&gt;cum</strong></span> <span class='ocrx_word' id='word_1_333' title='bbox 2457 3006 2578 3059; x_wconf 81' lang='lat' dir='ltr'><strong>Ald.</strong></span> <span class='ocrx_word' id='word_1_334' title='bbox 2605 3018 2658 3059; x_wconf 80' lang='lat' dir='ltr'><strong>et</strong></span> <span class='ocrx_word' id='word_1_335' title='bbox 2679 3005 2812 3060; x_wconf 82' lang='lat' dir='ltr'><strong>ohr.</strong></span> <span class='ocrx_word' id='word_1_336' title='bbox 2833 3005 2950 3059; x_wconf 71' lang='lat' dir='ltr'><strong>Cn-</strong></span> 
     </span>
     <span class='ocr_line' id='line_1_53' title="bbox 1929 3089 2948 3161; baseline -0.004 -20"><span class='ocrx_word' id='word_1_337' title='bbox 1929 3092 2028 3141; x_wconf 76' lang='lat' dir='ltr'><strong>teri</strong></span> <span class='ocrx_word' id='word_1_338' title='bbox 2061 3090 2174 3141; x_wconf 85' lang='lat' dir='ltr'><strong>fere</strong></span> <span class='ocrx_word' id='word_1_339' title='bbox 2210 3099 2368 3161; x_wconf 82' lang='lat' dir='ltr'><strong>atque</strong></span> <span class='ocrx_word' id='word_1_340' title='bbox 2406 3096 2566 3151; x_wconf 81' lang='lat' dir='ltr'><strong>nota,</strong></span> <span class='ocrx_word' id='word_1_341' title='bbox 2605 3089 2781 3138; x_wconf 65' lang='lat' dir='ltr'><strong>minus</strong></span> <span class='ocrx_word' id='word_1_342' title='bbox 2816 3098 2948 3157; x_wconf 66' lang='lat' dir='ltr'><strong>apte</strong></span> 
     </span>
     <span class='ocr_line' id='line_1_54' title="bbox 1927 3163 2948 3239; baseline -0.004 -21"><span class='ocrx_word' id='word_1_343' title='bbox 1927 3180 2148 3239; x_wconf 77' lang='lat' dir='ltr'><strong>propter</strong></span> <span class='ocrx_word' id='word_1_344' title='bbox 2179 3169 2417 3239; x_wconf 74' lang='lat' dir='ltr'><strong>proxiine</strong></span> <span class='ocrx_word' id='word_1_345' title='bbox 2455 3163 2774 3219; x_wconf 77' lang='lat' dir='ltr'><strong>antecedens</strong></span> <span class='ocrx_word' id='word_1_346' title='bbox 2816 3173 2948 3215; x_wconf 73' lang='lat' dir='ltr'><strong>uat-</strong></span> 
     </span>
    </p>

    <p class='ocr_par' dir='ltr' id='par_1_13' title="bbox 1923 3241 2951 3474">
     <span class='ocr_line' id='line_1_55' title="bbox 1933 3241 2951 3319; baseline -0.002 -21.912"><span class='ocrx_word' id='word_1_347' title='bbox 1933 3265 2078 3319; x_wconf 71' lang='lat' dir='ltr'><strong>esque</strong></span> <span class='ocrx_word' id='word_1_348' title='bbox 2098 3244 2251 3296; x_wconf 74' lang='lat' dir='ltr'><strong>alia»</strong></span> <span class='ocrx_word' id='word_1_349' title='bbox 2281 3244 2376 3298; x_wconf 83' lang='lat' dir='ltr'><strong>ubi</strong></span> <span class='ocrx_word' id='word_1_350' title='bbox 2398 3245 2696 3297; x_wconf 72' lang='lat' dir='ltr'><strong>necessario</strong></span> <span class='ocrx_word' id='word_1_351' title='bbox 2721 3245 2796 3296; x_wconf 70' lang='lat' dir='ltr'><strong>ita</strong></span> <span class='ocrx_word' id='word_1_352' title='bbox 2820 3241 2951 3312; x_wconf 66' lang='lat' dir='ltr'><strong>legi-</strong></span> 
     </span>
     <span class='ocr_line' id='line_1_56' title="bbox 1926 3319 2945 3395; baseline -0.003 -19"><span class='ocrx_word' id='word_1_353' title='bbox 1926 3339 2029 3392; x_wconf 81' lang='lat' dir='ltr'><strong>tur,</strong></span> <span class='ocrx_word' id='word_1_354' title='bbox 2059 3336 2119 3375; x_wconf 89' lang='lat' dir='ltr'><strong>ut</strong></span> <span class='ocrx_word' id='word_1_355' title='bbox 2146 3337 2200 3376; x_wconf 84' lang='lat' dir='ltr'><strong>et</strong></span> <span class='ocrx_word' id='word_1_356' title='bbox 2228 3342 2409 3376; x_wconf 63' lang='lat' dir='ltr'><strong>mox:</strong></span> <span class='ocrx_word' id='word_1_357' title='bbox 2429 3333 2586 3395; x_wconf 81' lang='lat' dir='ltr'><strong>atque</strong></span> <span class='ocrx_word' id='word_1_358' title='bbox 2616 3322 2675 3375; x_wconf 77' lang='lat' dir='ltr'><strong>in</strong></span> <span class='ocrx_word' id='word_1_359' title='bbox 2707 3320 2830 3375; x_wconf 65' lang='lat'><strong>11:¹⁸·</strong></span> <span class='ocrx_word' id='word_1_360' title='bbox 2867 3319 2945 3373; x_wconf 78' lang='lat' dir='ltr'><strong>ob</strong></span> 
     </span>
     <span class='ocr_line' id='line_1_57' title="bbox 1923 3404 2517 3474; baseline -0.005 -17"><span class='ocrx_word' id='word_1_361' title='bbox 1923 3404 2163 3457; x_wconf 74' lang='lat' dir='ltr'><strong>vocalem</strong></span> <span class='ocrx_word' id='word_1_362' title='bbox 2187 3415 2517 3474; x_wconf 78' lang='lat' dir='ltr'><strong>sequentem.</strong></span> 
     </span>
    </p>

    <p class='ocr_par' dir='ltr' id='par_1_14' title="bbox 1921 3480 2952 3944">
     <span class='ocr_line' id='line_1_58' title="bbox 1981 3480 2948 3550; baseline -0.003 -16"><span class='ocrx_word' id='word_1_363' title='bbox 1981 3484 2045 3550; x_wconf 60' lang='grc' dir='ltr'><strong>ἤ.</strong></span> <span class='ocrx_word' id='word_1_364' title='bbox 2090 3483 2308 3534; x_wconf 83' lang='lat' dir='ltr'><strong>Tamen.</strong></span> <span class='ocrx_word' id='word_1_365' title='bbox 2344 3480 2522 3535; x_wconf 81' lang='lat' dir='ltr'><strong>Guelf.</strong></span> <span class='ocrx_word' id='word_1_366' title='bbox 2564 3489 2772 3533; x_wconf 64' lang='lat' dir='ltr'><strong>tamus</strong></span> <span class='ocrx_word' id='word_1_367' title='bbox 2811 3494 2948 3531; x_wconf 70' lang='lat' dir='ltr'><strong>eun</strong></span> 
     </span>
     <span class='ocr_line' id='line_1_59' title="bbox 1924 3555 2950 3634; baseline -0.006 -19"><span class='ocrx_word' id='word_1_368' title='bbox 1924 3562 2126 3634; x_wconf 71' lang='lat' dir='ltr'><strong>aliquot</strong></span> <span class='ocrx_word' id='word_1_369' title='bbox 2159 3561 2328 3615; x_wconf 79' lang='lat' dir='ltr'><strong>codd.</strong></span> <span class='ocrx_word' id='word_1_370' title='bbox 2368 3558 2474 3615; x_wconf 83' lang='lat' dir='ltr'><strong>Sed</strong></span> <span class='ocrx_word' id='word_1_371' title='bbox 2508 3560 2794 3630; x_wconf 77' lang='lat' dir='ltr'><strong>saepissime</strong></span> <span class='ocrx_word' id='word_1_372' title='bbox 2826 3555 2950 3611; x_wconf 66' lang='lat' dir='ltr'><strong>hee</strong></span> 
     </span>
     <span class='ocr_line' id='line_1_60' title="bbox 1923 3636 2940 3710; baseline -0.009 -16"><span class='ocrx_word' id='word_1_373' title='bbox 1923 3641 2328 3695; x_wconf 80' lang='lat' dir='ltr'><strong>confunduntur</strong></span> <span class='ocrx_word' id='word_1_374' title='bbox 2353 3638 2510 3710; x_wconf 75' lang='lat' dir='ltr'><strong>(vide</strong></span> <span class='ocrx_word' id='word_1_375' title='bbox 2535 3636 2695 3691; x_wconf 74' lang='lat' dir='ltr'><strong>Dmk.</strong></span> <span class='ocrx_word' id='word_1_376' title='bbox 2727 3636 2798 3691; x_wconf 68' lang='lat' dir='ltr'><strong>nd</strong></span> <span class='ocrx_word' id='word_1_377' title='bbox 2824 3638 2940 3691; x_wconf 78' lang='lat' dir='ltr'><strong>Liv.</strong></span> 
     </span>
     <span class='ocr_line' id='line_1_61' title="bbox 1922 3713 2946 3792; baseline -0.006 -19"><span class='ocrx_word' id='word_1_378' title='bbox 1922 3724 2023 3791; x_wconf 84' lang='lat' dir='ltr'><strong>m,</strong></span> <span class='ocrx_word' id='word_1_379' title='bbox 2048 3720 2148 3788; x_wconf 74' lang='lat'><strong>46,</strong></span> <span class='ocrx_word' id='word_1_380' title='bbox 2180 3720 2243 3792; x_wconf 89' lang='grc' dir='ltr'><strong>ι)</strong></span> <span class='ocrx_word' id='word_1_381' title='bbox 2271 3733 2324 3772; x_wconf 86' lang='lat' dir='ltr'><strong>et</strong></span> <span class='ocrx_word' id='word_1_382' title='bbox 2351 3716 2632 3772; x_wconf 80' lang='lat' dir='ltr'><strong>aliiCodd.</strong></span> <span class='ocrx_word' id='word_1_383' title='bbox 2659 3718 2822 3770; x_wconf 72' lang='lat' dir='ltr'><strong>etim</strong></span> <span class='ocrx_word' id='word_1_384' title='bbox 2851 3713 2946 3767; x_wconf 73' lang='lat' dir='ltr'><strong>hie</strong></span> 
     </span>
     <span class='ocr_line' id='line_1_62' title="bbox 1921 3799 2952 3872; baseline -0.009 -18"><span class='ocrx_word' id='word_1_385' title='bbox 1921 3814 2192 3872; x_wconf 75' lang='lat' dir='ltr'><strong>receptam</strong></span> <span class='ocrx_word' id='word_1_386' title='bbox 2234 3812 2465 3851; x_wconf 86' lang='lat' dir='ltr'><strong>tuentur.</strong></span> <span class='ocrx_word' id='word_1_387' title='bbox 2499 3826 2573 3838; x_wconf 89' lang='lat'><em>-</em></span> <span class='ocrx_word' id='word_1_388' title='bbox 2601 3799 2683 3850; x_wconf 86' lang='lat' dir='ltr'><strong>Ita</strong></span> <span class='ocrx_word' id='word_1_389' title='bbox 2720 3812 2952 3867; x_wconf 65' lang='lat' dir='ltr'><strong>quoquo</strong></span> 
     </span>
     <span class='ocr_line' id='line_1_63' title="bbox 1921 3876 2558 3944; baseline -0.008 -11"><span class='ocrx_word' id='word_1_390' title='bbox 1921 3882 2029 3933; x_wconf 79' lang='lat' dir='ltr'><strong>RR.</strong></span> <span class='ocrx_word' id='word_1_391' title='bbox 2063 3896 2110 3944; x_wconf 86' lang='grc' dir='ltr'><strong>ι,</strong></span> <span class='ocrx_word' id='word_1_392' title='bbox 2134 3879 2168 3931; x_wconf 89' lang='grc'>3</span> <span class='ocrx_word' id='word_1_393' title='bbox 2190 3892 2246 3931; x_wconf 85' lang='lat' dir='ltr'><strong>et</strong></span> <span class='ocrx_word' id='word_1_394' title='bbox 2266 3881 2431 3931; x_wconf 65' lang='lat' dir='ltr'><strong>Cam.</strong></span> <span class='ocrx_word' id='word_1_395' title='bbox 2456 3876 2558 3929; x_wconf 81' lang='lat' dir='ltr'><strong>Ed.</strong></span> 
     </span>
    </p>

    <p class='ocr_par' dir='ltr' id='par_1_15' title="bbox 1916 3952 2962 4252">
     <span class='ocr_line' id='line_1_64' title="bbox 1992 3952 2954 4028; baseline -0.007 -16"><span class='ocrx_word' id='word_1_396' title='bbox 1992 3957 2043 4012; x_wconf 84' lang='lat'><strong>5.</strong></span> <span class='ocrx_word' id='word_1_397' title='bbox 2066 3959 2133 4009; x_wconf 90' lang='lat' dir='ltr'><strong>In</strong></span> <span class='ocrx_word' id='word_1_398' title='bbox 2152 3957 2229 4010; x_wconf 70' lang='lat' dir='ltr'><strong>his</strong></span> <span class='ocrx_word' id='word_1_399' title='bbox 2247 3976 2354 4009; x_wconf 85' lang='lat' dir='ltr'><strong>non</strong></span> <span class='ocrx_word' id='word_1_400' title='bbox 2369 3955 2590 4028; x_wconf 81' lang='lat' dir='ltr'><strong>corpori.</strong></span> <span class='ocrx_word' id='word_1_401' title='bbox 2611 3956 2672 4009; x_wconf 83' lang='lat' dir='ltr'><strong>In</strong></span> <span class='ocrx_word' id='word_1_402' title='bbox 2689 3954 2828 4007; x_wconf 74' lang='lat' dir='ltr'><strong>loeis</strong></span> <span class='ocrx_word' id='word_1_403' title='bbox 2850 3952 2954 4005; x_wconf 78' lang='lat' dir='ltr'><strong>eli·</strong></span> 
     </span>
     <span class='ocr_line' id='line_1_65' title="bbox 1919 4036 2950 4110; baseline -0.006 -19"><span class='ocrx_word' id='word_1_404' title='bbox 1919 4037 2106 4110; x_wconf 75' lang='lat' dir='ltr'><strong>gendis</strong></span> <span class='ocrx_word' id='word_1_405' title='bbox 2129 4056 2241 4090; x_wconf 89' lang='lat' dir='ltr'><strong>non</strong></span> <span class='ocrx_word' id='word_1_406' title='bbox 2261 4037 2597 4110; x_wconf 81' lang='lat' dir='ltr'><strong>prospiciunt</strong></span> <span class='ocrx_word' id='word_1_407' title='bbox 2625 4036 2724 4088; x_wconf 86' lang='lat' dir='ltr'><strong>toti</strong></span> <span class='ocrx_word' id='word_1_408' title='bbox 2747 4036 2812 4100; x_wconf 78' lang='grc' dir='ltr'><strong>(ι</strong></span> <span class='ocrx_word' id='word_1_409' title='bbox 2833 4049 2950 4085; x_wconf 56' lang='grc' dir='ltr'><strong>σου·</strong></span> 
     </span>
     <span class='ocr_line' id='line_1_66' title="bbox 1916 4118 2962 4192; baseline -0.005 -20"><span class='ocrx_word' id='word_1_410' title='bbox 1916 4118 2109 4192; x_wconf 77' lang='lat' dir='ltr'><strong>pori»)</strong></span> <span class='ocrx_word' id='word_1_411' title='bbox 2137 4136 2336 4187; x_wconf 70' lang='lat' dir='ltr'><strong>causae,</strong></span> <span class='ocrx_word' id='word_1_412' title='bbox 2355 4131 2410 4172; x_wconf 87' lang='lat' dir='ltr'><strong>et</strong></span> <span class='ocrx_word' id='word_1_413' title='bbox 2427 4119 2672 4171; x_wconf 74' lang='lat' dir='ltr'><strong>universo</strong></span> <span class='ocrx_word' id='word_1_414' title='bbox 2693 4132 2792 4170; x_wconf 75' lang='lat' dir='ltr'><strong>sno</strong></span> <span class='ocrx_word' id='word_1_415' title='bbox 2814 4131 2962 4167; x_wconf 74' lang='lat' dir='ltr'><strong>con-</strong></span> 
     </span>
     <span class='ocr_line' id='line_1_67' title="bbox 1922 4198 2062 4252; baseline -0.014 0"><span class='ocrx_word' id='word_1_416' title='bbox 1922 4198 2062 4252; x_wconf 82' lang='lat' dir='ltr'><strong>silio.</strong></span> 
     </span>
    </p>
   </div>
  </div>
 </body>
</html>
