3200 5150
628 505 1283 575 INSTITUTIONIS
1318 506 1575 571 ORAT.
1615 507 1776 572 LIB.
1818 506 1946 589 ΙΙΙ,
1987 508 2051 576 6.

2256 509 2385 600 489

297 655 442 704 non
493 651 594 704 est
636 632 711 705 in
751 630 1235 704 translatione¹
1283 630 1607 730 quaestio,
1653 631 1773 703 sed
1824 631 1896 703 in
1943 658 2064 725 eo,
2110 655 2391 734 propter

297 746 487 843 quod
521 747 1060 820 transferuntur:
1097 772 1235 819 non
1274 744 1468 820 debes
1502 747 1694 847 apud
1719 761 2130 847 proetorem²
2163 764 2391 849 petere

277 859 943 961 fideicommissum3,
976 862 1094 936 sed
1112 862 1302 961 apud
1320 862 1659 935 consules:
1687 866 1913 964 major
1938 868 2120 934 enim
2143 879 2394 963 praeto-

298 980 403 1047 ria
440 982 825 1075 coquitione
862 1003 1127 1050 summa
1165 993 1298 1049 est:
1335 977 1688 1076 quaeritur,
1723 977 1840 1049 An
1872 980 2097 1079 major
2130 1004 2396 1050 summa

296 1089 421 1163 sit?
449 1091 611 1163 facti
646 1092 1103 1165 controversia
1145 1113 1265 1164 est.
1309 1093 1472 1165 Non
1509 1092 1665 1165 licet
1699 1091 1824 1165 tibi
1854 1119 2056 1192 aqere
2087 1118 2392 1165 mecum:
2434 1125 2492 1178 7¹

299 1201 654 1303 coquitor4
677 1205 1043 1307 enimfierz⁸
1066 1232 1205 1278 non
1233 1211 1516 1306 potuisti
1534 1205 1906 1308 :judicatio
1931 1227 2034 1278 est
2048 1203 2105 1299 ⁵,
2135 1205 2254 1278 An
2273 1232 2404 1306 po-

302 1318 556 1391 tuerit?
583 1320 748 1393 Non
788 1318 1074 1395 debuisti
1117 1318 1576 1409 interdicere&
1619 1323 1738 1396 sed
1758 1337 2027 1422 petere:
2068 1320 2187 1393 An
2224 1337 2402 1396 recte

376 1545 421 1581 1.
448 1530 516 1582 In
542 1530 894 1585 translatione.
921 1530 1040 1585 Alm
1062 1534 1119 1584 in
1144 1542 1303 1586 trans·

298 1607 452 1675 latio,
469 1609 611 1662 unde
625 1613 876 1664 Francius
892 1611 1055 1664 efficit
1070 1613 1124 1663 in
1141 1623 1306 1664 tmus-

299 1686 407 1739 lato
419 1725 436 1751 ‚
458 1706 568 1740 non
586 1688 749 1742 male:
773 1689 867 1742 sed
885 1692 940 1742 in
952 1692 1128 1743 Tun-ic.
1149 1700 1307 1743 trans-

303 1764 458 1831 latio,
484 1766 687 1840 absque
711 1770 784 1820 in.
805 1768 941 1821 Vide
966 1767 1011 1840 §.
1038 1768 1125 1822 68.

373 1862 422 1897 α.
473 1847 599 1898 Non
644 1846 787 1900 debes
829 1845 973 1918 apud
1013 1856 1303 1919 pretorem.

301 1922 611 1975 Translatio.
646 1954 720 1964 -—
748 1927 930 1998 Major
952 1926 1093 1976 enim
1116 1936 1308 1997 proeto-

301 2001 407 2067 ηἀ,
430 2015 530 2054 etc.
552 2005 707 2055 Ratio
728 2018 948 2076 propter
967 2022 1128 2074 quam
1145 2016 1311 2057 nans·

301 2079 485 2132 fertur.
510 2109 580 2123 --
599 2081 746 2133 Facti
768 2082 1109 2134 controversia
1136 2093 1223 2135 est.
1248 2081 1309 2134 ld

301 2171 379 2210 est
395 2170 561 2210 status
576 2163 881 2232 conjectura
894 2161 1090 2212 futura.
1101 2161 1310 2212 —Non

303 2236 437 2289 licet.
461 2237 859 2291 Translstio.—
878 2240 1126 2312 cognitor
1137 2239 1278 2291 enim
1289 2276 1308 2304 ,

301 2329 404 2368 etc.
434 2318 676 2388 Rogatio.
704 2348 778 2359 --
803 2317 891 2370 An
919 2319 1163 2389 pomerit.
1198 2319 1311 2372 Sta-

305 2407 390 2447 tus
426 2395 612 2448 finitio.
643 2426 717 2437 —
743 2397 869 2450 Non
904 2396 1120 2450 debuisti
1151 2398 1311 2449 inter-

304 2474 450 2527 dum.
472 2477 787 2529 Translatio.
807 2507 881 2518 —-
897 2476 984 2529 An
1010 2487 1141 2529 recte
1162 2478 1315 2530 inter-

305 2551 519 2606 dictum.
563 2557 688 2609 Non
734 2556 875 2609 enim
916 2555 1176 2628 possides.
1225 2556 1311 2610 An

306 2634 577 2704 possideat
596 2636 891 2707 ambigitur.
913 2636 1308 2708 —Ambiqitun

305 2711 482 2763 Status
508 2712 1042 2782 qualitss.P1·rnotms.

381 2790 432 2843 3.
443 2790 932 2845 fideicommissum.
941 2833 952 2843 .
961 2832 971 2844 .
984 2795 1168 2866 major.
1180 2792 1314 2846 Vide

313 2870 563 2921 institutt.
579 2868 670 2922 lib.
687 2872 853 2937 11,tit.
881 2871 975 2938 23,
993 2869 1038 2942 §.
1069 2887 1088 2922 1
1109 2892 1121 2922 ε
1149 2893 1172 2917 οι
1192 2872 1318 2940 Qui·

318 2971 343 2995 a
359 2949 518 3001 bus...
545 2967 656 3002 non
680 2962 930 3022 poterunt
957 2949 1318 3003 hereditatem

318 3051 342 3075 ιι
358 3026 443 3080 vel
462 3028 633 3099 legata
651 3028 976 3099 relinquere,
996 3030 1040 3080 si
1060 3028 1316 3099 relinque*

316 3129 342 3154 ιι
360 3105 516 3175 bant,
539 3107 663 3160 fidei
681 3107 1082 3160 committebant
1102 3125 1317 3175 eorum,

318 3210 342 3234 ιι
368 3189 458 3258 qni
489 3205 680 3259 capere
712 3206 776 3239 ex
809 3199 1125 3239 testamento
1157 3200 1317 3258 pote-

316 3289 341 3313 ·
361 3280 494 3320 rant.
528 3269 594 3320 Et
624 3265 747 3318 ideo
779 3265 1184 3318 fideicommissa
1221 3283 1318 3336 ap·

318 3368 342 3392 ι
359 3347 555 3420 pellata
587 3360 739 3413 sunt,
768 3349 890 3418 qnia
922 3345 1071 3398 nullo
1102 3344 1316 3398 vinculo

319 3428 518 3498 «juris,
543 3426 637 3479 sed
657 3438 863 3479 tantum
879 3424 1086 3498 pudore
1106 3443 1319 3490 eorum,

322 3527 344 3549 ι
365 3508 456 3575 qui
501 3506 847 3576 rogabantur,
893 3504 1313 3557 continebuntur.

299 3607 346 3646 ,ι
364 3587 553 3638 Postea
580 3585 730 3638 divus
758 3585 1030 3657 Augustus
1057 3586 1316 3656 primns...

321 3684 346 3710 ο
359 3666 518 3735 jussit
530 3665 775 3718 consules
789 3667 1157 3717 auctoritatem
1170 3683 1322 3716 snam

323 3761 346 3787 κ
365 3744 714 3812 interponere.
756 3742 919 3809 Quod
960 3744 1082 3814 quia
1116 3746 1321 3814 justum

324 3842 348 3866 ιι
367 3818 645 3872 videbatur
667 3833 720 3871 et
740 3820 999 3892 populare
1024 3835 1161 3874 erat:
1184 3840 1322 3892 pau-

325 3923 348 3947 ·
366 3899 515 3952 latim
542 3918 854 3952 conversum
876 3913 957 3953 est
977 3904 1033 3953 in
1056 3902 1322 3955 assiduam

328 3978 784 4051 «jurisdictionem
788 4017 944 4030 ......
978 3993 1037 4030 ιιι
1068 3980 1324 4052 paulatim

329 4080 352 4105 ι
372 4059 530 4110 etiam
552 4070 744 4128 proetor
767 4059 1013 4128 proprius
1040 4072 1323 4125 crearetur,

330 4158 354 4182 α
375 4138 465 4207 qui
478 4137 545 4189 de
559 4136 974 4190 fideicommissis
988 4140 1077 4210 jus
1097 4136 1323 4204 diceret,

330 4235 355 4259 ⁸
375 4233 532 4286 quem
564 4215 1103 4271 fideicommissariam
1140 4217 1323 4288 appel-

1397 1555 1421 1579 ·
1440 1533 1640 1587 labant.
1661 1558 1686 1584 ιι
1714 1537 1816 1587 Pro
1837 1550 2055 1588 summoe
2078 1536 2402 1605 quantitate,

1393 1614 1657 1665 actionem
1675 1612 1921 1666 debuisse
1940 1612 2141 1666 intendi
2154 1613 2240 1666 vel
2256 1612 2403 1686 apud

1394 1691 1641 1745 consules
1660 1691 1743 1744 vel
1764 1705 2070 1764 praetorem,
2094 1705 2314 1765 apparet
2337 1710 2402 1745 ex

1393 1783 1578 1823 nostro
1593 1772 1713 1843 ipso
1728 1770 1870 1823 loco.
1882 1769 2015 1823 Vide
2024 1770 2184 1823 Bach.
2196 1773 2253 1824 in
2265 1773 2398 1824 nist.

1394 1851 1538 1917 Iun,
1560 1869 1617 1921 p.
1644 1850 1768 1918 391,
1791 1867 1879 1919 9²·
2400 1856 2411 1866 ‘

1469 1927 1519 1995 4.
1551 1927 1811 2001 (loquitor,
1840 1930 1931 1999 qui
1953 1946 2166 1981 causam
2189 1929 2404 1981 alterius

1395 2008 1469 2059 ita
1500 2005 1568 2059 ab
1595 2025 1661 2058 eo
1689 2005 1900 2074 didicit,
1923 2021 1985 2060 ut
2011 2025 2129 2060 eam
2155 2006 2405 2080 probaret

1400 2100 1453 2139 et
1494 2104 1643 2138 suam
1683 2086 1883 2138 faceret
1922 2089 1977 2138 in
2014 2087 2235 2159 judicio.
2270 2087 2405 2140 Vide

1396 2163 1577 2217 lexica.
1595 2167 1768 2235 Negat
1780 2183 1906 2235 ergo
1920 2169 1964 2218 is
1974 2204 1990 2232 ,
2008 2184 2165 2237 quem
2177 2165 2406 2237 loquen'-

1399 2257 1508 2296 tem
1533 2243 1661 2295 facit
1687 2244 1868 2311 Quint.
1887 2281 1905 2310 ,
1928 2261 2144 2296 causam
2169 2245 2409 2316 potuisse

1401 2324 1655 2392 cognosci
1680 2321 1747 2374 ab
1765 2321 1900 2389 hoc,
1921 2324 2013 2393 qui
2032 2321 2244 2375 alterius
2260 2321 2407 2375 litem

1401 2415 1586 2453 contra
1610 2420 1667 2454 se
1692 2403 1998 2473 susceperit.

1474 2480 1525 2532 5.
1549 2480 1815 2533 Iudicatio
1837 2491 1925 2533 est.
1954 2481 2220 2533 Posterius
2248 2482 2407 2532 omit·

1401 2571 1521 2612 tunt
1555 2558 1731 2613 Guelf.
1760 2561 1937 2612 Turic.
1971 2558 2108 2612 Alm.
2142 2589 2217 2600 -—
2245 2561 2322 2612 Ita
2355 2571 2412 2612 et

1400 2642 1464 2694 R.
1497 2656 1516 2691 1
1536 2661 1551 2702 ;
1574 2641 1735 2693 Cam.
1760 2643 1823 2692 R.
1852 2657 1880 2691 2
1905 2638 2085 2693 habet.
2110 2642 2204 2693 En.
2223 2638 2410 2692 -Ῑα-

1403 2719 1611 2771 dicatio.
1631 2719 1768 2773 Vide
1790 2723 1886 2786 111,
1918 2736 1937 2771 1
1954 2738 1999 2787 1,
2030 2738 2076 2786 1,
2099 2719 2162 2786 4,
2188 2738 2233 2791 7.

1475 2795 1526 2848 6.
1560 2797 1927 2849 Interdicere...
1959 2808 2146 2869 petere.
2180 2795 2410 2848 Interdi-

1405 2892 1515 2926 cere
1531 2873 1764 2943 litigator
1780 2874 1974 2927 dicitur
1988 2894 2151 2946 quum
2169 2874 2412 2927 interdic·

1406 2966 1464 3005 to
1489 2953 1656 3004 utitur
1677 2965 1861 3004 contra
1890 2971 2039 3018 eum,
2064 2955 2156 3024 qui
2178 2955 2283 3004 vim
2311 2951 2412 3004 sibi

1403 3033 1458 3084 in
1481 3048 1537 3082 re
1562 3049 1658 3082 sua
1681 3031 1857 3082 faciat.
1872 3029 2008 3083 Vide
2028 3033 2102 3095 Π,
2128 3047 2218 3097 ιο,
2238 3029 2287 3083 5.
2306 3033 2411 3082 Lo-

1404 3127 1498 3161 cus
1523 3107 1593 3160 ad
1615 3121 1855 3160 nostrum
1883 3110 2303 3180 appositissimus
2332 3121 2413 3160 est

1404 3189 1655 3242 Institntt.
1668 3189 1756 3253 lv,
1772 3204 1791 3238 1
1803 3184 1923 3253 5,4;
1948 3186 2278 3239 «Retinendoe
2292 3204 2413 3258 pos-

1412 3288 1436 3312 ιι
1454 3266 1704 3317 sessionis
1744 3282 1904 3316 causa
1943 3278 2247 3336 comparata
2289 3278 2414 3318 sunt

1413 3366 1436 3391 a
1455 3343 1733 3395 interdicta
1748 3380 1766 3409 ,
1812 3343 1893 3394 uti
1930 3342 2194 3414 possidetis
2210 3367 2232 3391 n
2279 3342 2413 3413 (Di-

1406 3433 1537 3495 gest.
1567 3424 1756 3489 XLIII,
1786 3440 1869 3492 17,
1904 3439 1959 3488 1,
1988 3436 2041 3474 et
2066 3422 2172 3474 hoc
2198 3422 2411 3493 quidem

1408 3504 1476 3556 de
1513 3501 1614 3554 soli
1644 3503 1982 3573 possessione
2014 3504 2269 3574 scriptum
2300 3501 2414 3575 est)

1415 3604 1438 3629 σι
1458 3596 1512 3635 et
1533 3582 1746 3633 utrubi»
1775 3581 1868 3653 (ib.
1901 3582 2098 3649 XXXI,
2130 3599 2149 3634 1
2174 3604 2186 3632 ε
2216 3583 2410 3634 Hoc...-

1415 3685 1438 3709 ι
1459 3662 1525 3715 de
1557 3663 1894 3734 possessione
1926 3681 2100 3714 rerum
2135 3661 2412 3714 mobilium

1411 3764 1438 3790 a
1458 3743 1636 3795 locum
1659 3742 1819 3794 habet
1839 3766 1861 3789 n
1878 3741 1927 3814 ):
1961 3764 1983 3788 ι
2000 3759 2165 3813 quum
2184 3740 2253 3792 ab
2275 3753 2414 3792 utra-

1413 3845 1437 3869 ·
1459 3842 1562 3894 que
1583 3836 1735 3894 parte
1759 3821 1825 3874 de
1846 3824 2175 3892 proprietate
2192 3819 2412 3892 alicujus

1417 3924 1441 3948 ιι
1459 3906 1536 3955 rei
1557 3903 1915 3954 controversia
1939 3903 2033 3966 sit,
2058 3914 2110 3951 et
2130 3911 2252 3951 ante
2274 3918 2414 3971 quae-

1418 4003 1441 4027 n
1460 3994 1623 4047 ratur,
1646 3993 1765 4031 uter
1790 3998 1853 4032 ex
1880 3977 2229 4049 litigatoribus
2250 3978 2414 4049 possi-

1418 4080 1441 4106 «
1459 4058 1576 4110 dere
1599 4070 1652 4110 et
1677 4071 1793 4108 uter
1816 4067 1988 4128 petere
2014 4055 2222 4108 debeat.
2248 4059 2413 4109 Nam-

1418 4160 1441 4183 ·
1463 4155 1565 4208 que
1586 4138 1686 4188 nisi
1717 4149 1835 4188 ante
1865 4134 2195 4206 exploratum
2225 4136 2380 4187 fuerit
2395 4174 2413 4200 ,

1418 4237 1442 4263 α
1463 4218 1629 4270 utrius
1663 4233 1845 4268 eorum
1879 4217 2145 4286 possessio
2178 4217 2275 4280 sit,
2304 4233 2413 4267 non
