3200 5150
718 474 1372 546 INSTITUTIONIS
1405 476 1666 547 ORAT.
1702 481 1864 549 LIB.
1905 481 1971 563 1,
2014 481 2077 550 5.

2315 504 2439 573 ,ιη

349 619 603 694 genere
638 597 1059 673 exciderunt.
1105 599 1240 673 Sed
1273 600 1407 674 hoc
1443 628 1726 704 quoque
1761 616 2041 677 notare¹
2081 622 2445 678 contentus
2487 634 2550 690 ¹7

346 737 542 803 sum,
567 740 657 788 ne
677 714 839 805 arti,
855 715 1067 839 culpa
1088 717 1561 816 quorumdam
1584 718 2051 819 pervicacium
2071 718 2444 820 perplexae,

344 826 577 902 videar
599 849 667 903 et
688 830 833 931 ipse
856 808 1362 931 quaestionem²
1387 832 1753 909 addidisse.
1788 834 1954 908 Plus
1977 833 2263 934 exigunt
2282 835 2448 909 sub-

344 938 598 1014 tilitatis
618 969 774 1042 quae
799 943 1178 1018 accidunt
1154 971 1225 1016 m
1249 946 1535 1020 dicendo
1560 947 1758 1039 vitia,
1792 948 1960 1050 quia
1987 948 2305 1050 exempla
2331 977 2450 1024 eo-

345 1081 504 1128 rum
534 1057 710 1131 tradi
727 1056 978 1159 scripto
998 1087 1141 1135 non
1163 1083 1483 1162 possunt,
1515 1063 1649 1136 nisi
1672 1091 1898 1165 quum
1927 1064 2002 1138 in
2020 1091 2253 1139 versus
2280 1066 2447 1140 inci-

345 1170 634 1265 derunt,
665 1197 745 1248 ut
770 1174 1013 1250 divisio
1030 1175 1060 1224 3
1090 1177 1490 1281 Europai4‚
1520 1201 1590 1254 et
1618 1181 1680 1254 ei
1706 1182 2130 1256 contrarium
2157 1181 2404 1256 vitium
2421 1237 2444 1275 ,

340 1348 510 1403 ullum
531 1351 746 1423 quidem
756 1354 846 1409 hic
858 1354 1169 1411 barbarismi
1183 1377 1354 1412 exem·

339 1430 491 1503 plum
513 1431 732 1486 allatum
749 1453 864 1489 esse
880 1451 1047 1509 puto,
1072 1437 1214 1510 quod
1238 1457 1351 1492 non

338 1509 543 1563 fuerit
527 1531 585 1565 ιιι
615 1512 795 1586 aliquo
821 1516 1110 1589 sen'ptore,
1146 1519 1240 1591 qui
1267 1530 1351 1571 ta-

338 1590 444 1642 cite
472 1604 761 1645 notaretur.

420 1684 468 1720 1.
498 1669 617 1723 Hoc
649 1690 855 1746 quoque
890 1685 1086 1727 notare.
1133 1673 1350 1748 Quoque

340 1751 883 1822 ren-ospecmtad1‚
916 1751 1348 1823 4,ι7,ιι1>ἰοι-

343 1825 469 1880 dem
489 1828 602 1881 fere
624 1842 749 1883 sunt
768 1829 966 1884 verba
950 1850 1008 1883 ιιι
1024 1831 1130 1884 fine
1152 1830 1260 1883 loci
1280 1829 1349 1884 de

340 1903 548 1959 litteris.
586 1910 660 1961 Ut
693 1908 769 1961 ihi
795 1922 975 1962 autem
1003 1910 1237 1982 siquam,
1274 1909 1349 1961 ita

343 1980 434 2036 hie
457 1995 638 2039 notare
655 2000 736 2040 est
755 1986 985 2040 breviter
1004 1999 1238 2058 tangere.
1263 1987 1348 2041 sic

346 2063 454 2129 IX,
476 2062 542 2131 4,
575 2063 666 2117 15:
698 2062 873 2118 «illud
890 2074 1089 2118 notasse
1110 2065 1235 2118 satis
1256 2062 1348 2119 ha·

350 2139 564 2193 «beoa-
583 2143 685 2210 xl,
710 2161 759 2197 ι
746 2181 765 2211 ,
784 2143 896 2212 4·
873 2144 1041 2197 assatis
1053 2142 1348 2217 habetpar-

348 2241 373 2266 ι
390 2232 500 2273 tem
512 2218 652 2275 hane
664 2221 811 2276 velut
824 2233 1005 2275 notare
1014 2223 1154 2276 inter
1165 2238 1351 2294 agnos-

349 2318 372 2344 ·
391 2311 573 2350 centes
601 2322 625 2347 ιι
671 2298 767 2352 ubi
797 2317 920 2352 mox
963 2312 1045 2353 est
1080 2297 1348 2366 συνωνύμως

342 2375 539 2430 brevius
558 2376 738 2432 dicem.
761 2379 947 2449 Jungit
967 2391 1253 2451 utrumque
1273 2381 1348 2447 Π,

342 2472 409 2525 2,
441 2454 535 2510 15:
571 2456 1107 2511 “notandabreviteh
1129 2482 1154 2507 ιο

416 2553 464 2590 2.
508 2535 869 2607 Quaestionem,
916 2538 1068 2592 Hane
1103 2534 1347 2593 videlicet

339 2615 412 2669 de
437 2614 765 2672 barbarismo
786 2618 845 2671 in
865 2634 1108 2670 numero.

415 2695 467 2749 3.
491 2696 708 2749 Divisio.
728 2697 813 2751 sic
830 2696 1006 2750 Guelf.
1017 2695 1179 2750 Goth.
1204 2694 1342 2768 (tac.

338 2774 542 2845 Gan.)
571 2778 726 2828 Voss.
760 2792 780 2828 ι
802 2813 820 2843 ,
857 2776 907 2829 3.
933 2778 1086 2829 Bern.
1121 2787 1177 2830 et
1203 2794 1348 2848 quse-

339 2853 468 2907 dam
494 2851 615 2905 edd.
640 2866 764 2905 vett.
794 2871 1017 2925 quarum
1037 2854 1245 2927 aliquot
1264 2868 1347 2909 ta·

338 2949 464 2987 men
486 2931 726 2984 Graecum
748 2933 1038 3006 subjiciunt
1051 2933 1124 3002 σᾷ
1141 2934 1343 2994 divisio.

336 3011 680 3066 Recentiores
703 3011 877 3065 solum
899 3024 1197 3084 posuerunt
1208 3012 1347 3066 Gra-

337 3107 464 3144 cum
486 3088 727 3159 δοκίμοις,
753 3091 903 3144 nullo
917 3128 936 3157 ,
957 3103 1091 3163 puto
1105 3128 1124 3157 ,
1145 3090 1344 3144 Codice

337 3181 559 3222 auctore
572 3207 590 3235 ‚
613 3171 713 3222 etsi
732 3168 802 3223 de
822 3168 1113 3221 multorum
1135 3167 1346 3222 diversi·

336 3260 448 3301 tate
467 3248 661 3301 siletur.
688 3250 786 3302 Hic
803 3250 908 3319 Qu.
930 3266 1043 3301 non
1058 3265 1343 3321 usurpasse

334 3328 575 3381 Graecam
596 3347 782 3381 vocem
796 3365 815 3394 ‚
847 3340 1068 3401 apparet
1096 3329 1193 3395 iis,
1226 3345 1342 3397 qun

336 3421 635 3478 sequuntur
652 3429 676 3454 a
697 3405 898 3480 quod...
913 3408 1082 3460 Graeci
1094 3420 1335 3459 vocant.-

336 3488 462 3539 Non
486 3489 626 3540 enim
658 3501 765 3540 tam
793 3503 1018 3560 operose
1041 3485 1341 3538 Graecorum

339 3567 662 3618 mentionem
674 3567 961 3638 injecisset,
976 3566 1021 3618 si
1035 3583 1218 3618 eorum
1227 3568 1339 3637 jam

339 3655 493 3694 antea
517 3646 779 3715 posuisset
803 3642 1138 3697 vocabulum.
1162 3672 1235 3683 --
1250 3643 1341 3694 Di-

342 3720 466 3773 m‘st'o
484 3723 733 3794 Eumpat'.
753 3725 815 3775 R.
849 3739 866 3775 ι
888 3761 906 3789 ,
934 3741 981 3776 2.
1014 3723 1212 3776 Divisio
1230 3724 1339 3774 Eu·

338 3817 462 3870 rope
478 3798 675 3852 etAsie.
694 3800 1155 3872 EuropoeetAst‘oe,
1177 3801 1334 3853 cin,

339 3880 442 3931 Pro
470 3876 651 3930 divisio
673 3877 797 3933 edit.
824 3879 1092 3935 naekiana
1127 3878 1260 3933 1665
1285 3892 1339 3932 et

338 3957 659 4010 recentiores
689 3957 903 4027 διαίρεσις
930 3958 1181 4031 Europa'i.
1216 3955 1335 4010 Vid.

340 4049 453 4088 not.
480 4055 591 4108 seq.
613 4038 703 4089 En.

413 4114 465 4182 4.
492 4116 738 4188 Europai.
764 4114 937 4169 Guelf.
962 4134 1179 4188 europe,
1200 4115 1335 4170 asc'oe.

336 4194 424 4250 sic
442 4208 629 4268 praeter
650 4193 809 4252 Goth.
833 4196 991 4252 etiam
1007 4197 1159 4250 Bern.
1176 4232 1194 4263 ‚
1216 4212 1335 4249 cum

1440 1363 1593 1415 Voss.
1619 1378 1640 1415 1
1661 1399 1679 1430 ‚
1700 1364 1912 1416 nonnisi
1929 1364 1984 1415 in
1997 1363 2233 1433 margine
2248 1360 2448 1416 habeat

1437 1438 1591 1492 Asioe.
1607 1443 1809 1494 Puncta
1823 1441 2128 1493 dmreseos
2113 1442 2319 1512 imponi
2331 1458 2448 1494 rec·

1436 1518 1639 1573 tissime
1664 1532 1807 1572 vetat
1827 1519 2093 1572 Gesnerus
2108 1553 2126 1583 ,
2158 1530 2213 1570 et
2233 1516 2447 1572 dubitat

1437 1596 1607 1666 adeo,
1630 1616 1698 1653 an
1717 1616 1839 1652 vera
1854 1598 1924 1650 sit
1941 1599 2040 1649 ista
2060 1597 2317 1668 scriptura
2333 1597 2446 1650 Eu·

1436 1692 1577 1748 mpoe
1603 1676 1757 1730 Asia.
1795 1677 1979 1746 Quint.
2006 1678 2182 1728 autem
2204 1686 2472 1748 tempore.

1435 1756 1673 1827 Eumpat'
1708 1755 1911 1830 junctis
1953 1756 2012 1808 in
2049 1740 2443 1845 diphthongum

1435 1832 1633 1888 ultimis
1655 1833 1929 1887 vocalibus
1945 1834 2109 1886 fuisse
2127 1834 2445 1905 pronuncia-

1436 1924 1581 1978 tum,
1608 1912 1694 1966 vix
1716 1911 2030 1966 crediderim
2043 1949 2061 1980 ‚
2093 1909 2240 1984 quod
2262 1923 2444 1965 tamen

1436 1989 1742 2061 significat
1727 2009 1875 2064 ipse,
1907 1992 1955 2045 si
1988 2008 2117 2044 sana
2151 2001 2234 2045 est
2260 1980 2439 2044 lectio.

1435 2071 1626 2141 Neque
1654 2069 1968 2138 verisimile,
2003 2088 2127 2124 eum
2154 2067 2445 2142 reprehen-

1436 2146 1562 2201 dere
1590 2146 1825 2202 voluisse
1846 2147 2156 2221 Virgilium,
2183 2160 2310 2221 post
2329 2149 2443 2202 En·

1434 2224 1584 2279 nium
1597 2264 1617 2293 ‚
1647 2227 1952 2281 Lueretium
1966 2265 1984 2295 ,
2016 2241 2117 2282 etc.
2134 2265 2155 2294 ‚
2173 2226 2442 2283 dicentem

1432 2304 1603 2377 picta‘t’
1619 2305 1764 2359 vestis
1775 2303 1983 2373 etaun‘}
1997 2305 2232 2359 Aula‘it’n
2246 2303 2438 2371 medio,

1436 2401 1552 2456 qun
1578 2385 1697 2457 ipsa
1727 2397 1987 2438 memorat
2009 2386 2126 2439 sine
2151 2383 2443 2457 reprehen-

1434 2462 1586 2527 sione
1609 2465 1665 2529 1,
1697 2479 1765 2533 7,
1808 2480 1889 2533 ¹9·
1920 2462 2048 2517 Tale
2069 2460 2337 2533 igitur-hic
2362 2462 2441 2515 vi·

1432 2543 1567 2596 tium
1584 2543 1760 2595 notari
1775 2555 1934 2615 putes
1947 2580 1966 2610 ‚
1989 2540 2138 2614 quod
2152 2541 2306 2596 vilior
2322 2541 2443 2613 qui-

1433 2620 1559 2674 dam
1585 2634 1749 2694 poeta
1780 2622 1836 2674 in
1861 2623 1983 2675 trita
2012 2621 2184 2674 forma
2219 2622 2441 2674 commi-

1433 2703 1558 2756 serit
1571 2738 1591 2768 ,
1630 2719 1744 2754 non
1777 2694 2051 2754 vetustatis
2086 2695 2263 2754 studio
2276 2736 2296 2766 ,
2341 2697 2441 2752 sed

1432 2780 1585 2831 metri
1630 2780 1941 2834 necessitate
1979 2790 2215 2831 coaetus.
2265 2779 2439 2832 Etiam

1433 2855 1676 2909 Phacum
1702 2855 1889 2909 melius
1901 2859 2237 2928 ,opponitur‚
2268 2856 2345 2922 si,
2375 2867 2439 2909 ut

1433 2935 1489 2987 in
1516 2953 1582 2987 eo
1605 2933 1816 2986 vocales
1846 2952 1908 2986 ae
1933 2934 2070 2986 male
2092 2934 2440 3000 coaluerunt,

1430 3013 1505 3066 ita
1527 3012 1618 3065 hic
1640 3011 1838 3066 eaedem
1866 3010 1965 3084 (ae
1982 3029 2095 3066 non
2121 3011 2211 3084 ai)
2237 3012 2436 3067 fuerint

1432 3091 1721 3164 dirempta.
1744 3091 2085 3142 Grammatici
2106 3101 2282 3142 tamen
2296 3125 2315 3155 ‚
2340 3087 2438 3142 ubi

1432 3166 1501 3221 de
1519 3167 1721 3221 dieresi
1743 3179 1941 3238 agunt,
1961 3167 2073 3219 fere
2091 3167 2342 3241 exemplis
2357 3169 2437 3220 is·-

1430 3249 1498 3301 tis
1525 3245 1823 3319 Via-gilini·
1852 3259 2105 3315 utuntur,
2140 3246 2236 3300 ubi
2262 3265 2299 3299 a
2330 3258 2384 3299 et
2414 3247 2436 3297 ι’

1430 3325 1779 3394 dirimuntur,
1798 3344 1913 3379 non
1934 3346 1968 3377 a
1991 3337 2046 3378 et
2062 3343 2117 3391 e,
2142 3343 2306 3396 quare
2321 3343 2436 3378 non

1430 3424 1548 3460 sum
1572 3423 1732 3460 ausus
1751 3407 2066 3478 scripturam
2085 3405 2340 3475 refingere
2364 3401 2435 3457 ad

1429 3483 1600 3537 Codd.
1620 3485 1885 3538 Gesner-us
1904 3483 2063 3537 docet
2080 3486 2208 3536 etin
2222 3484 2310 3536 Eu
2327 3480 2436 3535 tale

1428 3565 1614 3616 vitium
1633 3565 1873 3636 potuisse
1894 3562 2086 3616 notari.
2117 3563 2186 3615 Et
2209 3562 2435 3615 fortasse

1428 3644 1486 3696 in
1508 3641 1616 3696 hoc
1648 3641 1888 3716 exemplo
1911 3640 1980 3694 de
2011 3658 2158 3694 mero
2190 3657 2436 3693 sermone

1431 3720 1740 3793 quotidiano
1764 3721 2013 3792 cogitavit
2034 3720 2173 3789 Ωιι.,
2193 3716 2344 3772 nullo
2363 3715 2434 3771 ad

1427 3814 1616 3871 poetas
1634 3814 1911 3872 respectu,
1928 3812 1990 3851 ut
2004 3798 2230 3852 Romani
2245 3794 2435 3849 indoe-

1429 3879 1588 3932 tiores
1632 3879 2129 3950 pronuntiaverint:
2184 3869 2439 3945 Europae

1425 3955 1594 4010 Asiae.
1621 3959 1759 4008 Tum
1774 3955 1980 4008 facilius
1999 3953 2179 4006 locum
2196 3964 2432 4006 tueretur

1426 4034 1568 4089 istud
1596 4034 1768 4088 Asiae.
1795 4059 1868 4075 --·
1894 4037 1971 4086 Ita
1993 4031 2208 4104 Spald„
2237 4028 2430 4102 quibus

1426 4111 1572 4167 addit
1589 4115 1646 4165 in
1662 4112 1808 4164 Proef.
1833 4112 1922 4163 eit.
1946 4129 1999 4183 p.
2027 4110 2114 4176 84.
2138 4137 2211 4150 --
2229 4108 2427 4162 Divisio

1425 4189 1675 4263 Eumpai.
1697 4189 1871 4243 Turio.
1891 4189 2120 4261 Europe
2135 4197 2187 4243 et
2201 4185 2353 4244 Λεία.
2374 4186 2434 4241 Si
