3200 5150
668 463 1319 535 INSTITUTIONIS
1353 464 1611 531 ORAT.
1649 464 1811 532 LIB.
1852 466 1952 546 11,
2001 490 2099 556 ¹7·
2306 469 2432 557 373

343 611 449 677 re,
484 606 561 659 ut
590 614 671 661 ex
710 609 1000 687 utraque
1034 607 1224 688 parte
1263 608 1511 676 orator,
1549 586 1623 659 id
1660 608 1797 675 est,
1828 588 1931 660 vir
1962 588 2192 661 bonus
2230 588 2428 662 dicat.

342 703 649 795 Tamen,
679 704 1015 803 quoniam
1040 703 1172 775 hoc
1200 728 1483 802 quoque
1514 702 1586 774 in
1615 724 1848 774 rerum
1878 723 2199 775 naturam
2225 704 2438 794 cadit,
2468 712 2533 766 3²

343 837 423 888 ut
463 816 640 889 duos
682 819 1023 918 sapientes
1065 817 1440 916 aliquando
1469 816 1675 919 justae
1714 843 1935 889 causae
1977 817 2050 890 in
2088 817 2433 890 diversum

343 932 618 1006 trahant
644 934 954 1033 (quando
983 934 1190 1006 etiam
1220 954 1650 1033 pugnaturos
1679 958 1801 1007 eos
1828 933 2007 1006 inter
2031 959 2103 1006 se
2122 989 2142 1024 ,
2174 935 2232 1006 si
2266 935 2435 1006 ratio

338 1047 431 1120 ita
449 1048 750 1140 duxerit,
771 1050 1063 1122 credunt
1080 1052 1169 1146 ¹),
1191 1049 1624 1148 respondebo
1649 1050 2015 1150 propositis
2028 1062 2057 1095 ²
2078 1106 2098 1139 ,
2117 1069 2325 1149 atque
2344 1050 2438 1121 ita

337 1162 626 1261 quidem
647 1219 668 1253 ,
699 1183 779 1235 ut
807 1184 1167 1263 appareat,
1201 1163 1348 1235 haec
1378 1163 1702 1236 adversus
1731 1190 1848 1238 eos
1876 1190 2163 1264 quoque
2188 1166 2439 1236 frustra

337 1276 753 1375 excogitata,
791 1278 914 1377 qui
958 1277 1157 1351 malis
1199 1279 1513 1351 moribus
1559 1305 1823 1352 nomen
1869 1278 2151 1352 oratoris
2193 1278 2435 1352 indul-

338 1412 506 1489 gent
521 1421 540 1481 3
571 1416 756 1463 nam·
774 1390 1104 1464 rhetorice
1132 1419 1270 1465 non
1304 1409 1399 1466 est
1425 1399 1775 1465 contraria
1802 1392 1950 1466 sibi.
1983 1394 2214 1466 Causa
2242 1393 2433 1465 enim
2467 1412 2535 1468 33

339 1530 505 1576 cum
544 1531 782 1595 causa,
822 1532 967 1577 non
1006 1505 1126 1577 illa
1162 1532 1405 1579 secum
1443 1506 1628 1606 ipsa,
1663 1505 2143 1605 componitur;
2174 1534 2342 1595 nec,
2379 1506 2438 1579 si

337 1640 658 1717 pugnent
677 1619 857 1691 inter
878 1646 983 1708 se,
1013 1618 1135 1719 qui
1163 1620 1351 1693 idem
1382 1620 1806 1707 didicerunt,
1831 1619 2088 1692 idcirco
2112 1646 2253 1708 ars,
2279 1647 2435 1718 quae
2538 1664 2559 1679 ι

337 1733 612 1833 utrique
636 1734 880 1807 tradita
902 1756 1034 1824 est,
1059 1760 1202 1807 non
1233 1736 1394 1825 erit3
1421 1735 1683 1835 alioqui
1703 1763 1833 1807 nec
1854 1762 2211 1808 armorum
2227 1791 2247 1824 ,
2269 1735 2436 1834 quia

336 1874 515 1949 saepe
545 1848 953 1948 gladiatores
973 1906 992 1941 ,
1020 1850 1153 1923 sub
1183 1851 1435 1924 eodem
1465 1851 1794 1951 magistro
1829 1850 2117 1939 eruditi,
2152 1850 2331 1922 inter
2358 1876 2431 1922 se

338 1963 938 2062 componuntur33
961 1991 1092 2038 nec
1116 1964 1592 2064 gubernandi,
1613 1965 1779 2065 quia
1798 1964 2161 2036 navalibus
2184 1962 2432 2064 praeliis
2465 1980 2536 2050 34

335 2078 760 2177 gubernator
790 2102 892 2152 est
922 2080 1368 2179 gubernatori
1397 2081 1756 2171 adversus3
1789 2108 1919 2154 nec
1953 2081 2391 2180 imperatoria
2409 2138 2429 2172 ,

336 2192 504 2293 quia
546 2193 922 2293 imperator
962 2222 1128 2268 cum
1173 2196 1588 2294 imperatore
1635 2196 2008 2270 contendit.
2059 2199 2236 2270 Item
2283 2223 2431 2272 non

337 2307 573 2381 evertit
603 2335 781 2408 opus
815 2308 1183 2399 rhetorice,
1213 2309 1407 2409 quod
1435 2307 1732 2401 efficit43
1766 2336 1996 2410 neque
2027 2310 2220 2383 enim
2250 2311 2433 2409 posi-

334 2443 489 2497 tum
532 2451 574 2496 a
613 2450 685 2497 se
725 2447 1222 2523 argumentum
1260 2426 1460 2500 solvit
1496 2448 1746 2516 orator,
1791 2428 1911 2500 sed
1958 2453 2048 2498 ne
2096 2424 2430 2498 rhetorice

334 2536 668 2637 quidem3
708 2538 874 2639 quia
893 2536 948 2628 ⁵,
993 2539 1184 2638 apud
1221 2565 1381 2629 eos,
1417 2540 1541 2640 qui
1578 2539 1654 2612 in
1691 2538 2174 2640 persuadendo
2210 2539 2429 2612 finem

332 2742 474 2793 enim
483 2778 502 2808 ,
519 2754 581 2794 ut
593 2740 795 2815 reliqna
809 2738 1013 2797 taeeam
1023 2781 1041 2811 ,
1055 2760 1207 2796 aurea
1225 2763 1336 2797 non
1424 2747 1641 2797 tirones.
1656 2746 1875 2797 -Nam
1889 2743 2199 2816 metaphora
2213 2757 2293 2796 est
2306 2743 2431 2798 duc·

329 2819 484 2872 radat
505 2842 519 2872 2
555 2822 643 2873 vix
677 2825 773 2874 ex?
791 2852 866 2864 --
885 2826 991 2876 BR.
1035 2839 1054 2875 ι
1071 2861 1089 2890 ,
1124 2840 1152 2875 a
1167 2861 1186 2889 ,
1216 2823 1251 2876 3
1283 2837 1338 2876 et
1426 2837 1478 2876 ta
1503 2841 1534 2876 a
1557 2823 2034 2895 compositionibus
2051 2822 2431 2892 gladiatorum,

332 2899 524 2965 cim,
553 2910 616 2952 ut
639 2918 718 2951 ex.
744 2900 959 2955 Obrect.
975 2939 994 2968 ,
1021 2912 1084 2954 ut
1107 2919 1185 2953 ex.
1215 2903 1334 2954 Car.
1428 2901 1643 2974 quando
1665 2900 2018 2972 gladiatorum
2039 2903 2186 2973 paria
2208 2904 2348 2954 inter
2374 2922 2430 2955 se

330 2988 385 3028 et
406 2974 491 3029 ed.
518 2975 681 3029 Hack.
701 3016 718 3044 ,
741 2988 802 3029 ut
823 2978 911 3028 vix
932 2995 1011 3029 ex.
1036 2981 1129 3031 En.
1425 2992 1822 3052 componuntur
1851 2993 1905 3033 et
1940 2993 2333 3051 comparantur,
2368 2995 2431 3033 ut

407 3073 452 3107 ι.
491 3055 770 3127 Quando...
799 3054 1029 3107 credunt.
1052 3054 1333 3126 Cogeban-
1419 3059 1475 3112 in
1497 3076 1643 3110 arma
1665 3055 1953 3110 decertent.
1976 3060 2069 3110 Eo.

327 3147 414 3186 tur
434 3133 540 3187 hoc
563 3134 849 3187 defendere
871 3135 1055 3200 stoici,
1080 3135 1333 3206 quoniam
1490 3138 1543 3206 4.
1577 3136 1730 3208 Quod
1754 3133 1937 3209 efficit.
1965 3134 2141 3189 Guelf.
2156 3128 2313 3209 ‘quod
2342 3139 2427 3209 ef-

326 3212 709 3285 rempublicam
730 3213 1095 3278 administrare
1117 3213 1331 3284 sapien·
1408 3218 1572 3291 fecit,
1593 3235 1717 3269 cum
1734 3215 1894 3269 Goth.
1913 3214 2057 3288 quod
2074 3229 2216 3269 reete
2232 3216 2427 3289 probat

329 3294 394 3344 tia
413 3310 544 3345 esse
579 3291 1009 3359 contendebant,
1039 3310 1215 3363 neque
1250 3304 1332 3343 ta·-
1418 3297 1579 3350 Gom.

327 3388 453 3423 men
473 3373 568 3424 uni
591 3370 750 3424 alicui
771 3373 971 3424 civitati
993 3369 1094 3423 noli
1116 3372 1331 3443 sapien-
1492 3374 1544 3428 5.
1576 3374 1771 3446 Quia...
1796 3381 2105 3446 querentur.
2134 3372 2186 3424 Si
2214 3376 2428 3427 nonnisi

329 3462 438 3501 tem
473 3449 701 3504 tribuere
738 3449 1023 3504 audebant.
1066 3451 1332 3502 Disertum
1420 3450 1719 3507 verisimilia
1752 3463 2073 3524 queruntur,
2104 3466 2333 3523 possunt
2364 3472 2425 3505 ea

327 3528 385 3581 in
405 3527 546 3581 banc
566 3531 880 3583 sententiam
900 3530 1079 3583 locum
1095 3543 1331 3582 veterum
1419 3533 1521 3587 sibi
1542 3534 1768 3585 invicem
1791 3531 2023 3603 opponi,
2051 3547 2225 3600 neque
2248 3543 2426 3583 tamen

327 3624 471 3658 nunc
492 3605 706 3677 quidem
723 3627 833 3662 non
852 3612 1079 3663 invenio.
1106 3611 1186 3662 De
1204 3611 1334 3661 stoi·

326 3687 403 3737 cis
423 3699 599 3738 autem
619 3691 840 3741 maxime
855 3688 1003 3760 loqui
1015 3690 1221 3758 Quint.‚
1239 3689 1332 3760 qui

326 3764 433 3816 hoe
453 3764 697 3830 credant,
710 3766 793 3818 vel
811 3767 932 3820 inde
951 3769 1011 3820 fit
1026 3767 1331 3841 probabile,

331 3842 477 3916 quod
501 3846 540 3897 ii
565 3847 899 3916 potissimum
925 3850 1177 3919 sapientia
1211 3848 1331 3901 effi·-

328 3925 468 3994 giem
489 3922 729 3976 solebant
750 3941 1070 3995 proponere.

404 4019 453 4056 2.
480 4002 774 4074 Propositis.
797 4002 971 4056 Guelf.
993 4005 1293 4076 proepositis.

403 4083 454 4135 3.
500 4084 908 4154 componuntur.
949 4085 1226 4155 Proprium
1264 4084 1333 4138 de

333 4159 710 4231 gladiatoribus
722 4160 1044 4216 vocabulum
1056 4161 1336 4217 observent

1418 3630 1535 3664 esse
1568 3611 1864 3676 contraria,
1897 3608 1968 3661 ob
2001 3607 2088 3675 id,
2117 3609 2265 3680 quod
2296 3610 2426 3662 sub-

1414 3692 1620 3764 jungit,
1646 3713 1670 3737 u
1689 3692 1734 3743 si
1754 3687 1938 3761 quid...
1964 3687 2232 3742 credibile.
2252 3713 2274 3736 ι
2304 3691 2425 3742 Haec

1417 3772 1560 3823 enim
1590 3770 1848 3821 sententia
1864 3804 1882 3833 ‚
1914 3780 1975 3819 ut
2003 3766 2143 3819 bene
2174 3766 2425 3820 demons-

1418 3851 1574 3903 travit.
1594 3845 2021 3920 intel-pungendo
2037 3846 2195 3899 Gean.
2209 3884 2225 3912 ‚
2246 3849 2427 3899 etiam-

1418 3945 1548 4060 332
1576 3925 1778 4056 ντί-ἰοὶ
1808 3926 2426 4056 ·.02¹¹³;·¹².5;³05:;¹·“÷2

1422 4023 1995 4155 αὲἲὶᾝιῗεῖὶῖη...
2024 4022 2260 4151 {lma
2290 4021 2424 4135 ΞΣ-

1420 4180 1540 4236 per3
1571 4160 1715 4236 apud
1741 4174 1958 4214 caeteros
1988 4170 2097 4212 tuam
2126 4171 2256 4214 certe
2282 4180 2425 4232 quae-
