3200 5150
1094 481 1609 550 PRAEFATIO.
2322 481 2404 554 2²8

306 628 502 697 aeque
532 629 608 673 ac
640 604 954 672 Codicem
987 605 1369 673 Gothanum
1392 607 1482 672 ita
1510 601 1848 686 consului,
1878 619 1953 671 ut
1982 625 2129 696 quae
2159 603 2408 672 Gesne-

308 733 463 777 rum
478 713 596 797 ⁸vel
628 713 951 802 fugissent
980 710 1087 777 vel
1120 711 1511 780 fefellissent
1544 711 1898 801 diligenter
1924 729 2245 778 notarem.
2282 715 2408 779 Re·

308 816 680 908 liquarum,
726 817 968 909 quibus
1016 841 1165 885 sum
1204 842 1404 901 usus,
1454 817 1827 895 indiculum
1871 816 1981 884 hic
2027 817 2403 910 subjiciam,

311 947 554 1015 pauca,
607 924 724 991 ubi
771 925 991 991 visum
1038 925 1242 991 fuerit
1290 924 1375 992 de
1422 924 1831 1016 singularum
1878 922 2265 992 conditione
2306 948 2413 992 ex-

311 1052 592 1121 ponens.

314 1172 549 1228 Tarvisii
583 1191 686 1249 per
718 1173 1047 1251 Dionysium
1082 1175 1485 1230 Bononiensem
1525 1191 1591 1230 ae
1628 1173 1986 1250 Peregrinum
2023 1174 2142 1248 ejus
2176 1174 2407 1230 socium.

387 1267 550 1321 Anno
573 1270 637 1322 D.
665 1270 740 1324 Μ.
775 1269 963 1324 0000.
997 1269 1253 1322 LXXXII.
1286 1268 1388 1323 Die
1423 1269 1573 1323 XXII
1600 1267 1815 1322 mensis
1848 1263 2124 1322 Octobris.
2158 1269 2216 1321 12.
2249 1264 2413 1321 Liber

386 1374 546 1413 meus
572 1368 672 1414 est.

313 1465 561 1524 'Venetiis
585 1487 686 1545 per
706 1471 973 1526 Bonetum
996 1466 1352 1527 Locatellum.
1388 1472 1548 1526 Anno
1567 1475 1642 1527 M.
1665 1473 1857 1528 CCCC.
1883 1472 2106 1526 Lxcm.
2132 1470 2271 1524 XVI.
2301 1471 2413 1522 Ka-

390 1557 580 1617 lendas
604 1560 829 1618 Sextiles
861 1562 929 1617 F!
953 1567 1116 1619 Recte
1145 1565 1410 1620 Meterius
1436 1564 1493 1618 in
1519 1561 1713 1618 Annal.
1744 1573 1896 1640 typ.‚
1929 1573 2065 1618 tom.
2092 1566 2148 1630 1,
2180 1580 2237 1638 p.
2274 1561 2413 1632 559,

391 1664 582 1710 monet
618 1655 676 1709 in
712 1654 821 1712 hoc
852 1654 1014 1712 titulo
1045 1653 1310 1712 mendose
1345 1654 1725 1712 numeralibus
1755 1658 1929 1712 inseri
1962 1653 2205 1711 litteram
2229 1656 2289 1709 L.
2322 1658 2417 1708 Est

392 1749 543 1802 enim
565 1749 694 1804 anni
726 1751 885 1822 1493.
910 1753 954 1805 E
976 1747 1110 1806 bibl.
1136 1751 1303 1826 Regia
1326 1747 1681 1805 Berolinensi.

319 1854 457 1913 Ibid.
491 1875 592 1933 per
616 1862 972 1934 Peregrinum
1001 1858 1072 1915 de
1095 1857 1455 1937 Pasqualibus
1487 1857 1559 1914 de
1592 1860 1865 1926 Bononia,
1898 1857 2059 1913 Anno
2086 1858 2310 1913 Domini
2340 1860 2415 1912 Μ.

392 1953 580 2007 cccc.
619 1954 975 2007 Lxxxxmt.
1012 1953 1113 2008 nie
1149 1956 1320 2008 xvm
1352 1954 1583 2029 Augusti
1614 1956 1671 2006 F.
1696 1956 1740 2007 E
1767 1948 2098 2028 bih1.1zegia
2124 1946 2300 2005 serui.
2337 1954 2420 2006 De

392 2039 499 2098 hac
543 2041 849 2099 identidem
889 2046 1081 2100 monui
1129 2042 1382 2121 quaedam
1419 2046 1478 2098 in
1514 2045 1695 2112 notis,
1739 2040 1836 2097 ubi
1870 2044 2055 2098 minus
2087 2060 2220 2098 vere
2250 2039 2321 2097 de
2355 2059 2424 2096 ct

395 2137 632 2193 sensisse
655 2136 938 2193 videretur
957 2140 1218 2193 Ernestus
1241 2138 1301 2193 in
1328 2134 1466 2193 Bibl.
1492 2138 1688 2192 latina
1708 2133 1865 2191 Fabr.

317 2244 460 2302 thid.
496 2264 602 2324 ope
635 2258 690 2303 et
720 2250 970 2325 impensa
1000 2249 1222 2324 Georgii
1255 2247 1326 2304 de
1354 2246 1722 2304 Rusconibus.
1753 2249 1818 2301 A.
1851 2251 1919 2302 D.
1943 2249 2020 2300 M.
2043 2245 2277 2301 CCCCC.
2305 2245 2418 2299 ΧΠ.

394 2341 496 2396 Die
528 2344 671 2395 XIIII
697 2343 961 2417 Augusti,
989 2346 1270 2418 Regnante
1291 2339 1502 2418 inclyto
1530 2342 1781 2416 Principe
1803 2336 2091 2395 Leonardo
2113 2334 2422 2395 Loredano.

396 2433 453 2489 F.
478 2435 633 2488 Meus
665 2444 751 2488 est
776 2428 932 2489 liber.
960 2439 1043 2490 De
1066 2433 1171 2491 hac
1198 2452 1422 2512 quoque
1445 2432 1689 2491 editione
1713 2450 1830 2488 non
1852 2448 2251 2508 usquequaque
2273 2441 2424 2486 recte

398 2531 624 2605 exponit
649 2533 926 2586 Emestus.
1623 2595 1636 2620 ο
1885 2591 1892 2598 ³

322 2618 462 2679 [bid.
493 2620 643 2699 apud
664 2622 885 2680 Aldum.
910 2627 984 2679 M.
1009 2628 1073 2679 D.
1104 2626 1248 2678 XIIII
1273 2622 1368 2696 (in
1389 2623 1619 2679 Gesneri
1648 2618 1804 2700 praef.
1835 2639 1854 2674 ι
1869 2620 1929 2677 51
1946 2640 1994 2675 2.
2021 2638 2124 2697 per
2141 2616 2429 2697 sphalma)

401 2716 452 2784 4.
482 2717 525 2769 Ε
548 2713 682 2771 bibl.
712 2720 842 2793 Reg.
867 2714 1044 2772 Berol.

324 2816 560 2870 Parisiis.
585 2819 648 2869 In
672 2814 881 2872 aedibus
900 2817 1248 2873 Ascensianis
1272 2815 1342 2872 ad
1366 2814 1494 2871 Idus
1522 2816 1768 2871 Januarii
1796 2819 1869 2871 Μ.
1891 2819 1957 2871 D.
1979 2817 2117 2868 XVI.
2145 2817 2202 2868 F.
2222 2816 2266 2868 E
2290 2811 2426 2870 bibl.

400 2910 531 2983 Reg.
555 2910 716 2963 Hune
736 2905 939 2963 librum
969 2929 1001 2962 a
1031 2928 1091 2964 se
1121 2920 1415 2963 tractatum
1449 2927 1562 2962 non
1594 2906 1785 2984 prodit
1814 2913 2191 2975 Burmannus,
2220 2899 2319 2983 qui*
2341 2916 2428 2960 ta-

403 3016 533 3055 men
566 2997 869 3056 identidem
902 2998 1085 3075 aliqua
1116 2999 1331 3076 profert
1357 3020 1388 3055 e
1416 3002 1562 3055 notis
1591 2989 1786 3057 J'odoci
1819 2998 1970 3055 Badii
2001 3002 2274 3070 Ascensii,
2308 3014 2431 3075 quae

403 3093 587 3170 potuit
603 3110 670 3149 ex
696 3090 940 3148 editione
963 3093 1091 3146 anni
1121 3093 1289 3164 1528,
1309 3095 1355 3145 J.
1378 3090 1511 3146 Bad.
1532 3094 1657 3147 Asc.
1684 3090 2041 3167 depromere;
2071 3093 2173 3147 etsi
2196 3110 2268 3146 ne
2286 3090 2432 3146 hane

404 3183 630 3260 quidem
665 3204 698 3240 a
728 3203 788 3243 se
828 3195 1151 3261 usurpatam
1193 3193 1441 3238 testatur.
1482 3186 1606 3260 Ipse
1633 3195 1821 3239 autem
1851 3184 2107 3258 inprimis
2139 3180 2435 3258 diligenter

406 3294 529 3334 eam
558 3275 799 3348 contuli,
826 3295 1001 3355 quum
1028 3288 1085 3332 et
1106 3274 1371 3333 Codieem
1402 3292 1642 3351 nquem‚
1673 3279 1736 3330 ut
1769 3286 1851 3331 est
1880 3277 1937 3329 in
1972 3272 2165 3343 titulo,
2188 3278 2433 3331 Lauren-

414 3394 437 3420 ·
460 3373 573 3427 tius
613 3367 885 3428 Veliensis
927 3381 985 3427 et
1023 3368 1337 3447 possedisse
1379 3380 1435 3425 et
1471 3367 1800 3425 emendasse
1840 3370 2054 3446 magnis
2096 3369 2433 3445 argumentis

413 3487 436 3513 ι
463 3464 815 3521 convincitur
837 3489 860 3515 ι
896 3474 1315 3542 repraesentaret
1340 3461 1457 3520 sola
1474 3503 1490 3532 ‚
1519 3473 1576 3519 et
1598 3460 1799 3518 multas
1826 3462 2183 3520 eruditissimi
2205 3461 2432 3519 editoris

405 3558 627 3634 optim
654 3554 829 3634 frugis
854 3568 1015 3615 notas
1044 3560 1384 3630 contineret,
1417 3574 1597 3636 neque
1622 3556 1694 3612 ab
1720 3554 1838 3613 ullo
1866 3575 2060 3614 eorum
2076 3597 2092 3626 ‚
2122 3559 2218 3633 qui
2239 3556 2434 3611 novis-

407 3652 547 3705 sime
570 3651 630 3705 in
652 3649 996 3723 Quintiliuno
1019 3653 1271 3728 occupati
1296 3649 1548 3720 fuerunt,
1575 3661 1893 3707 constanter
1915 3662 2060 3708 esset
2082 3648 2350 3707 consulta.

334 3748 563 3806 Ibidem.
582 3755 658 3808 Μ.
678 3751 830 3809 Fabii
849 3752 1174 3826 Quintiliani
1194 3757 1553 3831 grammatica
1572 3752 1876 3810 admodum
1896 3753 2082 3810 brevis
2102 3765 2157 3809 et
2175 3751 2434 3810 studiosa

408 3840 545 3920 pubi
569 3861 836 3920 perquam
858 3846 1026 3903 utilis.
1063 3850 1115 3917 4.
1145 3847 1510 3904 venundatur
1532 3851 1590 3903 in
1614 3850 1741 3904 vico
1764 3846 1880 3903 divi
1904 3846 2095 3904 ‚iacobi
2120 3845 2190 3902 ad
2214 3848 2435 3921 signum

409 3937 609 3993 Leonis
634 3939 877 4014 argentei
896 3941 1015 3995 sine
1033 3939 1137 3996 loe.
1166 3952 1224 3997 et
1246 3959 1334 3996 an.
1356 3940 1461 3998 Sed
1481 3940 1569 3996 his
1588 3943 1827 3996 maxime
1851 3938 2196 4017 temporibus
2213 3936 2438 3992 videtur

412 4028 786 4088 accensendus
817 4029 958 4088 liber
992 4052 1096 4111 pro
1127 4045 1392 4112 typorum
1424 4036 1655 4090 ratione.
1689 4035 1949 4091 Continet
1975 4033 2141 4110 primi
2174 4031 2280 4102 Qu.
2309 4028 2435 4085 libri

360 4151 365 4156 ·
413 4125 591 4204 mpita
612 4125 739 4198 4-9.
764 4126 1006 4203 Insigni,
1027 4127 1179 4205 quod
1207 4126 1398 4185 titulus
1426 4125 1683 4205 praefert,
1713 4124 2051 4206 insculptum
2084 4134 2168 4181 est
2193 4141 2435 4181 nomen:
