<?xml version="1.0" encoding="UTF-8"?>
<!DOCTYPE html PUBLIC "-//W3C//DTD XHTML 1.0 Transitional//EN"
    "http://www.w3.org/TR/xhtml1/DTD/xhtml1-transitional.dtd">
<html xmlns="http://www.w3.org/1999/xhtml" xml:lang="en" lang="en">
 <head>
  <title>
</title>
<meta http-equiv="Content-Type" content="text/html;charset=utf-8" />
  <meta name='ocr-system' content='tesseract 3.04.00' />
  <meta name='ocr-capabilities' content='ocr_page ocr_carea ocr_par ocr_line ocrx_word'/>
</head>
<body>
  <div class='ocr_page' id='page_1' title='image "./deinstitutioneo12quingoog_0024.png"; bbox 0 0 3200 5150; ppageno 0'>
   <div class='ocr_carea' id='block_1_1' title="bbox 739 480 2052 574">
    <p class='ocr_par' dir='ltr' id='par_1_1' title="bbox 739 480 2052 574">
     <span class='ocr_line' id='line_1_1' title="bbox 739 480 2052 574; baseline -0.003 -26"><span class='ocrx_word' id='word_1_1' title='bbox 739 484 893 574; x_wconf 72' lang='lat' dir='ltr'>xviij</span> <span class='ocrx_word' id='word_1_2' title='bbox 1529 480 2052 546; x_wconf 82' lang='lat' dir='ltr'><strong>PRAEFATIO.</strong></span> 
     </span>
    </p>
   </div>
   <div class='ocr_carea' id='block_1_2' title="bbox 737 600 2864 4165">
    <p class='ocr_par' dir='ltr' id='par_1_2' title="bbox 741 600 2848 819">
     <span class='ocr_line' id='line_1_2' title="bbox 741 600 2848 705; baseline -0.001 -25"><span class='ocrx_word' id='word_1_3' title='bbox 741 623 1170 681; x_wconf 84' lang='lat' dir='ltr'>convertant</span> <span class='ocrx_word' id='word_1_4' title='bbox 1201 605 1688 677; x_wconf 66' lang='lat' dir='ltr'>adolescentes</span> <span class='ocrx_word' id='word_1_5' title='bbox 1707 662 1727 694; x_wconf 85' lang='lat'>,</span> <span class='ocrx_word' id='word_1_6' title='bbox 1761 605 1886 677; x_wconf 85' lang='lat' dir='ltr'>sed</span> <span class='ocrx_word' id='word_1_7' title='bbox 1919 600 2136 677; x_wconf 80' lang='lat' dir='ltr'>etiam</span> <span class='ocrx_word' id='word_1_8' title='bbox 2163 605 2429 676; x_wconf 71' lang='lat' dir='ltr'>disccmt</span> <span class='ocrx_word' id='word_1_9' title='bbox 2452 602 2848 705; x_wconf 83' lang='lat' dir='ltr'>cujuslibet</span> 
     </span>
     <span class='ocr_line' id='line_1_3' title="bbox 742 725 2157 819; baseline -0.004 -23"><span class='ocrx_word' id='word_1_10' title='bbox 742 728 963 796; x_wconf 79' lang='lat' dir='ltr'>aetatis</span> <span class='ocrx_word' id='word_1_11' title='bbox 1007 726 1137 793; x_wconf 88' lang='lat' dir='ltr'>viri</span> <span class='ocrx_word' id='word_1_12' title='bbox 1172 737 1237 792; x_wconf 84' lang='lat' dir='ltr'>et</span> <span class='ocrx_word' id='word_1_13' title='bbox 1268 737 1498 792; x_wconf 84' lang='lat' dir='ltr'>ament</span> <span class='ocrx_word' id='word_1_14' title='bbox 1525 725 1906 793; x_wconf 73' lang='lat' dir='ltr'><strong><em>meminisse</em></strong></span> <span class='ocrx_word' id='word_1_15' title='bbox 1930 725 2157 819; x_wconf 78' lang='lat' dir='ltr'>periti.</span> 
     </span>
    </p>

    <p class='ocr_par' dir='ltr' id='par_1_3' title="bbox 737 834 2858 2175">
     <span class='ocr_line' id='line_1_4' title="bbox 839 834 2850 935; baseline -0.001 -25"><span class='ocrx_word' id='word_1_16' title='bbox 839 840 933 911; x_wconf 90' lang='lat' dir='ltr'>At</span> <span class='ocrx_word' id='word_1_17' title='bbox 969 836 1075 908; x_wconf 84' lang='lat' dir='ltr'>illi</span> <span class='ocrx_word' id='word_1_18' title='bbox 1115 863 1244 935; x_wconf 86' lang='lat' dir='ltr'>per</span> <span class='ocrx_word' id='word_1_19' title='bbox 1283 834 1769 934; x_wconf 73' lang='lat' dir='ltr'>quadraginta</span> <span class='ocrx_word' id='word_1_20' title='bbox 1816 839 1987 908; x_wconf 79' lang='lat' dir='ltr'>vitae</span> <span class='ocrx_word' id='word_1_21' title='bbox 2020 835 2236 907; x_wconf 85' lang='lat' dir='ltr'>bonis</span> <span class='ocrx_word' id='word_1_22' title='bbox 2278 834 2681 934; x_wconf 85' lang='lat' dir='ltr'>disciplinis</span> <span class='ocrx_word' id='word_1_23' title='bbox 2714 835 2850 908; x_wconf 90' lang='lat' dir='ltr'>de-</span> 
     </span>
     <span class='ocr_line' id='line_1_5' title="bbox 742 934 2849 1049; baseline -0.001 -24"><span class='ocrx_word' id='word_1_24' title='bbox 742 952 912 1025; x_wconf 84' lang='lat' dir='ltr'>ditae</span> <span class='ocrx_word' id='word_1_25' title='bbox 940 977 1177 1023; x_wconf 84' lang='lat' dir='ltr'>annos</span> <span class='ocrx_word' id='word_1_26' title='bbox 1206 954 1581 1048; x_wconf 78' lang='lat' dir='ltr'>praecipuo</span> <span class='ocrx_word' id='word_1_27' title='bbox 1606 949 1748 1021; x_wconf 82' lang='lat' dir='ltr'>fuit</span> <span class='ocrx_word' id='word_1_28' title='bbox 1776 950 2028 1023; x_wconf 88' lang='lat' dir='ltr'>studio</span> <span class='ocrx_word' id='word_1_29' title='bbox 2055 950 2599 1043; x_wconf 83' lang='lat' dir='ltr'>Quintilianus,</span> <span class='ocrx_word' id='word_1_30' title='bbox 2623 934 2849 1049; x_wconf 75' lang='lat' dir='ltr'>quem</span> 
     </span>
     <span class='ocr_line' id='line_1_6' title="bbox 737 1065 2851 1165; baseline 0 -28"><span class='ocrx_word' id='word_1_31' title='bbox 737 1066 1000 1165; x_wconf 85' lang='lat' dir='ltr'>judicii</span> <span class='ocrx_word' id='word_1_32' title='bbox 1021 1123 1040 1152; x_wconf 82' lang='lat'>‚</span> <span class='ocrx_word' id='word_1_33' title='bbox 1089 1091 1390 1137; x_wconf 89' lang='lat' dir='ltr'>morum</span> <span class='ocrx_word' id='word_1_34' title='bbox 1440 1082 1509 1136; x_wconf 88' lang='lat' dir='ltr'>et</span> <span class='ocrx_word' id='word_1_35' title='bbox 1554 1065 1915 1136; x_wconf 79' lang='lat' dir='ltr'>doctrinae</span> <span class='ocrx_word' id='word_1_36' title='bbox 1962 1070 2396 1164; x_wconf 76' lang='lat' dir='ltr'>magistrum</span> <span class='ocrx_word' id='word_1_37' title='bbox 2451 1070 2527 1136; x_wconf 91' lang='lat' dir='ltr'>in</span> <span class='ocrx_word' id='word_1_38' title='bbox 2585 1070 2851 1138; x_wconf 86' lang='lat' dir='ltr'>animis</span> 
     </span>
     <span class='ocr_line' id='line_1_7' title="bbox 740 1178 2848 1280; baseline 0 -27"><span class='ocrx_word' id='word_1_39' title='bbox 740 1186 1201 1280; x_wconf 73' lang='lat' dir='ltr'>ingeniisque</span> <span class='ocrx_word' id='word_1_40' title='bbox 1233 1180 1599 1279; x_wconf 80' lang='lat' dir='ltr'>juvenum</span> <span class='ocrx_word' id='word_1_41' title='bbox 1632 1178 2127 1252; x_wconf 76' lang='lat' dir='ltr'>informandis</span> <span class='ocrx_word' id='word_1_42' title='bbox 2156 1206 2440 1278; x_wconf 79' lang='lat' dir='ltr'><strong>semper</strong></span> <span class='ocrx_word' id='word_1_43' title='bbox 2466 1179 2848 1272; x_wconf 83' lang='lat' dir='ltr'>adhibuit;</span> 
     </span>
     <span class='ocr_line' id='line_1_8' title="bbox 741 1293 2857 1395; baseline -0 -27"><span class='ocrx_word' id='word_1_44' title='bbox 741 1312 812 1368; x_wconf 85' lang='lat' dir='ltr'>et</span> <span class='ocrx_word' id='word_1_45' title='bbox 840 1322 928 1369; x_wconf 93' lang='lat' dir='ltr'>eo</span> <span class='ocrx_word' id='word_1_46' title='bbox 956 1322 1191 1395; x_wconf 89' lang='lat' dir='ltr'>usque</span> <span class='ocrx_word' id='word_1_47' title='bbox 1214 1293 1567 1366; x_wconf 83' lang='lat' dir='ltr'>indefessa</span> <span class='ocrx_word' id='word_1_48' title='bbox 1594 1293 1737 1365; x_wconf 85' lang='lat' dir='ltr'>fuit</span> <span class='ocrx_word' id='word_1_49' title='bbox 1765 1293 1963 1367; x_wconf 83' lang='lat' dir='ltr'>illius</span> <span class='ocrx_word' id='word_1_50' title='bbox 1992 1321 2247 1393; x_wconf 85' lang='lat' dir='ltr'>opera,</span> <span class='ocrx_word' id='word_1_51' title='bbox 2284 1309 2364 1366; x_wconf 87' lang='lat' dir='ltr'>ut</span> <span class='ocrx_word' id='word_1_52' title='bbox 2388 1310 2650 1394; x_wconf 80' lang='lat' dir='ltr'>proeter</span> <span class='ocrx_word' id='word_1_53' title='bbox 2676 1296 2857 1368; x_wconf 89' lang='lat' dir='ltr'>duo-</span> 
     </span>
     <span class='ocr_line' id='line_1_9' title="bbox 743 1409 2854 1510; baseline -0 -26"><span class='ocrx_word' id='word_1_54' title='bbox 743 1410 982 1485; x_wconf 84' lang='lat' dir='ltr'>decim</span> <span class='ocrx_word' id='word_1_55' title='bbox 1003 1414 1243 1510; x_wconf 70' lang='lat' dir='ltr'>Regiae</span> <span class='ocrx_word' id='word_1_56' title='bbox 1262 1409 1735 1483; x_wconf 72' lang='lat' dir='ltr'>Bibliothecae</span> <span class='ocrx_word' id='word_1_57' title='bbox 1755 1412 1931 1483; x_wconf 90' lang='lat' dir='ltr'>MSS</span> <span class='ocrx_word' id='word_1_58' title='bbox 1947 1466 1966 1498; x_wconf 86' lang='lat'>,</span> <span class='ocrx_word' id='word_1_59' title='bbox 1992 1436 2180 1510; x_wconf 85' lang='lat' dir='ltr'>quos</span> <span class='ocrx_word' id='word_1_60' title='bbox 2205 1411 2299 1509; x_wconf 77' lang='lat' dir='ltr'>ad</span> <span class='ocrx_word' id='word_1_61' title='bbox 2321 1409 2676 1483; x_wconf 87' lang='lat' dir='ltr'>ultimum</span> <span class='ocrx_word' id='word_1_62' title='bbox 2704 1436 2854 1483; x_wconf 87' lang='lat' dir='ltr'>ver-</span> 
     </span>
     <span class='ocr_line' id='line_1_10' title="bbox 741 1524 2854 1625; baseline -0.001 -26"><span class='ocrx_word' id='word_1_63' title='bbox 741 1525 930 1599; x_wconf 86' lang='lat' dir='ltr'>bum</span> <span class='ocrx_word' id='word_1_64' title='bbox 952 1524 1252 1625; x_wconf 76' lang='lat' dir='ltr'>perlegit</span> <span class='ocrx_word' id='word_1_65' title='bbox 1274 1531 1593 1625; x_wconf 80' lang='lat' dir='ltr'>integros</span> <span class='ocrx_word' id='word_1_66' title='bbox 1608 1583 1628 1615; x_wconf 82' lang='lat'>,</span> <span class='ocrx_word' id='word_1_67' title='bbox 1651 1552 1891 1597; x_wconf 88' lang='lat' dir='ltr'>unum</span> <span class='ocrx_word' id='word_1_68' title='bbox 1914 1530 2215 1624; x_wconf 87' lang='lat' dir='ltr'>insuper</span> <span class='ocrx_word' id='word_1_69' title='bbox 2234 1529 2681 1600; x_wconf 69' lang='lat' dir='ltr'><strong>PRATENSEM</strong></span> <span class='ocrx_word' id='word_1_70' title='bbox 2696 1530 2854 1624; x_wconf 86' lang='lat' dir='ltr'>pari</span> 
     </span>
     <span class='ocr_line' id='line_1_11' title="bbox 746 1639 2858 1739; baseline 0 -27"><span class='ocrx_word' id='word_1_71' title='bbox 746 1640 1122 1739; x_wconf 76' lang='lat' dir='ltr'>diligentia</span> <span class='ocrx_word' id='word_1_72' title='bbox 1171 1658 1759 1738; x_wconf 77' lang='lat' dir='ltr'>recognosceret,</span> <span class='ocrx_word' id='word_1_73' title='bbox 1808 1639 2130 1737; x_wconf 79' lang='lat' dir='ltr'>(horum</span> <span class='ocrx_word' id='word_1_74' title='bbox 2175 1644 2514 1712; x_wconf 79' lang='lat' dir='ltr'>notitiam</span> <span class='ocrx_word' id='word_1_75' title='bbox 2569 1645 2858 1739; x_wconf 69' lang='lat' dir='ltr'>paginae</span> 
     </span>
     <span class='ocr_line' id='line_1_12' title="bbox 745 1753 2858 1855; baseline -0.001 -26"><span class='ocrx_word' id='word_1_76' title='bbox 745 1774 1126 1855; x_wconf 80' lang='lat' dir='ltr'>sequentes</span> <span class='ocrx_word' id='word_1_77' title='bbox 1164 1754 1562 1851; x_wconf 83' lang='lat' dir='ltr'>offerent),</span> <span class='ocrx_word' id='word_1_78' title='bbox 1610 1774 1679 1828; x_wconf 92' lang='lat' dir='ltr'>et</span> <span class='ocrx_word' id='word_1_79' title='bbox 1722 1760 1954 1828; x_wconf 84' lang='lat' dir='ltr'>varias</span> <span class='ocrx_word' id='word_1_80' title='bbox 1987 1755 2333 1828; x_wconf 84' lang='lat' dir='ltr'>lectiones</span> <span class='ocrx_word' id='word_1_81' title='bbox 2374 1753 2707 1854; x_wconf 68' lang='lat' dir='ltr'>religiose</span> <span class='ocrx_word' id='word_1_82' title='bbox 2743 1783 2858 1827; x_wconf 85' lang='lat' dir='ltr'>ex-</span> 
     </span>
     <span class='ocr_line' id='line_1_13' title="bbox 745 1871 2858 1970; baseline -0.002 -25"><span class='ocrx_word' id='word_1_83' title='bbox 745 1876 1039 1970; x_wconf 88' lang='lat' dir='ltr'>cerpsit:</span> <span class='ocrx_word' id='word_1_84' title='bbox 1072 1871 1274 1943; x_wconf 91' lang='lat' dir='ltr'>unde</span> <span class='ocrx_word' id='word_1_85' title='bbox 1301 1887 1637 1943; x_wconf 83' lang='lat' dir='ltr'>exortum</span> <span class='ocrx_word' id='word_1_86' title='bbox 1667 1888 1855 1970; x_wconf 84' lang='lat' dir='ltr'>opus</span> <span class='ocrx_word' id='word_1_87' title='bbox 1874 1874 2518 1969; x_wconf 83' lang='lat' dir='ltr'>exquisitissimum</span> <span class='ocrx_word' id='word_1_88' title='bbox 2535 1928 2553 1958; x_wconf 86' lang='lat'>‚</span> <span class='ocrx_word' id='word_1_89' title='bbox 2581 1887 2652 1941; x_wconf 89' lang='lat' dir='ltr'>et</span> <span class='ocrx_word' id='word_1_90' title='bbox 2670 1871 2858 1942; x_wconf 88' lang='lat' dir='ltr'>adeo</span> 
     </span>
     <span class='ocr_line' id='line_1_14' title="bbox 745 1984 2858 2085; baseline -0 -25"><span class='ocrx_word' id='word_1_91' title='bbox 745 1986 840 2060; x_wconf 79' lang='lat' dir='ltr'>ab</span> <span class='ocrx_word' id='word_1_92' title='bbox 869 1991 1080 2059; x_wconf 91' lang='lat' dir='ltr'>omni</span> <span class='ocrx_word' id='word_1_93' title='bbox 1105 2004 1306 2085; x_wconf 86' lang='lat' dir='ltr'>parte</span> <span class='ocrx_word' id='word_1_94' title='bbox 1330 2004 1664 2058; x_wconf 83' lang='lat' dir='ltr'>exactum</span> <span class='ocrx_word' id='word_1_95' title='bbox 1686 1984 2045 2059; x_wconf 86' lang='lat' dir='ltr'>habemus</span> <span class='ocrx_word' id='word_1_96' title='bbox 2060 2044 2079 2075; x_wconf 83' lang='lat'>,</span> <span class='ocrx_word' id='word_1_97' title='bbox 2101 2003 2183 2058; x_wconf 91' lang='lat' dir='ltr'>ut</span> <span class='ocrx_word' id='word_1_98' title='bbox 2202 1986 2541 2084; x_wconf 81' lang='lat' dir='ltr'>deinceps</span> <span class='ocrx_word' id='word_1_99' title='bbox 2560 1986 2653 2058; x_wconf 83' lang='lat' dir='ltr'>ad</span> <span class='ocrx_word' id='word_1_100' title='bbox 2675 1985 2858 2059; x_wconf 80' lang='lat' dir='ltr'>alios</span> 
     </span>
     <span class='ocr_line' id='line_1_15' title="bbox 746 2100 2804 2175; baseline -0.001 0"><span class='ocrx_word' id='word_1_101' title='bbox 746 2101 1055 2175; x_wconf 84' lang='lat' dir='ltr'>Codices</span> <span class='ocrx_word' id='word_1_102' title='bbox 1087 2127 1455 2173; x_wconf 87' lang='lat' dir='ltr'>recurrere</span> <span class='ocrx_word' id='word_1_103' title='bbox 1478 2105 1800 2172; x_wconf 88' lang='lat' dir='ltr'>otiosum</span> <span class='ocrx_word' id='word_1_104' title='bbox 1823 2117 1890 2172; x_wconf 92' lang='lat' dir='ltr'>et</span> <span class='ocrx_word' id='word_1_105' title='bbox 1917 2100 2179 2172; x_wconf 79' lang='lat' dir='ltr'>inutile</span> <span class='ocrx_word' id='word_1_106' title='bbox 2208 2100 2421 2173; x_wconf 83' lang='lat' dir='ltr'>nobis</span> <span class='ocrx_word' id='word_1_107' title='bbox 2452 2103 2804 2174; x_wconf 82' lang='lat' dir='ltr'>videatur.</span> 
     </span>
    </p>

    <p class='ocr_par' dir='ltr' id='par_1_4' title="bbox 747 2214 2864 2998">
     <span class='ocr_line' id='line_1_16' title="bbox 843 2214 2860 2305; baseline -0.001 -15"><span class='ocrx_word' id='word_1_108' title='bbox 843 2218 956 2290; x_wconf 88' lang='lat' dir='ltr'>En</span> <span class='ocrx_word' id='word_1_109' title='bbox 984 2215 1174 2287; x_wconf 87' lang='lat' dir='ltr'>illud</span> <span class='ocrx_word' id='word_1_110' title='bbox 1199 2216 1330 2288; x_wconf 88' lang='lat' dir='ltr'>tibi</span> <span class='ocrx_word' id='word_1_111' title='bbox 1362 2216 1654 2288; x_wconf 89' lang='lat' dir='ltr'>donum</span> <span class='ocrx_word' id='word_1_112' title='bbox 1679 2214 2062 2287; x_wconf 78' lang='lat' dir='ltr'>offerimus</span> <span class='ocrx_word' id='word_1_113' title='bbox 2080 2271 2098 2305; x_wconf 88' lang='lat'>,</span> <span class='ocrx_word' id='word_1_114' title='bbox 2126 2215 2662 2289; x_wconf 80' lang='lat' dir='ltr'>humanissime</span> <span class='ocrx_word' id='word_1_115' title='bbox 2687 2219 2860 2288; x_wconf 87' lang='lat' dir='ltr'>Lec-</span> 
     </span>
     <span class='ocr_line' id='line_1_17' title="bbox 747 2331 2860 2430; baseline 0 -27"><span class='ocrx_word' id='word_1_116' title='bbox 747 2349 889 2421; x_wconf 81' lang='lat' dir='ltr'>tor,</span> <span class='ocrx_word' id='word_1_117' title='bbox 919 2331 1127 2430; x_wconf 90' lang='lat' dir='ltr'>quod</span> <span class='ocrx_word' id='word_1_118' title='bbox 1162 2336 1239 2402; x_wconf 90' lang='lat' dir='ltr'>in</span> <span class='ocrx_word' id='word_1_119' title='bbox 1271 2347 1595 2404; x_wconf 86' lang='lat' dir='ltr'>nostram</span> <span class='ocrx_word' id='word_1_120' title='bbox 1629 2335 2158 2428; x_wconf 82' lang='lat' dir='ltr'>possessionem</span> <span class='ocrx_word' id='word_1_121' title='bbox 2188 2336 2435 2404; x_wconf 90' lang='lat' dir='ltr'>venire</span> <span class='ocrx_word' id='word_1_122' title='bbox 2461 2331 2696 2404; x_wconf 75' lang='lat' dir='ltr'>voluit</span> <span class='ocrx_word' id='word_1_123' title='bbox 2725 2358 2860 2403; x_wconf 66' lang='lat' dir='ltr'>ne-</span> 
     </span>
     <span class='ocr_line' id='line_1_18' title="bbox 747 2445 2860 2546; baseline 0 -27"><span class='ocrx_word' id='word_1_124' title='bbox 747 2473 883 2546; x_wconf 86' lang='lat' dir='ltr'>pos</span> <span class='ocrx_word' id='word_1_125' title='bbox 901 2451 1068 2545; x_wconf 88' lang='lat' dir='ltr'>pius</span> <span class='ocrx_word' id='word_1_126' title='bbox 1087 2450 1111 2542; x_wconf 84' lang='lat'>(</span> <span class='ocrx_word' id='word_1_127' title='bbox 1127 2474 1144 2516; x_wconf 82' lang='lat'>1</span> <span class='ocrx_word' id='word_1_128' title='bbox 1158 2446 1213 2540; x_wconf 66' lang='lat'>)‚</span> <span class='ocrx_word' id='word_1_129' title='bbox 1234 2451 1518 2544; x_wconf 88' lang='lat' dir='ltr'>optimo</span> <span class='ocrx_word' id='word_1_130' title='bbox 1533 2445 1643 2517; x_wconf 85' lang='lat' dir='ltr'>illi</span> <span class='ocrx_word' id='word_1_131' title='bbox 1660 2463 1728 2517; x_wconf 89' lang='lat' dir='ltr'>et</span> <span class='ocrx_word' id='word_1_132' title='bbox 1743 2445 2154 2519; x_wconf 83' lang='lat' dir='ltr'>litterarum</span> <span class='ocrx_word' id='word_1_133' title='bbox 2176 2452 2680 2520; x_wconf 86' lang='lat' dir='ltr'>amantissimo</span> <span class='ocrx_word' id='word_1_134' title='bbox 2699 2452 2860 2520; x_wconf 86' lang='lat' dir='ltr'>viro</span> 
     </span>
     <span class='ocr_line' id='line_1_19' title="bbox 751 2560 2860 2663; baseline 0.001 -29"><span class='ocrx_word' id='word_1_135' title='bbox 751 2589 905 2635; x_wconf 90' lang='lat' dir='ltr'>non</span> <span class='ocrx_word' id='word_1_136' title='bbox 928 2560 1409 2653; x_wconf 84' lang='lat' dir='ltr'>inficiandus,</span> <span class='ocrx_word' id='word_1_137' title='bbox 1424 2566 1556 2663; x_wconf 87' lang='lat' dir='ltr'>qui</span> <span class='ocrx_word' id='word_1_138' title='bbox 1577 2562 1928 2636; x_wconf 85' lang='lat' dir='ltr'>avunculi</span> <span class='ocrx_word' id='word_1_139' title='bbox 1949 2568 2062 2636; x_wconf 86' lang='lat' dir='ltr'>sui</span> <span class='ocrx_word' id='word_1_140' title='bbox 2090 2569 2530 2638; x_wconf 85' lang='lat' dir='ltr'>memoriam</span> <span class='ocrx_word' id='word_1_141' title='bbox 2560 2590 2860 2654; x_wconf 86' lang='lat' dir='ltr'>ornare,</span> 
     </span>
     <span class='ocr_line' id='line_1_20' title="bbox 750 2676 2858 2778; baseline 0 -28"><span class='ocrx_word' id='word_1_142' title='bbox 750 2704 906 2750; x_wconf 87' lang='lat' dir='ltr'>non</span> <span class='ocrx_word' id='word_1_143' title='bbox 951 2682 1032 2749; x_wconf 92' lang='lat' dir='ltr'>in</span> <span class='ocrx_word' id='word_1_144' title='bbox 1074 2676 1373 2750; x_wconf 85' lang='lat' dir='ltr'>lucrum</span> <span class='ocrx_word' id='word_1_145' title='bbox 1406 2695 1688 2752; x_wconf 79' lang='lat' dir='ltr'>vertere</span> <span class='ocrx_word' id='word_1_146' title='bbox 1717 2683 2085 2778; x_wconf 77' lang='lat' dir='ltr'>cogitans,</span> <span class='ocrx_word' id='word_1_147' title='bbox 2114 2679 2644 2752; x_wconf 87' lang='lat' dir='ltr'>nobilissimam</span> <span class='ocrx_word' id='word_1_148' title='bbox 2677 2684 2858 2751; x_wconf 77' lang='lat' dir='ltr'>tanti</span> 
     </span>
     <span class='ocr_line' id='line_1_21' title="bbox 751 2792 2864 2898; baseline 0.001 -33"><span class='ocrx_word' id='word_1_149' title='bbox 751 2797 1075 2893; x_wconf 73' lang='lat' dir='ltr'>magistri</span> <span class='ocrx_word' id='word_1_150' title='bbox 1110 2811 1390 2892; x_wconf 84' lang='lat' dir='ltr'>partem</span> <span class='ocrx_word' id='word_1_151' title='bbox 1434 2792 1733 2865; x_wconf 85' lang='lat' dir='ltr'>tumulo</span> <span class='ocrx_word' id='word_1_152' title='bbox 1776 2798 2092 2892; x_wconf 85' lang='lat' dir='ltr'>eripere,</span> <span class='ocrx_word' id='word_1_153' title='bbox 2136 2811 2206 2865; x_wconf 90' lang='lat' dir='ltr'>et</span> <span class='ocrx_word' id='word_1_154' title='bbox 2249 2800 2586 2893; x_wconf 67' lang='lat' dir='ltr'>posteris²</span> <span class='ocrx_word' id='word_1_155' title='bbox 2625 2800 2683 2867; x_wconf 86' lang='lat' dir='ltr'>si</span> <span class='ocrx_word' id='word_1_156' title='bbox 2730 2822 2864 2898; x_wconf 84' lang='lat' dir='ltr'>per</span> 
     </span>
     <span class='ocr_line' id='line_1_22' title="bbox 749 2907 2356 2998; baseline 0.002 -18"><span class='ocrx_word' id='word_1_157' title='bbox 749 2933 887 2980; x_wconf 88' lang='lat' dir='ltr'>nos</span> <span class='ocrx_word' id='word_1_158' title='bbox 920 2907 1026 2980; x_wconf 80' lang='lat' dir='ltr'>fas</span> <span class='ocrx_word' id='word_1_159' title='bbox 1060 2925 1200 2998; x_wconf 67' lang='lat' dir='ltr'>est,</span> <span class='ocrx_word' id='word_1_160' title='bbox 1236 2912 1695 2980; x_wconf 86' lang='lat' dir='ltr'>committere</span> <span class='ocrx_word' id='word_1_161' title='bbox 1722 2908 1977 2981; x_wconf 87' lang='lat' dir='ltr'>seculis</span> <span class='ocrx_word' id='word_1_162' title='bbox 2012 2908 2356 2984; x_wconf 35' lang='lat' dir='ltr'>decrevit*</span> 
     </span>
    </p>

    <p class='ocr_par' dir='ltr' id='par_1_5' title="bbox 749 3021 2860 3699">
     <span class='ocr_line' id='line_1_23' title="bbox 851 3021 2860 3122; baseline 0 -27"><span class='ocrx_word' id='word_1_163' title='bbox 851 3021 1183 3096; x_wconf 85' lang='lat' dir='ltr'>Plurima</span> <span class='ocrx_word' id='word_1_164' title='bbox 1225 3049 1526 3122; x_wconf 89' lang='lat' dir='ltr'>quoque</span> <span class='ocrx_word' id='word_1_165' title='bbox 1571 3050 1693 3096; x_wconf 86' lang='lat' dir='ltr'>me</span> <span class='ocrx_word' id='word_1_166' title='bbox 1736 3024 2004 3097; x_wconf 89' lang='lat' dir='ltr'>dehere</span> <span class='ocrx_word' id='word_1_167' title='bbox 2047 3024 2301 3114; x_wconf 80' lang='lat' dir='ltr'>fateor,</span> <span class='ocrx_word' id='word_1_168' title='bbox 2349 3026 2645 3098; x_wconf 90' lang='lat' dir='ltr'>erudito</span> <span class='ocrx_word' id='word_1_169' title='bbox 2701 3030 2860 3097; x_wconf 89' lang='lat' dir='ltr'>viro</span> 
     </span>
     <span class='ocr_line' id='line_1_24' title="bbox 751 3136 2858 3239; baseline 0.001 -28"><span class='ocrx_word' id='word_1_170' title='bbox 751 3139 845 3211; x_wconf 88' lang='lat' dir='ltr'>N.</span> <span class='ocrx_word' id='word_1_171' title='bbox 873 3140 952 3211; x_wconf 91' lang='lat' dir='ltr'>L.</span> <span class='ocrx_word' id='word_1_172' title='bbox 990 3136 1406 3226; x_wconf 75' lang='lat' dir='ltr'>Achaintre,</span> <span class='ocrx_word' id='word_1_173' title='bbox 1439 3143 1603 3238; x_wconf 85' lang='lat' dir='ltr'>qui,</span> <span class='ocrx_word' id='word_1_174' title='bbox 1640 3139 1824 3211; x_wconf 89' lang='lat' dir='ltr'>dum</span> <span class='ocrx_word' id='word_1_175' title='bbox 1860 3141 2128 3213; x_wconf 86' lang='lat' dir='ltr'>assidui</span> <span class='ocrx_word' id='word_1_176' title='bbox 2165 3146 2241 3212; x_wconf 90' lang='lat' dir='ltr'>in</span> <span class='ocrx_word' id='word_1_177' title='bbox 2274 3147 2480 3214; x_wconf 86' lang='lat' dir='ltr'>omni</span> <span class='ocrx_word' id='word_1_178' title='bbox 2515 3157 2717 3239; x_wconf 88' lang='lat' dir='ltr'>parte</span> <span class='ocrx_word' id='word_1_179' title='bbox 2748 3141 2858 3213; x_wconf 87' lang='lat' dir='ltr'>la-</span> 
     </span>
     <span class='ocr_line' id='line_1_25' title="bbox 749 3253 2854 3355; baseline 0.001 -30"><span class='ocrx_word' id='word_1_180' title='bbox 749 3253 964 3326; x_wconf 86' lang='lat' dir='ltr'>bores</span> <span class='ocrx_word' id='word_1_181' title='bbox 1013 3259 1240 3352; x_wconf 79' lang='lat' dir='ltr'>magis</span> <span class='ocrx_word' id='word_1_182' title='bbox 1286 3281 1379 3326; x_wconf 81' lang='lat' dir='ltr'>ac</span> <span class='ocrx_word' id='word_1_183' title='bbox 1418 3259 1648 3353; x_wconf 79' lang='lat' dir='ltr'>magis</span> <span class='ocrx_word' id='word_1_184' title='bbox 1689 3256 2217 3329; x_wconf 82' lang='lat' dir='ltr'>commendant</span> <span class='ocrx_word' id='word_1_185' title='bbox 2237 3311 2257 3345; x_wconf 88' lang='lat'>,</span> <span class='ocrx_word' id='word_1_186' title='bbox 2309 3260 2405 3327; x_wconf 87' lang='lat' dir='ltr'>ita</span> <span class='ocrx_word' id='word_1_187' title='bbox 2447 3256 2603 3355; x_wconf 86' lang='lat' dir='ltr'>jam</span> <span class='ocrx_word' id='word_1_188' title='bbox 2650 3257 2854 3354; x_wconf 87' lang='lat' dir='ltr'>apud</span> 
     </span>
     <span class='ocr_line' id='line_1_26' title="bbox 752 3368 2852 3471; baseline 0.001 -30"><span class='ocrx_word' id='word_1_189' title='bbox 752 3368 1010 3441; x_wconf 89' lang='lat' dir='ltr'>doctos</span> <span class='ocrx_word' id='word_1_190' title='bbox 1043 3373 1409 3457; x_wconf 86' lang='lat' dir='ltr'>innotuit,</span> <span class='ocrx_word' id='word_1_191' title='bbox 1440 3385 1559 3457; x_wconf 84' lang='lat' dir='ltr'>ut,</span> <span class='ocrx_word' id='word_1_192' title='bbox 1590 3368 1722 3440; x_wconf 84' lang='lat' dir='ltr'>illo</span> <span class='ocrx_word' id='word_1_193' title='bbox 1753 3376 2136 3442; x_wconf 84' lang='lat' dir='ltr'>nominato</span> <span class='ocrx_word' id='word_1_194' title='bbox 2158 3427 2175 3459; x_wconf 85' lang='lat'>,</span> <span class='ocrx_word' id='word_1_195' title='bbox 2209 3375 2450 3442; x_wconf 86' lang='lat' dir='ltr'>statim</span> <span class='ocrx_word' id='word_1_196' title='bbox 2483 3370 2852 3471; x_wconf 77' lang='lat' dir='ltr'>intelliga-</span> 
     </span>
     <span class='ocr_line' id='line_1_27' title="bbox 749 3482 2859 3588; baseline 0.003 -34"><span class='ocrx_word' id='word_1_197' title='bbox 749 3501 895 3571; x_wconf 86' lang='lat' dir='ltr'>tur,</span> <span class='ocrx_word' id='word_1_198' title='bbox 930 3482 1250 3574; x_wconf 78' lang='lat' dir='ltr'>nnllam,</span> <span class='ocrx_word' id='word_1_199' title='bbox 1280 3511 1446 3582; x_wconf 85' lang='lat' dir='ltr'>quae</span> <span class='ocrx_word' id='word_1_200' title='bbox 1476 3484 1722 3556; x_wconf 88' lang='lat' dir='ltr'>studio</span> <span class='ocrx_word' id='word_1_201' title='bbox 1752 3502 1824 3557; x_wconf 90' lang='lat' dir='ltr'>et</span> <span class='ocrx_word' id='word_1_202' title='bbox 1851 3491 2251 3560; x_wconf 86' lang='lat' dir='ltr'>attentione</span> <span class='ocrx_word' id='word_1_203' title='bbox 2274 3487 2498 3588; x_wconf 80' lang='lat' dir='ltr'>digna</span> <span class='ocrx_word' id='word_1_204' title='bbox 2520 3492 2647 3578; x_wconf 85' lang='lat' dir='ltr'>sit,</span> <span class='ocrx_word' id='word_1_205' title='bbox 2680 3487 2859 3561; x_wconf 88' lang='lat' dir='ltr'>hinc</span> 
     </span>
     <span class='ocr_line' id='line_1_28' title="bbox 750 3597 1814 3699; baseline 0 -28"><span class='ocrx_word' id='word_1_206' title='bbox 750 3599 1333 3699; x_wconf 83' lang='lat' dir='ltr'>disquisitionem</span> <span class='ocrx_word' id='word_1_207' title='bbox 1362 3597 1814 3673; x_wconf 83' lang='lat' dir='ltr'>abfuturam.</span> 
     </span>
    </p>

    <p class='ocr_par' dir='ltr' id='par_1_6' title="bbox 746 3714 2858 4165">
     <span class='ocr_line' id='line_1_29' title="bbox 846 3714 2856 3815; baseline 0.002 -29"><span class='ocrx_word' id='word_1_208' title='bbox 846 3714 1225 3814; x_wconf 83' lang='lat' dir='ltr'>Analysim</span> <span class='ocrx_word' id='word_1_209' title='bbox 1245 3772 1265 3807; x_wconf 88' lang='lat'><strong>,</strong></span> <span class='ocrx_word' id='word_1_210' title='bbox 1299 3741 1523 3815; x_wconf 90' lang='lat' dir='ltr'>quam</span> <span class='ocrx_word' id='word_1_211' title='bbox 1561 3719 1969 3815; x_wconf 86' lang='lat' dir='ltr'>unicuique</span> <span class='ocrx_word' id='word_1_212' title='bbox 1994 3715 2188 3789; x_wconf 89' lang='lat' dir='ltr'>libro</span> <span class='ocrx_word' id='word_1_213' title='bbox 2218 3717 2621 3815; x_wconf 70' lang='lat' dir='ltr'>praefixerat</span> <span class='ocrx_word' id='word_1_214' title='bbox 2655 3720 2739 3790; x_wconf 88' lang='lat' dir='ltr'>G.</span> <span class='ocrx_word' id='word_1_215' title='bbox 2771 3720 2856 3792; x_wconf 85' lang='lat' dir='ltr'>L.</span> 
     </span>
     <span class='ocr_line' id='line_1_30' title="bbox 749 3830 2855 3931; baseline 0.003 -28"><span class='ocrx_word' id='word_1_216' title='bbox 749 3830 1112 3930; x_wconf 79' lang='lat' dir='ltr'>Spaldinq,</span> <span class='ocrx_word' id='word_1_217' title='bbox 1143 3832 1233 3904; x_wconf 89' lang='lat' dir='ltr'>ad</span> <span class='ocrx_word' id='word_1_218' title='bbox 1267 3832 1669 3904; x_wconf 87' lang='lat' dir='ltr'>voluminis</span> <span class='ocrx_word' id='word_1_219' title='bbox 1701 3833 2086 3931; x_wconf 87' lang='lat' dir='ltr'>rejecimus</span> <span class='ocrx_word' id='word_1_220' title='bbox 2110 3832 2416 3922; x_wconf 81' lang='lat' dir='ltr'>calcem3</span> <span class='ocrx_word' id='word_1_221' title='bbox 2451 3851 2520 3906; x_wconf 90' lang='lat' dir='ltr'>et</span> <span class='ocrx_word' id='word_1_222' title='bbox 2555 3833 2855 3909; x_wconf 81' lang='lat' dir='ltr'>illarum</span> 
     </span>
     <span class='ocr_line' id='line_1_31' title="bbox 746 3942 2853 4050; baseline 0.002 -34"><span class='ocrx_word' id='word_1_223' title='bbox 746 3942 918 4017; x_wconf 85' lang='lat' dir='ltr'>loco</span> <span class='ocrx_word' id='word_1_224' title='bbox 969 3947 1301 4019; x_wconf 85' lang='lat' dir='ltr'>breviora</span> <span class='ocrx_word' id='word_1_225' title='bbox 1349 3946 1700 4019; x_wconf 80' lang='lat' dir='ltr'>editionis</span> <span class='ocrx_word' id='word_1_226' title='bbox 1733 3945 1948 4020; x_wconf 82' lang='lat' dir='ltr'>dictae</span> <span class='ocrx_word' id='word_1_227' title='bbox 2005 3950 2080 4023; x_wconf 92' lang='lat' dir='ltr'><em>V</em></span> <span class='ocrx_word' id='word_1_228' title='bbox 2068 3954 2378 4021; x_wconf 85' lang='lat' dir='ltr'>ariorum</span> <span class='ocrx_word' id='word_1_229' title='bbox 2416 3967 2853 4050; x_wconf 76' lang='lat' dir='ltr'>argumenta</span> 
     </span>
     <span class='ocr_line' id='line_1_32' title="bbox 748 4060 2858 4165; baseline 0.001 -30"><span class='ocrx_word' id='word_1_230' title='bbox 748 4060 1176 4136; x_wconf 81' lang='lat' dir='ltr'>suffecimus</span> <span class='ocrx_word' id='word_1_231' title='bbox 1190 4120 1209 4154; x_wconf 89' lang='lat'>,</span> <span class='ocrx_word' id='word_1_232' title='bbox 1227 4082 1310 4136; x_wconf 90' lang='lat' dir='ltr'>ut</span> <span class='ocrx_word' id='word_1_233' title='bbox 1327 4063 1829 4165; x_wconf 79' lang='lat' dir='ltr'>Spaldingiani</span> <span class='ocrx_word' id='word_1_234' title='bbox 1851 4064 2121 4138; x_wconf 80' lang='lat' dir='ltr'>laboris</span> <span class='ocrx_word' id='word_1_235' title='bbox 2142 4066 2672 4139; x_wconf 88' lang='lat' dir='ltr'>desideraretur</span> <span class='ocrx_word' id='word_1_236' title='bbox 2689 4091 2858 4164; x_wconf 82' lang='lat' dir='ltr'>pars</span> 
     </span>
    </p>
   </div>
   <div class='ocr_carea' id='block_1_3' title="bbox 820 4227 2646 4310">
    <p class='ocr_par' dir='ltr' id='par_1_7' title="bbox 820 4227 2646 4310">
     <span class='ocr_line' id='line_1_33' title="bbox 820 4227 2646 4310; baseline 0.003 -25"><span class='ocrx_word' id='word_1_237' title='bbox 820 4227 900 4302; x_wconf 87' lang='grc' dir='ltr'>(Ι)</span> <span class='ocrx_word' id='word_1_238' title='bbox 922 4232 1003 4286; x_wconf 82' lang='lat' dir='ltr'>M.</span> <span class='ocrx_word' id='word_1_239' title='bbox 1033 4233 1213 4286; x_wconf 64' lang='grc' dir='ltr'>δοκῆτε</span> <span class='ocrx_word' id='word_1_240' title='bbox 1233 4232 1478 4301; x_wconf 78' lang='lat' dir='ltr'>Lambin,</span> <span class='ocrx_word' id='word_1_241' title='bbox 1501 4233 1569 4290; x_wconf 76' lang='lat' dir='ltr'>de</span> <span class='ocrx_word' id='word_1_242' title='bbox 1580 4235 2022 4310; x_wconf 60' lang='lat' dir='ltr'>Saint-Quentin‚⁴</span> <span class='ocrx_word' id='word_1_243' title='bbox 2045 4256 2209 4291; x_wconf 72' lang='lat' dir='ltr'>neven</span> <span class='ocrx_word' id='word_1_244' title='bbox 2232 4236 2296 4291; x_wconf 80' lang='lat' dir='ltr'>de</span> <span class='ocrx_word' id='word_1_245' title='bbox 2318 4237 2397 4289; x_wconf 77' lang='lat' dir='ltr'>M,</span> <span class='ocrx_word' id='word_1_246' title='bbox 2427 4234 2482 4292; x_wconf 86' lang='lat' dir='ltr'><em>V</em></span> <span class='ocrx_word' id='word_1_247' title='bbox 2477 4234 2646 4290; x_wconf 63' lang='lat' dir='ltr'>tenire.</span> 
     </span>
    </p>
   </div>
  </div>
 </body>
</html>
