3200 5150
796 487 924 551 280

1358 480 1453 545 M.
1492 477 1722 543 men
1758 468 2312 561 QnmrlLlAm

793 605 1002 679 tionis
1025 662 1043 695 ,
1089 629 1468 704 praeparare
1521 627 1648 674 nos
1694 599 2273 701 conjecturalibus
2313 599 2614 689 causis¹,
2655 625 2871 700 quum

790 746 1095 821 quaerere
1129 740 1335 819 atque
1367 717 1645 818 exsequi
1670 715 2037 817 juberent,
2070 717 2215 789 Cur
2236 732 2510 789 amata
2533 718 2726 817 apud
2747 720 2880 789 La·

789 838 1234 910 cedoemonios
1274 834 1596 911 Venus-²?
1633 854 1737 922 et,
1786 835 1975 930 Quid
2008 831 2154 906 ita³
2194 835 2580 906 crederetur
2615 834 2874 932 Cupido

781 977 980 1051 puer,
1013 977 1101 1022 ac
1127 949 1429 1037 volucer,
1460 966 1524 1022 et
1553 953 1809 1047 saqittis
1836 974 1922 1020 ac
1929 950 2097 1048 face
2118 947 2474 1020 armatus?
2501 967 2568 1019 et
2590 945 2871 1019 similia:

784 1064 860 1136 in
890 1063 1147 1162 quibus
1176 1063 1659 1135 scrutabamur
1681 1061 2141 1152 voluntatem,
2174 1061 2373 1164 cujus
2396 1062 2468 1132 in
2495 1082 2876 1134 controver-

785 1175 899 1247 siis
927 1180 1255 1275 frequens
1284 1176 1736 1275 quaestio'est,
1771 1175 1963 1275 quod
1991 1202 2210 1274 genus
2236 1173 2488 1249 chriae4
2514 1175 2729 1247 videri
2754 1200 2878 1275 po-

678 1329 743 1382 27
785 1312 933 1365 test.
973 1295 1156 1365 Nam
1194 1293 1381 1366 locos
1421 1291 1750 1391 quidem,
1784 1291 2023 1390 quales
2051 1313 2215 1364 sunt
2247 1292 2330 1364 de
2359 1292 2683 1378 testibus,
2714 1318 2876 1364 sem·

780 1433 992 1507 perne
1034 1406 1135 1480 his
1173 1407 1640 1479 credendum?
1681 1426 1749 1478 et
1794 1405 1880 1478 de
1922 1407 2386 1504 argumentis,
2428 1432 2522 1477 an
2568 1403 2876 1478 habenda

785 1527 992 1594 etiam
1034 1526 1267 1621 parvis
1304 1522 1524 1620 fides?
1564 1520 1738 1593 adeo
1791 1519 2243 1592 manifestum
2294 1539 2394 1590 est
2443 1517 2532 1590 ad
2574 1520 2876 1592 forenses

784 1636 1085 1717 actiones
1114 1636 1487 1733 pertinere,
1515 1655 1593 1705 ut
1615 1633 1905 1733 quidam
1925 1690 1944 1724 ‚
1969 1660 2100 1706 nec
2124 1633 2465 1730 ignobiles
2481 1632 2510 1678 ⁵
2527 1632 2608 1708 in
2633 1633 2875 1705 officiis

783 1750 1100 1823 civilibus
1116 1807 1134 1840 ,
1155 1751 1439 1850 scriptos
1459 1777 1575 1822 eos
1589 1806 1608 1837 ‚
1631 1750 2124 1849 memoriaeque
2146 1748 2666 1848 diligentissime
2687 1775 2877 1820 man·

784 1867 1008 1958 datos,
1036 1868 1107 1939 in
1142 1887 1471 1966 promptu
1501 1865 1907 1954 habuerint,
1940 1886 2049 1954 ut,
2075 1865 2345 1966 quoties
2374 1885 2547 1938 esset
2578 1866 2873 1955 occasio,

782 1984 1278 2084 extemporales
1316 2010 1561 2055 eorum
1600 1980 1981 2056 dictiones⁶
2021 1983 2131 2055 his
2165 1982 2354 2056 velut
2394 1982 2906 2059 emblematis⁷-

856 2232 903 2268 1.
934 2213 1367 2288 conjecturalibus
1387 2215 1564 2270 causis.
1594 2219 1674 2271 De
1700 2214 1783 2269 his

777 2292 898 2347 vide
916 2296 1035 2359 vn,
1059 2313 1105 2345 2.
1131 2296 1259 2347 Sunt
1279 2308 1455 2347 autem
1474 2315 1572 2361 eae,
1591 2298 1645 2348 in
1667 2298 1785 2367 qui-

774 2373 880 2427 bus
923 2375 1195 2444 quaeritur,
1235 2375 1435 2426 factum
1477 2376 1545 2427 sit
1584 2375 1785 2447 aliquid

773 2470 961 2506 necne.

849 2548 897 2584 a.
932 2529 1207 2583 Armata...
1242 2531 1428 2585 Venus.
1459 2533 1671 2604 Repetit
1698 2551 1782 2587 ar-

772 2622 927 2664 matae
951 2608 1096 2679 apud
1119 2609 1542 2662 Lacedaemonios
1561 2614 1780 2665 Veneris

774 2690 1029 2758 originem
1056 2688 1359 2740 Lactantius
1391 2687 1598 2759 (Diviu.
1627 2691 1783 2742 Iusti-

769 2777 871 2817 tut.
895 2768 945 2832 1,
968 2782 1062 2832 πο,
1083 2784 1137 2839 p.
1159 2767 1271 2837 Bip.
1298 2766 1394 2837 70)
1418 2785 1447 2818 a
1470 2767 1781 2821 fortitudine

768 2844 1050 2897 mulierum
1080 2846 1485 2917 Spar-tanarum,
1514 2866 1660 2917 quae,
1691 2849 1780 2911 fu-’2

1871 2229 2123 2288 praeterea
2151 2218 2525 2289 epigrammata
2541 2253 2559 2282 ,
2586 2227 2647 2267 ut
2666 2213 2775 2268 vol.
2801 2215 2873 2281 11,

1871 2314 1926 2368 p.
1960 2293 2051 2362 15,
2075 2315 2127 2366 p.
2164 2294 2277 2363 ¹95·

1944 2374 1993 2427 3.
2015 2375 2112 2433 Et,
2136 2373 2276 2443 Quid
2298 2373 2386 2424 ita.
2413 2372 2497 2424 Sic
2515 2370 2688 2424 Guelf.
2710 2370 2869 2425 Goth.

1872 2451 2076 2523 (Tui-ic.
2102 2451 2245 2524 quod
2271 2450 2305 2503 i.
2334 2470 2434 2522 per
2462 2449 2759 2521 errorem),
2785 2469 2873 2503 ne-

1871 2549 1973 2603 que
2007 2529 2195 2583 dubito
2234 2531 2361 2602 quin
2396 2527 2564 2583 codd.
2604 2528 2672 2582 ad
2709 2547 2872 2584 unum

1871 2630 2082 2677 omnes,
2097 2630 2217 2663 cum
2238 2610 2358 2663 edd.
2379 2610 2592 2681 quidem
2611 2624 2734 2663 ante
2755 2613 2872 2662 Bur·

1869 2709 2121 2744 mannum
2145 2689 2288 2744 nulla
2312 2689 2476 2742 aliter.
2498 2691 2546 2740 Is
2564 2691 2748 2741 nescio
2769 2706 2872 2760 quo

1870 2788 2045 2822 errore
2056 2809 2073 2836 ,
2090 2788 2245 2841 quem
2259 2769 2570 2840 propagavit
2584 2769 2872 2833 Gesner-uz,

1873 2869 1896 2893 a
1917 2862 1969 2901 et
1993 2850 2091 2913 ita,
2120 2847 2273 2917 Quid.
2295 2871 2318 2895 ι
2347 2849 2488 2899 Nota
2511 2847 2682 2898 forma
2707 2864 2870 2918 qums·

766 2924 904 2992 gatis
918 2922 1407 2989 Messeniismrbem
1422 2926 1541 2977 viris
1555 2916 1785 2978 vacuam3
1865 2930 2024 2980 tionis
2058 2927 2197 2998 Quid
2228 2928 2332 2992 ita,
2370 2945 2493 2979 cum
2526 2925 2871 2978 admiratione

768 3001 996 3068 adonis,
1020 3004 1306 3054 etiamnum
1332 3018 1540 3055 armatae
1564 3004 1776 3057 obviam

766 3081 919 3132 faetae
943 3082 1063 3133 viris
1087 3082 1223 3147 suia,
1249 3080 1316 3133 ad
1340 3080 1527 3134 urbem
1550 3082 1773 3137 liberan-

765 3157 891 3210 dam
914 3160 1465 3231 appropinquantibus
1481 3199 1498 3226 ,
1524 3163 1625 3234 ipsi
1650 3161 1773 3215 hos-

764 3249 845 3291 tes
869 3240 989 3289 visae
1011 3239 1235 3303 fuerint,
1263 3257 1361 3289 nec
1386 3240 1486 3292 nisi
1510 3241 1772 3295 nudandis

762 3315 1077 3387 corporibus
1119 3314 1392 3387 pugnandi
1435 3321 1772 3387 propositum

758 3398 825 3448 iis
847 3397 1194 3460 excusserint,
1213 3413 1319 3466 quo
1337 3395 1481 3447 facto
1501 3399 1639 3450 inter
1656 3402 1770 3471 ipsa

760 3492 908 3526 arma
932 3473 1313 3540 concubuisse,
1333 3486 1383 3524 et
1403 3475 1456 3526 in
1476 3477 1551 3526 rei
1569 3496 1769 3529 memo·

757 3557 890 3606 riam
913 3553 1076 3605 aedem
1099 3555 1295 3607 Veneri
1319 3567 1526 3607 armatae
1551 3556 1769 3624 simula7

755 3650 1012 3703 crumque
1028 3634 1285 3704 posuisse.
1299 3635 1581 3704 imaginem
1597 3638 1765 3706 ipsam

754 3725 979 3782 tangunt
999 3712 1278 3783 scriptores
1300 3726 1381 3765 sat
1399 3714 1549 3766 multi
1565 3728 1623 3765 ut
1637 3718 1767 3766 Pau·

756 3809 900 3857 san„
924 3789 1015 3841 lib.
1042 3792 1136 3853 111,
1161 3808 1277 3862 cap.
1313 3790 1372 3843 15
1399 3805 1557 3858 extr...
1581 3805 1634 3843 et
1658 3794 1762 3844 An-

755 3871 949 3941 tipater
990 3869 1235 3923 Sidonius
1277 3873 1333 3922 in
1374 3873 1761 3941 Epigrammate

754 3967 842 4018 ap.
880 3947 1101 4015 ank,
1126 3948 1231 3999 vol.
1271 3950 1348 4015 Π,
1384 3969 1438 4021 p.
1482 3948 1576 4016 15,
1610 3955 1762 4023 cujus

754 4026 990 4079 clausula
1022 4027 1133 4079 haec
1160 4050 1171 4078 ι
1210 4029 1285 4078 Οὐ
1313 4024 1406 4097 ’γοὶρ
1439 4025 1528 4098 xps?
1556 4028 1761 4096 ’τευχίον

749 4099 865 4157 ainau
883 4106 1003 4171 Nx«.
1015 4102 1101 4159 «πρὶν
1115 4104 1398 4173 σαραίκοιτιι
1416 4107 1593 4178 Θρᾳκός
1605 4112 1764 4165 Ἐνυα-

752 4187 853 4239 λίου
898 4184 977 4238 καὶ
1019 4187 1386 4254 Λακεδαιμονίάν
1411 4210 1424 4242 :
1463 4204 1518 4243 et
1557 4189 1762 4267 aliquot

1862 3005 1948 3057 vel
1983 3005 2377 3077 indignatione,
2412 3023 2511 3075 pro
2545 3004 2661 3056 solo
2701 3004 2867 3075 Quid,

1863 3083 1931 3136 de
1979 3102 2081 3155 qua
2123 3086 2320 3135 tirones
2359 3082 2570 3135 videant
2608 3082 2831 3135 Turseli.
2850 3120 2868 3148 ‚

1861 3183 1916 3234 p.
1936 3162 2346 3233 Sia—Quid...
2368 3161 2582 3234 Cupido.
2596 3160 2732 3215 Vide
2747 3165 2866 3215 Pro-

1860 3246 2015 3315 pertii
2039 3243 2129 3295 lib.
2156 3245 2233 3309 11,
2257 3241 2322 3295 el.
2349 3260 2400 3312 9.

1933 3323 1983 3388 4.
2023 3324 2195 3374 Genus
2229 3321 2398 3374 chrioe.
2432 3323 2636 3393 Nempe
2666 3322 2863 3375 active.

1858 3399 2069 3466 videl,
2094 3417 2161 3469 9,
2187 3400 2252 3466 4,
2277 3398 2330 3452 5.

1931 3476 1981 3531 5.
2009 3480 2118 3531 Nec
2143 3477 2400 3550 ignobiles.
2424 3477 2744 3549 Hujusmodi
2765 3479 2864 3530 fuit

1857 3557 2186 3608 Hortensius.
2211 3554 2344 3608 Vide
2368 3559 2445 3621 11,
2477 3574 2495 3608 1
2518 3596 2535 3623 ,
2567 3574 2586 3608 1
2603 3574 2645 3609 1.

1925 3635 1975 3687 6.
2003 3635 2277 3687 Dictiones.
2304 3634 2437 3687 Vide
2462 3638 2536 3700 ΙΙ,
2566 3653 2591 3688 2
2611 3675 2628 3701 ‚
2652 3636 2702 3689 6.

1926 3730 1974 3786 7.
2000 3714 2351 3767 Emblematis.
2373 3714 2672 3782 Emblema,
2695 3718 2862 3769 inser-

1852 3807 1964 3845 tum
1986 3792 2112 3865 quid
2132 3807 2184 3845 et
2203 3794 2512 3864 applicitum
2533 3795 2682 3847 alteri
2697 3797 2858 3866 signi·

1851 3872 1989 3923 fleat.
2035 3874 2109 3922 lta
2150 3871 2292 3943 apud
2328 3875 2635 3925 Ciceronem
2666 3873 2860 3926 emble-

1851 3961 1994 4000 mata
2017 3950 2266 4002 dicuntur
2289 3966 2594 4005 ornamenta
2616 3953 2855 4024 quaedam

1849 4032 1985 4082 vasis
2023 4032 2194 4082 aureis
2233 4044 2284 4083 et
2321 4035 2580 4101 argenteis
2615 4035 2811 4085 inserta
2835 4068 2853 4098 ,

1851 4127 1992 4183 quae,
2014 4128 2178 4180 quum
2196 4108 2403 4167 libitum
2427 4125 2562 4179 erat,
2587 4113 2741 4165 eximi
2758 4129 2855 4185 po-

1849 4202 2035 4242 teraut.
2062 4191 2217 4245 Rom.
