3200 5150
1038 518 1554 592 PRAEFATIO.
1939 523 1944 529 ’
2259 530 2338 594 ni

245 666 463 718 morte
512 645 871 739 impeditus
918 664 1052 730 est3
1097 667 1252 738 post
1295 672 1451 714 eum
1496 665 1659 714 vero
1703 644 2080 713 retractavit
2122 667 2342 715 nemo.

243 758 531 843 Qualem
549 756 798 823 librarii
817 772 1159 845 stuporem
1179 755 1248 821 in
1267 755 1618 821 Turicensi
1641 752 1887 821 Codice
1909 752 2347 820 animadverti

247 880 472 929 narrat
510 862 1016 953 Sulzbergerus:
1055 860 1237 928 idem
1273 876 1617 949 comparet
1654 860 1724 926 in
1759 860 2305 928 Almeloveniano
2326 910 2344 940 ,

245 970 439 1062 cujus
483 970 584 1035 rei
629 968 928 1058 exempla
977 966 1281 1058 quaedam
1329 967 1595 1055 collegit
1636 965 2105 1033 Lochmannus
2149 967 2194 1031 l.
2247 988 2304 1034 c.
2329 1016 2347 1047 ,

244 1100 316 1167 p.
351 1077 394 1146 6
410 1127 428 1159 ,
462 1093 530 1145 et
554 1077 698 1168 ipse
724 1079 798 1143 in
825 1077 1005 1143 notis
1031 1075 1501 1147 demonstravi.
1531 1074 1893 1140 Verissime
1924 1091 2148 1140 autem
2175 1075 2352 1141 Sulz-

243 1183 566 1274 hergerus
592 1199 854 1265 monet,
887 1183 1177 1249 multum
1210 1179 1617 1249 auctoritatis
1650 1179 1881 1245 Codici
1916 1178 2234 1245 accedere
2268 1202 2347 1247 ex

244 1290 407 1380 ipsis
434 1288 623 1357 hisce
653 1290 863 1371 vitiis»,
895 1290 1214 1381 quoniam
1242 1289 1358 1380 qui
1394 1287 1876 1354 recentioribus
1912 1288 2168 1353 saeculis
2197 1286 2343 1354 des-

240 1398 581 1467 criberent
607 1415 865 1465 veteres
892 1399 1097 1465 libros
1112 1448 1131 1479 ‚
1161 1397 1331 1464 adeo
1354 1397 1645 1487 imperiti
1668 1397 1807 1461 fere
1830 1418 1968 1462 non
1994 1412 2198 1460 erant.
2223 1396 2346 1462 His

243 1529 373 1596 ego
401 1503 759 1572 Codicibus
786 1528 936 1572 sum
969 1526 1161 1586 usuS,
1196 1519 1438 1593 praeter
1459 1524 1608 1582 eos,
1640 1525 1928 1592 quorum
1951 1502 2216 1568 collatio
2246 1518 2346 1568 est

232 1610 424 1702 apud
454 1614 927 1677 Burmannum.
968 1611 1121 1677 Fuit
1153 1633 1363 1701 quum
1395 1608 1749 1699 affulgeret
1786 1629 1937 1698 spes
1970 1608 2168 1673 etiam
2197 1608 2345 1673 Lei-

244 1712 487 1785 denses
538 1716 883 1785 thesauros
937 1717 1008 1783 in
1064 1739 1261 1783 usum
1309 1714 1619 1783 editionis
1669 1737 1836 1780 meae
1887 1713 2341 1780 convertendi.
2388 1793 2396 1802 .

245 1823 687 1891 Ruhnkenius
721 1824 901 1889 enim
937 1824 1008 1889 in
1040 1823 1276 1888 litteris
1311 1821 1478 1887 datis
1508 1821 1595 1886 ad
1629 1844 1737 1887 me
1772 1819 1836 1885 d.
1873 1842 1955 1887 20
1991 1835 2118 1887 oct.
2155 1819 2340 1910 1793.

247 1955 279 1989 α
309 1928 753 2010 Bibliotheca,
783 1930 906 2010 ait,
940 1927 1285 1994 Leidensis
1315 1928 1433 1993 tibi
1461 1943 1562 1993 tot
1585 1950 1664 1992 ac
1696 1944 1874 1992 tanta
1901 1926 1998 1992 rei
2029 1925 2203 1991 bene
2233 1948 2341 2013 ge-

239 2032 471 2103 rendae
502 2034 807 2124 praesidia
835 2033 1314 2124 suppeditabit,
1345 2051 1422 2100 ut
1444 2050 1764 2123 praeterea
1787 2034 2036 2101 nonita
2055 2030 2340 2097 multum

240 2138 724 2231 requirendum
735 2139 1057 2206 videatur.
1073 2142 1265 2226 Nam2
1274 2156 1422 2228 post
1438 2139 1693 2206 editum
1706 2163 1743 2204 a
1755 2142 2133 2205 Burmanno
2142 2138 2342 2221 Quin·

236 2247 576 2328 tilianum‚
614 2248 683 2312 in
708 2245 1187 2314 bibliothecam
1223 2245 1558 2336 publicam
1589 2262 1920 2312 venerunt
1959 2244 2094 2310 duo
2125 2243 2336 2310 Codd.

237 2353 424 2419 MSS.
468 2351 773 2418 nondum
807 2354 1096 2433 excussi,
1136 2354 1361 2443 plures
1393 2353 1571 2419 MSS.
1612 2353 1993 2420 collationes
2025 2350 2265 2441 partim
2300 2374 2341 2417 a

235 2480 506 2524 summo
524 2459 696 2540 viro,
717 2460 757 2524 J
761 2482 823 2525 o.
845 2457 1022 2529 Frid.
1045 2460 1383 2526 Gronovio
1396 2510 1413 2540 ‚
1430 2461 1668 2549 partim
1686 2482 1726 2524 a
1744 2459 2100 2524 Laurentio
2119 2456 2342 2523 Theo-

235 2562 412 2633 doro
440 2564 781 2632 Gronovio
808 2565 1018 2633 factae.
1045 2566 1354 2657 Denique
1381 2567 1524 2656 ipse
1545 2582 1933 2657 apparatum
1950 2617 1967 2647 ,
1995 2588 2198 2656 quem
2222 2566 2340 2631 Er·

232 2687 470 2737 nestas
499 2671 886 2761 collegerat,
917 2695 1067 2739 care
1100 2670 1557 2762 redemptum,
1592 2674 1662 2737 in
1693 2671 1996 2741 eamdem
2024 2672 2217 2739 intuli
2245 2670 2342 2737 bi-

229 2775 663 2846 bliothecam.
690 2809 716 2839 u
767 2781 924 2846 Erat
963 2801 1223 2845 summa
1263 2778 1427 2844 mihi
1469 2778 1880 2869 gratificandi
1921 2779 2226 2845 voluntas
2267 2779 2335 2843 in

230 2881 680 2965 Ruhnkenio,
705 2886 849 2951 viro
882 2909 921 2950 a
948 2886 1176 2968 nobis,
1204 2904 1532 2977 quotquot
1564 2910 1686 2977 per
1716 2889 2053 2977 Europam
2083 2902 2337 2953 veteres

227 2991 492 3055 litteras
511 2989 791 3057 colimus
803 3040 820 3070 ,
839 3014 962 3080 pro
982 2991 1224 3058 horum
1241 3015 1578 3059 sacrorum
1593 2994 1884 3062 antistite
1896 3044 1914 3075 ,
1931 2989 2335 3058 venerando.

228 3098 477 3185 Neque
505 3096 797 3162 minores
821 3097 883 3162 ei
912 3097 1149 3185 gratias
1178 3097 1425 3179 habeo,
1461 3100 1643 3189 quod
1679 3117 1934 3166 tantum
1967 3097 2337 3165 concedere

231 3202 454 3268 voluit
474 3200 732 3268 homini
756 3202 1024 3294 cognito
1047 3225 1126 3268 ex
1149 3202 1534 3270 brevissima
1557 3207 1626 3272 in
1654 3204 1849 3271 docta
1868 3202 2033 3270 urbe
2053 3226 2338 3269 commo-

227 3309 532 3389 ratione3
573 3310 692 3375 etsi
731 3326 1110 3399 temporum
1147 3326 1526 3375 nostrorum
1562 3311 1874 3401 iniquitas
1904 3308 2142 3376 invidit
2170 3309 2336 3376 mihi

226 3414 438 3484 hasce
456 3437 637 3504 opes,
653 3416 903 3482 laetiore
918 3416 1194 3483 fortasse
1208 3418 1491 3508 Europae
1507 3417 1773 3483 fortuna
1786 3415 2145 3508 aliquando
2157 3438 2339 3481 usur·

227 3519 512 3614 pandas.
531 3520 781 3589 Eadem
801 3540 1177 3613 temporum
1194 3524 1451 3590 felicior
1468 3523 1765 3591 conditio
1785 3521 2223 3613 exspectanda
2239 3536 2340 3588 est

223 3626 322 3696 ad
363 3626 806 3695 obtinendum
832 3629 1148 3711 aliorum,
1181 3631 1296 3720 qui
1323 3630 1394 3696 in
1418 3630 1560 3720 ipsa
1587 3630 1941 3697 Germania
1963 3630 2210 3697 servari
2239 3629 2335 3694 fe-

224 3747 499 3813 runtur,
527 3732 852 3801 librorum
875 3758 1091 3802 usum.
1124 3737 1276 3824 Ipse
1306 3738 1518 3817 enim,
1546 3761 1758 3827 quum
1785 3737 2166 3826 Bambergae
2194 3759 2338 3801 ver-

225 3859 424 3907 sarer
459 3838 529 3903 in
565 3838 834 3919 itinere,
872 3864 951 3906 ex
978 3840 1200 3909 indice
1229 3840 1440 3908 Codd.
1470 3839 1648 3909 MSS.
1679 3845 1798 3934 qui
1825 3860 1981 3909 sunt
2007 3846 2076 3908 in
2100 3841 2337 3908 biblio-

223 3944 433 4014 theca
459 3945 743 4034 Capituli
766 3947 988 4013 notavi
1024 3977 1053 4009 α
1073 3949 1461 4031 Quintiliani
1486 3950 1942 4016 Institutiones
1966 3948 2297 4015 oratorias
2313 3997 2332 4029 ‚

224 4048 560 4118 Codicem
576 4051 945 4119 membran.
967 4055 1192 4121 saeculi
1213 4053 1477 4121 decimi.
1498 4084 1526 4114 a·
1556 4055 1842 4121 Gerkius
1867 4057 1936 4119 in
1957 4054 2329 4136 Itinerario,

222 4174 276 4258 t.
319 4158 354 4223 1
372 4205 391 4240 ,
419 4181 485 4249 p.
519 4158 600 4251 37
616 4183 638 4225 ι
661 4208 679 4242 ,
711 4175 933 4228 narrat
960 4163 1205 4228 servari
1229 4161 1299 4228 in
1326 4160 1732 4229 bibliotheca
1754 4161 2065 4229 Canoniae
2093 4159 2335 4229 Pollia-
