3200 5150
1136 501 1650 574 PRAEFATIO.
2347 532 2417 575 u
2465 472 2472 483 '
2557 546 2563 552 -

354 646 530 690 nem.
569 626 655 689 Et
682 638 820 689 erat
845 623 1122 690 fortasse
1149 624 1204 690 is
1233 623 1593 716 ejusmodi,
1625 640 1730 704 ut,
1761 625 1830 691 in
1857 626 1997 717 ipsa
2031 627 2312 696 laudum
2344 632 2428 697 si-

352 730 716 796 mulatione
730 779 747 810 ,
775 729 1062 796 dicteriis
1091 731 1229 820 peti
1254 747 1641 798 merei-emt.
1666 732 1732 798 Si
1754 749 1932 799 recte
1951 734 2151 824 igitur
2169 735 2426 819 Quinti—

350 836 601 903 lianum
628 853 929 903 nostrum
960 837 1362 903 removimus
1390 859 1469 902 ex
1500 837 1626 904 hac
1658 839 1698 902 J
1703 838 1995 906 uvenalis
2025 841 2252 922 satira,
2290 865 2428 908 non

350 960 452 1008 est
479 941 660 1032 quod
688 964 1053 1022 vereamur,
1080 964 1167 1007 ne
1193 958 1468 1031 propter
1488 943 1858 1008 Ausonium
1887 945 1972 1010 sit
2002 944 2087 1010 ad
2112 945 2430 1012 Hadriani

346 1065 651 1136 tempora
690 1069 901 1138 usque
936 1046 1355 1138 proroganda
1391 1047 1533 1138 ejus
1569 1049 1722 1113 vita.
1759 1051 1854 1114 Ea
1885 1051 2063 1115 enim
2103 1049 2432 1118 Dodwelfi

348 1169 450 1218 est
480 1154 836 1233 sententia,
869 1154 987 1243 qui
1012 1153 1379 1219 consularia
1416 1153 1535 1219 ista
1569 1171 1953 1219 ornamenta
1978 1155 2063 1221 ab
2091 1156 2429 1224 Hadriano

350 1260 418 1323 in
444 1281 599 1324 eum
625 1259 861 1325 collata
884 1275 1139 1339 censet,
1169 1274 1522 1349 propterea
1542 1259 1726 1349 quod
1749 1262 2081 1327 Ausonius
2108 1263 2433 1351 significet

290 1410 298 1417 -
344 1368 715 1454 Augustum
734 1415 753 1446 ‚
797 1388 935 1431 non
978 1367 1265 1432 Caesares
1283 1415 1303 1446 ‚
1351 1365 1579 1456 quales
1625 1365 1891 1433 fuerint·
1921 1367 2029 1433 isti
2071 1368 2430 1434 Clementis

346 1471 500 1552 filii,
528 1484 569 1536 a
593 1472 1000 1555 Quintiliano
1032 1473 1426 1538 institutum.
1463 1473 1850 1538 Rectissime
1877 1472 2050 1541 hanc
2076 1473 2428 1540 dubitatio·

346 1602 502 1644 nem
537 1577 731 1644 diluit
756 1580 1090 1651 Gesnerus
1123 1579 1195 1645 in
1230 1578 1649 1669 praefatione,
1683 1574 1752 1671 §-
1777 1603 1799 1645 1
1821 1604 1873 1660 1,
1907 1578 2293 1661 ostendens,
2317 1580 2427 1646 Se·-

344 1696 580 1755 neeam
606 1704 672 1754 et
697 1687 1177 1771 Quintilianum
1200 1708 1429 1753 secum
1451 1686 1931 1777 comparandos
1958 1708 2199 1776 negare
2223 1691 2429 1753 Auso'·

347 1794 567 1875 nium,
623 1814 910 1884 quorum
958 1794 1126 1860 alter
1182 1796 1551 1883 Augustum
1600 1793 1876 1883 quidem
1921 1791 2257 1873 docuerit,
2310 1792 2429 1859 sed

346 1900 581 1968 consul
605 1923 742 1967 non
776 1900 978 1967 fuerit
1008 1915 1267 1968 creatus
1282 1948 1301 1978 ‚
1334 1900 1500 1966 alter
1520 1915 1747 1965 autem
1768 1899 2135 1967 consularia
2158 1897 2432 1988 quidem

346 2022 733 2072 ornamenta
773 2005 1104 2095 acceperit
1122 2055 1141 2086 ,
1190 2003 1308 2072 sed
1353 2026 1577 2095 neque
1620 2004 1991 2093 Augustum
2033 2005 2389 2070 instituerit
2410 2055 2427 2085 ‚

348 2133 569 2200 neque
591 2132 789 2177 verus
810 2112 1042 2177 consul
1063 2112 1282 2177 fuerit.
1307 2111 1727 2201 Quamquam
1751 2109 1997 2177 residet
2015 2109 2235 2200 aliqua
2255 2108 2428 2175 diffi-

346 2212 554 2285 cultas
583 2220 653 2283 in
681 2218 820 2284 istis
843 2219 1156 2284 Ausonii:
1195 2245 1222 2277 a
1251 2216 1547 2284 Caesares
1565 2216 1996 2295 docebantur,-
2021 2246 2047 2276 n
2078 2216 2198 2283 sed
2224 2216 2430 2282 ambi-

347 2348 473 2414 gua
498 2326 772 2393 fortasse
798 2344 897 2394 est
924 2328 1163 2405 oratio,
1183 2346 1222 2392 a
1249 2324 1636 2392 calamistris
1663 2326 1744 2392 iis
1766 2325 2008 2416 quihus
2028 2344 2173 2392 eam
2197 2326 2432 2391 inussit

345 2431 693 2499 affectator
719 2434 1118 2524 eloquentiae
1142 2434 1253 2521 (3).

434 2536 531 2606 Ex
562 2540 877 2630 Hispania
906 2530 1184 2607 Romam
1212 2542 1472 2608 venisse
1501 2542 1714 2608 fertur
1739 2538 1978 2608 Noster
2004 2540 2072 2607 iu
2097 2539 2427 2608 Chronico

342 2645 738 2718 Eusebiano.
768 2645 889 2712 Cui
920 2637 1192 2738 quidem
1224 2649 1584 2714 narrationi
1616 2646 2002 2713 Dodwellus
2035 2646 2232 2714 docet
2257 2646 2426 2712 mul-

341 2767 488 2815 tum
515 2747 829 2840 ponderis
860 2743 1178 2819 accedere
1210 2751 1367 2819 inde
1400 2751 1583 2845 quod
1613 2752 1916 2820 videatur
1948 2756 2424 2842 Hieronymus,

342 2855 656 2922 Ghronici
687 2859 901 2926 Graeci
936 2860 1293 2949 interpres,
1327 2879 1446 2926 sua
1473 2859 1561 2926 de
1584 2860 1993 2943 Quintiliano
2020 2859 2316 2925 hausisse
2348 2879 2430 2922 ex

340 2964 488 3051 ipso
511 2963 848 3028 Suetonio.
878 2963 1115 3030 Monet
1136 2967 1314 3030 enim
1336 2964 1467 3032 hoc
1492 2965 1739 3031 diserte
1763 2966 1832 3031 in
1858 2967 2244 3054 praefatione
2268 2984 2426 3052 ope·

340 3069 431 3134 ris
455 3067 873 3135 doctissimus
893 3068 1185 3136 ecclesiae
1203 3087 1410 3161 pater,
1436 3072 1504 3136 in
1527 3071 1728 3137 rebus
1748 3072 2058 3138 Romanis
2076 3070 2332 3136 auxisse
2354 3089 2427 3133 se

343 3197 546 3264 opus,
577 3174 760 3265 quod
787 3191 1106 3258 verteret,
1136 3192 1333 3243 usum
1359 3177 1658 3242 Suetonii
1682 3178 1880 3242 etiam
1902 3176 2104 3241 libris.
2139 3175 2287 3238 Jam
2325 3173 2426 3237 in-

344 3280 493 3347 dice
511 3282 731 3371 operis
748 3283 1132 3349 Suetoniani
1152 3281 1237 3348 do
1255 3282 1445 3349 claris
1463 3281 1869 3362 rhetoribus,
1894 3282 2012 3371 qui
2033 3302 2170 3345 non
2192 3280 2428 3368 exiguo

345 3385 712 3452 litteras-um
743 3386 1101 3454 commodo
1124 3403 1419 3453 servatus
1448 3401 1578 3467 est,
1616 3409 1826 3476 quum
1854 3387 2058 3477 ipsius
2084 3383 2236 3450 libri
2262 3407 2425 3453 non·

344 3492 473 3556 nisi
504 3492 783 3581 paucula
806 3494 1170 3582 fragmenta
1193 3491 1279 3559 ad
1303 3516 1426 3560 nos
1448 3494 1906 3582 pervehet-mn
1941 3492 2427 3582 hoc,inqua1n,

342 3597 564 3663 indice
591 3615 895 3687 apparet,
927 3600 1125 3664 etiam
1148 3601 1244 3664 Μ.
1275 3585 1458 3664 Fabii
1484 3583 1872 3682 Quintiliani
1894 3599 2095 3663 vitam
2119 3599 2428 3687 scriptam

344 3702 592 3767 fuisse
573 3725 643 3768 m
665 3704 792 3769 isto
816 3725 1019 3793 opere
1040 3726 1081 3769 a
1097 3703 1509 3794 Tranquillo.
1530 3706 1785 3770 Tantus
1803 3719 2035 3770 auctor
2057 3702 2249 3768 facile
2270 3723 2434 3790 prse-

347 3824 572 3898 gravat
589 3807 916 3900 quidquid
936 3826 1164 3876 contra
1182 3810 1289 3878 vel
1312 3833 1350 3875 a
1369 3809 1848 3878 recentioribus
1868 3807 2127 3888 dicitur,
2149 3808 2249 3873 vel
2274 3829 2430 3873 con-

338 3913 598 4006 jectura
622 3912 872 4005 alioqui
900 3917 1055 3982 satis
1086 3914 1414 4006 probabili
1441 3916 1715 3981 emitur.
1750 3916 1900 3980 Non
1927 3929 2027 3979 est
2059 3907 2430 3978 audiendus

347 4021 551 4108 igitur
582 4042 951 4110 anonymus
986 4023 1137 4088 vitae
1177 4021 1566 4105 Quintiliani
1602 4021 1909 4108 scriptor,
1955 4018 2142 4107 cujus
2182 4014 2430 4081 brevis-

347 4128 513 4198 sima
537 4128 824 4195 namatio
850 4128 1019 4195 solet
1044 4130 1207 4220 poni
1234 4130 1304 4195 in
1336 4127 1772 4211 editionibu3‚
1809 4144 1875 4193 et
1905 4143 2005 4193 est
2033 4124 2098 4193 in
2132 4145 2428 4192 mearum
