3200 5150
800 497 875 574 14
1256 489 1606 557 GEORG.
1655 488 1873 553 LUD.
1921 486 2396 554 SPALDING

786 613 981 683 Rhet.
1008 615 1316 681 Controv.
1346 613 1390 680 l.
1419 615 1501 692 V,
1530 611 1753 701 praef.)
1780 611 2076 700 negantis
2097 612 2536 694 Quintiliano,
2567 611 2710 678 sive
2739 610 2862 701 ipsi

792 722 1038 799 nostro,
1057 720 1196 786 sive
1214 742 1359 800 avo,
1377 719 1515 785 sive
1528 718 1697 807 patri
1712 716 1875 806 ejus,
1891 716 2273 787 tribuendas
2288 739 2431 785 esse
2447 716 2865 787 declamatio-

791 848 908 894 nes
939 826 1058 908 145
1082 825 1167 891 sb
1196 825 1512 914 Ugoleto‚
1538 822 1841 904 AErodio‚
1873 823 2130 890 Pithoeo
2153 823 2395 906 editas,
2415 825 2624 913 magis
2642 841 2866 891 autem

791 933 1068 998 faventis
1093 929 1503 1019 undeviginti
1529 929 1895 1019 prioribus,
1923 951 2070 1019 quae
2092 930 2346 997 soleant
2373 931 2685 1022 conjungi
2711 953 2868 1001 611111

791 1060 994 1129 opere
1034 1037 1551 1103 Institutionum.
1594 1034 1902 1102 AErodius
1941 1036 2227 1103 vicissim
2265 1037 2518 1126 aequior
2557 1052 2657 1103 est
2697 1037 2868 1126 frag·

790 1144 1031 1209 mentis
1054 1144 1326 1209 istarum
1362 1162 1384 1205 1
1399 1140 1502 1223 45,
1534 1158 1600 1207 61
1623 1155 1777 1207 311111
1804 1162 1961 1206 sane
1988 1163 2216 1207 63111111
2241 1158 2626 1232 argumenta
2648 1142 2871 1209 minus

791 1248 876 1316 ad
899 1247 1258 1329 fabulosae,
1278 1269 1443 1338 quas
1466 1246 1796 1336 improbat
1819 1263 2044 1314 noster
2064 1245 2179 1312 lib.
2207 1250 2299 1327 ΙΙ,
2319 1247 2365 1312 1.
2387 1269 2453 1313 0.
2466 1246 2873 1336 ,praestigias

792 1356 1176 1446 composita.

877 1461 1140 1530 Accedo
1175 1460 1260 1529 ad
1296 1402 1740 1529 recensendos
1775 1460 2054 1529 Codices
2086 1461 2265 1529 Mss.
2302 1461 2502 1553 hujus
2538 1462 2757 1553 operis
2797 1462 2869 1529 in

791 1567 1208 1643 bibliothecis
1247 1586 1570 1649 servatos,
1602 1591 1740 1658 quo
1776 1571 1844 1634 in
1880 1591 2123 1658 genere
2157 1591 2246 1634 ne
2280 1570 2430 1659 quis
2461 1568 2872 1658 diligentiam

791 1678 1086 1744 virorum
1108 1677 1177 1745 in
1196 1674 1375 1742 hisce
1397 1675 1634 1741 litteris
1654 1674 2092 1741 habitantium
2112 1698 2152 1740 a
2175 1697 2281 1741 me
2305 1692 2633 1764 expectet,
2659 1675 2728 1739 in
2750 1697 2870 1740 an-

791 1798 1120 1849 tecessum
1163 1778 1589 1870 deprecabor.
1627 1779 1878 1847 Videor
1925 1781 2104 1847 enim
2159 1779 2545 1847 mandatum
2599 1783 2872 1871 proprie

791 1911 1017 1954 meum
1040 1904 1460 1968 executurus,
1490 1889 1545 1953 si
1573 1909 1806 1953 eorum
1829 1909 1997 1978 quos
2019 1909 2338 1977 usurpare
2365 1886 2532 1953 mibi
2561 1887 2870 1975 contigit,

794 2019 930 2063 non
974 1993 1424 2085 poenitendam
1464 1995 1767 2060 notitiam
1804 1993 2077 2060 dedero.
2126 1993 2352 2078 Qualis
2394 2011 2566 2060 esset
2605 1988 2874 2059 Codicis

793 2100 1084 2168 Gothani
1110 2099 1433 2180 conditio,
1462 2100 1823 2181 Gesnerus,
1850 2099 1965 2192 qui
1995 2101 2254 2188 primus
2275 2122 2430 2165 611111
2462 2098 2793 2166 contulit
2774 2122 2878 2163 111-

794 2223 1093 2328 tegrum‚
1143 2205 1297 2271 satis
1351 2205 1419 2269 in
1462 2204 1848 2294 praefatione
1903 2205 2223 2294 exposuit.
2274 2205 2436 2296 Ejus
2481 2221 2703 2271 tamen
2756 2226 2874 2270 co·

795 2315 974 2431 piam
1018 2333 1227 2403 quum
1269 2309 1414 2376 fleri
1452 2310 1619 2376 mihi
1648 2333 1844 2401 posse
1883 2332 2248 2400 sperarem,
2281 2309 2415 2376 adii
2450 2312 2666 2376 virum
2707 2308 2874 2375 mihi

795 2417 1096 2506 inprimis
1142 2417 1474 2483 faventem
1518 2415 1928 2483 Fridericum
1972 2411 2502 2506 Sckh'chtegmll,
2542 2416 2872 2504 professo·-

795 2544 938 2590 rem
984 2540 1055 2590 et
1096 2520 1673 2589 bibliothecarium
1716 2519 2095 2589 Gothanum
2118 2570 2138 2605 ,
2183 2537 2259 2588 ut
2302 2544 2498 2594 usum
2535 2520 2686 2589 libri
2730 2543 2874 2611 pre-

795 2631 946 2695 tiosi
995 2629 1376 2718 impetraret
1419 2626 1603 2694 mihi.
1659 2628 1873 2695 Facile
1921 2646 2144 2695 autem
2193 2626 2380 2694 dedit
2417 2629 2547 2695 hoc
2590 2629 2757 2696 meis
2806 2645 2874 2695 et

794 2735 988 2802 amici
1009 2734 1315 2824 precibus
1337 2736 1908 2828 praestantissimus
1929 2736 2296 2816 Geislerus,
2326 2736 2726 2804 serenissimi
2749 2734 2870 2804 du-

795 2842 889 2908 cis
913 2862 953 2908 a
978 2840 1269 2908 consiliis
1298 2840 1524 2907 aulicis
1561 2858 1630 2907 et
1657 2840 2076 2908 bibliothecae
2106 2843 2398 2909 antistes.
2433 2844 2683 2907 Iterum
2716 2863 2872 2907 cum

793 2950 1196 3020 Gesneriana
1224 2948 1520 3016 editione
1549 2950 1864 3018 contendi
1893 2948 2243 3032 Codicem,
2274 2973 2352 3017 ea
2382 2968 2704 3018 annotans
2741 2951 2874 3017 sin-
2901 3002 2926 3024 .

793 3056 976 3146 gula,
1003 3078 1440 3148 quaecumqne
1469 3058 1797 3124 omisisset
1830 3057 2195 3139 Gesnerus,
2233 3058 2304 3122 in
2332 3080 2469 3148 quo
2501 3056 2728 3123 labore
2762 3055 2873 3122 vel

789 3163 1135 3229 vilissimas
1153 3164 1499 3232 varietates
1515 3162 1995 3231 transcribendi
2011 3162 2282 3230 taedium
2299 3162 2622 3230 devorare
2638 3163 2837 3229 malui
2851 3211 2872 3243 ,

793 3292 994 3360 quam
1024 3268 1388 3361 quidquam
1419 3271 1940 3361 praetermittere.
1967 3271 2322 3361 Conjectus
2353 3287 2454 3337 est
2478 3271 2547 3336 in
2577 3268 2872 3336 chartam

792 3376 1026 3464 ingens
1059 3375 1506 3442 aberrantium
1535 3377 2008 3466 scripturarum
2040 3395 2317 3442 acervus
2349 3377 2698 3442 maximam
2729 3376 2878 3466 quiae

794 3479 951 3546 dem
994 3498 1253 3570 partem
1292 3482 1582 3548 futilium
1605 3530 1623 3563 ,
1670 3505 1880 3570 quum
1923 3482 2407 3573 praestantiores
2451 3483 2876 3572 precepisset

795 3588 1152 3654 Gesnerus.
1180 3588 1309 3653 Eas
1335 3609 1564 3654 omnes
1586 3588 1818 3655 lectori
1847 3588 2197 3655 effundere
2223 3589 2453 3678 religio
2478 3589 2626 3654 fuit.
2653 3592 2876 3678 Appo-

794 3693 899 3758 sui
928 3709 1152 3759 tamen
1181 3691 1585 3784 ubicumque
1615 3692 1864 3785 aliquid
1895 3697 2216 3763 momenti
2242 3697 2310 3760 111
2338 3696 2417 3761 113
2443 3695 2610 3760 verti
2642 3692 2874 3760 crede-

794 3822 967 3880 rem,
986 3820 1267 3866 monens
1284 3799 1508 3881 simul,
1529 3801 1587 3867 si
1610 3823 1772 3892 quas
1791 3801 2124 3869 Gesnerus
2146 3825 2284 3869 non
2303 3817 2710 3882 annotasset,
2730 3823 2869 3867 non

793 3928 877 3972 eo
907 3923 1089 3973 certe
1123 3905 1433 3989 consilio,
1470 3925 1547 3975 ut
1574 3910 1718 3975 viro
1751 3911 2286 4000 praestnntissimo
2315 3907 2730 3988 insultarem,
2757 3904 2872 3970 vel

794 4036 1012 4080 meam
1052 4014 1489 4105 diligentium,
1535 4039 1673 4108 prae
1713 4018 1855 4111 ojus
1896 4020 2181 4101 incuria,
2224 4016 2636 4084 venditorem
2673 4005 2878 4101 (113111

793 4121 977 4187 stulti
1021 4139 1159 4189 erat
1197 4123 1269 4188 in
1311 4124 1770 4213 patientissimi
1806 4124 2127 4217 cujusque
2171 4123 2484 4214 mancipii
2521 4118 2874 4190 stomacho
