3200 5150
851 369 983 452 '408
1420 366 1514 428 M.
1553 360 1778 429 mnu
1812 360 2362 443 QUINTILIANI

855 492 983 562 Ars
1024 507 1124 559 est
1163 486 1555 584 utriusque,
1597 483 1718 555 sed
1756 483 2073 582 pluribus
2108 509 2266 555 eam
2305 482 2500 555 libris
2536 484 2905 559 Aristoteles

856 602 1259 701 complexus
1287 621 1424 688 est;
1455 599 1704 670 eodem
1732 618 2044 697 tempore
2065 597 2494 670 Theodectes
2511 598 2675 686 fuit,
2700 599 2784 671 de
2806 628 2911 672 cu-

756 733 820 787 15
846 717 967 819 jus
1014 743 1218 815 opere
1265 727 1510 812 supra¹
1566 713 1831 786 dictum
1879 734 1999 784 est.
2042 713 2604 812 Theophrastus²
2651 741 2908 813 quoque

855 829 1234 905 Aristotelis
1286 826 1664 926 discipulus
1713 827 1799 898 de
1848 824 2176 899 rhetorice
2224 826 2587 924 diligenter
2625 827 2908 927 scripsit;

858 968 1063 1046 atque
1098 946 1261 1018 hinc
1300 943 1408 1016 vel
1450 943 1819 1016 studiosius
1863 942 2294 1044 philosophi,
2333 969 2547 1041 quam
2598 940 2912 1036 rhetores,

860 1058 1384 1160 praecipueque³
1411 1059 1784 1131 stoicorum
1805 1086 1882 1132 ac
1904 1057 2504 1159 peripateticorum
2518 1054 2551 1119 4
2570 1059 2911 1158 principes

762 1180 826 1234 ¹6
861 1175 1051 1248 Fecit
1078 1173 1328 1246 deinde
1352 1174 1539 1244 velut
1565 1175 1915 1273 propriam
1944 1170 2449 1272 Hermagoras⁵
2479 1171 2664 1243 viam
2683 1231 2705 1262 ,
2728 1201 2916 1272 quam

863 1286 1149 1390 plurimi
1179 1309 1340 1359 sunt
1361 1289 1575 1360 secuti
1592 1343 1613 1376 ‚
1648 1289 1761 1360 cui
1789 1288 2093 1360 maxime
2125 1315 2251 1387 par
2275 1307 2481 1385 atque
2508 1287 2803 1360 aemulus
2828 1290 2917 1360 vi-

866 1404 1067 1477 detur
1082 1405 1456 1477 Athenaeus
1470 1403 1504 1449 ⁶
1520 1405 1731 1478 fuisse
1748 1436 1768 1495 ;
1791 1405 2012 1478 multa
2031 1426 2184 1504 post
2200 1402 2613 1503 Apollonius
2632 1403 2918 1495 Molonv,

865 1621 1319 1692 proficisci‚quod
1336 1622 1492 1693 longe
1510 1636 1590 1675 est
1605 1635 1865 1675 remotum
2022 1620 2074 1673 6.
2115 1619 2407 1673 Atheniens.
2453 1621 2553 1671 Hic
2595 1617 2920 1690 philosophus

867 1699 935 1751 ab
952 1704 1065 1770 ejus
1080 1700 1481 1766 consuetudine,
1495 1705 1715 1773 ipsaque
1729 1702 1865 1753 adeo
1953 1701 2330 1774 peripateticus
2347 1699 2448 1749 fuit
2459 1737 2476 1763 ‚
2499 1700 2590 1769 qui
2612 1700 2790 1750 Roma
2810 1711 2921 1749 tem-

866 1776 1142 1847 elegantia.
1182 1782 1260 1832 De
1285 1781 1439 1849 graeci
1465 1797 1645 1832 versus
1678 1779 1868 1830 condi·
1954 1796 2086 1850 pore
2112 1778 2338 1847 Augusti
2359 1778 2511 1840 vixit,
2540 1789 2595 1828 et
2617 1795 2742 1827 eum
2762 1780 2923 1829 Murae-

867 1858 1014 1906 tione
1038 1859 1194 1908 etiam
1217 1857 1331 1922 hie,
1352 1860 1395 1908 si
1414 1857 1617 1929 placet,
1635 1857 1753 1912 vide
1772 1875 1868 1908 no-
1956 1857 2098 1908 nain
2118 1857 2411 1925 Augustum
2426 1857 2751 1925 conjuravit:
2770 1869 2925 1926 postea

871 1948 978 1985 tam
998 1937 1337 2005 superiorem.
1957 1934 2197 2005 collapsu
2221 1934 2411 1987 edium
2432 1934 2745 1986 interfectus
2764 1936 2926 1986 estvi-

949 2030 992 2064 1.
1017 2014 1203 2084 Supra.
1227 2016 1298 2079 ΙΙ,
1329 2014 1420 2079 15,
1451 2033 1528 2066 io.
1958 2013 2026 2067 de
2048 2013 2216 2066 strab.
2240 2014 2275 2064 1.
2301 2015 2436 2064 XIV.

947 2109 995 2141 2.
1025 2090 1419 2163 Theophrastus.
1445 2096 1571 2164 Ejus
1594 2096 1746 2158 artis,
1774 2091 1871 2144 de-
2031 2110 2081 2162 7.
2105 2089 2419 2162 Apollonius
2439 2090 2648 2143 Melon.
2675 2091 2927 2144 Celeberri-

874 2169 1117 2240 perditae‚
1141 2173 1490 2223 meminerunt
1515 2174 1670 2241 Diog.
1700 2174 1869 2223 laert.
1961 2188 2077 2222 nus
2100 2171 2452 2222 OEceronianae
2475 2172 2643 2223 aetatis
2666 2170 2850 2235 rhetor,
2867 2172 2927 2240 ip·

874 2252 941 2313 V,
972 2248 1040 2313 48
1058 2286 1074 2312 ,
1107 2263 1158 2300 et
1190 2249 1498 2301 scholiastes
1530 2251 1874 2320 Hermogenis
1962 2252 2176 2320 siusque
2208 2250 2469 2319 magister.
2494 2248 2633 2302 Vide
2665 2252 2784 2316 ΧΠ,
2808 2249 2864 2315 6,
2887 2264 2926 2316 7,

876 2329 932 2377 in
987 2325 1394 2395 prolegomenis.
1447 2331 1709 2399 Praecepta
1762 2331 1875 2399 ejus
1963 2341 2016 2380 et
2037 2329 2145 2381 Cic.
2171 2329 2312 2379 Brut.
2337 2346 2385 2379 0.
2412 2328 2481 2397 89
2504 2340 2636 2379 extr.
2662 2330 2810 2379 Hunc
2830 2327 2929 2379 Ab·

875 2404 1138 2456 rhetorica
1155 2442 1171 2469 ‚
1204 2404 1337 2455 libro
1372 2407 1587 2474 quidem
1616 2410 1734 2477 ipso
1766 2424 1877 2458 non
1961 2405 2150 2458 bandis
2172 2406 2331 2457 Carioe
2359 2404 2522 2471 urbe,
2549 2419 2760 2472 ortum,
2783 2404 2931 2459 sedent

878 2483 1178 2548 nominato,
1202 2486 1365 2553 tangit
1388 2486 1496 2535 Cic.
1522 2484 1589 2536 de
1610 2487 1779 2536 Divin.
1802 2487 1877 2550 11,
1964 2484 2136 2537 fixisse
2158 2486 2214 2535 in
2235 2482 2426 2536 Rhodo
2445 2484 2620 2537 insula
2639 2499 2810 2537 narrat
2824 2486 2930 2537 stra·

883 2578 933 2627 1,
957 2573 1009 2612 et
1027 2562 1172 2614 Orat.
1195 2580 1241 2613 c.
1267 2563 1359 2628 24;
1378 2564 1502 2616 item
1525 2564 1751 2635 scriptor
1765 2562 1876 2632 aspi
1964 2562 2066 2629 bo,
2089 2562 2125 2615 l.
2153 2564 2290 2627 XIV,
2314 2582 2372 2633 p.
2400 2560 2505 2616 655
2533 2577 2589 2615 et
2616 2563 2742 2630 661,
2769 2564 2855 2616 etsi
2875 2560 2929 2614 sb

880 2639 1108 2707 ἔρμιινιίιις
1157 2639 1179 2710 (
1196 2640 1354 2711 vulgo
1406 2644 1640 2695 Demetr-
1690 2641 1834 2695 Phal.
1855 2642 1879 2714 )
1962 2640 2249 2713 Apollonio
2264 2640 2593 2711 distinguens
2604 2680 2623 2707 ,
2637 2655 2699 2694 111
2711 2646 2816 2714 ejus
2830 2660 2932 2693 non-

878 2719 930 2786 5.
955 2718 1043 2784 41,
1075 2718 1199 2787 175,
1226 2737 1343 2789 ²29·
1964 2723 2067 2773 nisi
2092 2719 2324 2773 Molonis
2352 2738 2548 2773 nomen
2576 2721 2745 2773 fuisse
2768 2719 2931 2790 signifi-

951 2798 1001 2849 3.
1022 2798 1398 2870 Proecipueque.
1414 2800 1588 2852 Guelf.
1599 2801 1874 2872 proecipue.
1966 2812 2068 2852 cet.
2124 2803 2368 2853 Attamen
2419 2800 2637 2871 plurimi
2688 2801 2931 2872 scriptores

878 2876 1092 2929 Praestat
1124 2895 1248 2932 sane
1280 2891 1331 2930 et
1363 2891 1572 2949 poterat
1605 2881 1748 2931 nasei
1778 2897 1879 2949 que
1966 2877 2135 2949 (quos
2153 2878 2330 2931 vid-ere
2353 2891 2433 2931 est
2459 2879 2607 2952 apud
2633 2879 2783 2932 Fabr.
2810 2882 2857 2931 B.
2881 2879 2930 2931 G.

880 2974 944 3008 ex
968 2976 1142 3010 errore
1168 2958 1304 3010 male
1332 2961 1617 3029 repetentis
1642 2978 1761 3030 pue.
1792 2959 1876 3011 Sic
1966 2958 2108 3011 Harl.
2136 2960 2225 3024 lv,
2250 2978 2303 3030 p.
2338 2958 2470 3030 273)
2497 2973 2729 3031 utroque
2754 2960 2933 3012 nomine

880 3047 934 3087 et
955 3038 1019 3100 V,
1053 3053 1141 3102 10,
1166 3037 1260 3106 49,
1283 3037 1456 3090 Guelf.
1477 3057 1599 3089 cum
1623 3037 1777 3090 Aldo.
1966 3036 2261 3108 appellant,
2291 3037 2383 3088 ubi
2414 3051 2591 3090 13111011
2624 3038 2823 3109 aliquot
2844 3040 2931 3087 VV.

949 3115 1001 3180 4.
1036 3115 1378 3168 Stoicorum...
1410 3117 1874 3188 peripateticorum.
1964 3119 2078 3170 DD.
2108 3116 2291 3169 malint
2325 3116 2455 3187 legi:
2479 3116 2805 3189 Apollonius
2834 3117 2932 3167 Μο-

878 3194 1013 3248 vide
1035 3198 1107 3260 11,
1139 3195 1228 3260 15,
1259 3214 1324 3248 20
1349 3215 1494 3267 seqq.
1520 3196 1587 3249 de
1610 3200 1876 3268 peripate-
1965 3194 2098 3247 lonis
2115 3194 2196 3264 (ut
2214 3194 2531 3267 Apollonius
2548 3196 2931 3249 illesitMolonis

879 3274 1023 3340 ficis,
1044 3286 1096 3324 et
1122 3274 1166 3342 5.
1195 3275 1291 3341 35,
1310 3275 1376 3327 de
1396 3277 1590 3327 stoicis.
1605 3277 1880 3328 —Stot'co-
1964 3273 2125 3346 filius)
2144 3275 2335 3345 quibus
2352 3275 2596 3327 nonnulli
2614 3276 2933 3348 astipulantur

876 3369 996 3401 rum
1028 3365 1204 3404 autem
1233 3355 1494 3424 principes
1531 3354 1680 3405 fuere
1709 3354 1877 3427 Chry-
1964 3352 2132 3407 codd.
2165 3353 2504 3425 (Quintiliani
2528 3353 2746 3426 quidem
2774 3366 2933 3408 neutro

877 3431 1080 3500 suppus,
1097 3431 1395 3497 Cleanthes,
1409 3434 1569 3494 Zeno,
1584 3434 1872 3502 Diogenes:
1964 3433 2086 3485 loco
2110 3433 2286 3505 ullus).
2310 3434 2414 3488 Sed
2434 3435 2536 3486 fuit
2556 3430 2933 3502 (ἥκοι-1111161·

872 3510 1321 3579 peripateticorum
1343 3510 1676 3577 Aristotele8‚
1699 3511 1877 3566 Theo·
1963 3513 2018 3564 10
2043 3513 2255 3584 quidem
2280 3513 2538 3585 tempore)
2560 3532 2679 3566 mos
2704 3528 2762 3566 ut
2785 3516 2931 3585 ipsum

875 3585 1452 3656 phrastus‚Demetrius
1467 3589 1774 3655 Phalereus,
1788 3611 1877 3644 cu·
1961 3594 2123 3662 patris
2155 3610 2350 3644 nomen
2376 3592 2793 3665 superadderent
2816 3592 2933 3650 filio

869 3668 959 3734 jus
979 3668 1190 3718 nomine
1210 3667 1572 3719 circumfertur
1589 3668 1797 3721 libellus
1811 3670 1877 3721 de
1962 3674 2112 3741 cujus
2129 3673 2202 3723 rei
2216 3670 2451 3742 exempla
2467 3684 2591 3724 sunt
2604 3672 2797 3724 idonea
2815 3666 2932 3740 apud

874 3742 1184 3795 Elocutione
1217 3757 1365 3796 tanto
1396 3748 1507 3798 viro
1539 3766 1727 3818 parum
1758 3747 1872 3819 dig-
1960 3750 2112 3802 Fabr.
2144 3750 2181 3801 l.
2216 3770 2263 3803 0.
2298 3753 2564 3804 Romanos
2596 3765 2784 3803 contra
2807 3749 2931 3820 geni·

873 3841 992 3876 nus.
1022 3825 1113 3874 En.
1958 3830 2065 3880 tivo
2092 3847 2215 3882 usos
2238 3831 2292 3881 in
2315 3828 2415 3882 hac
2433 3849 2490 3883 re
2500 3845 2695 3900 ‚negat
2713 3829 2859 3884 Saltu.
2878 3824 2932 3877 ad

943 3900 994 3954 5.
1021 3902 1376 3975 Her-majoram
1408 3904 1527 3958 Scil.
1554 3907 1748 3973 senior,
1773 3926 1870 3959 cu·-
1957 3909 2117 3959 Inscr.
2143 3907 2336 3961 Herod.
2361 3911 2466 3961 Att.
2493 3928 2547 3981 p.
2566 3925 2667 3978 90,
2688 3908 2933 3961 Phoebm-

866 3982 954 4049 ius
987 3994 1246 4051 praecepta
1277 3983 1507 4034 imitatus
1541 3997 1622 4036 est
1651 3986 1868 4053 Cicero,
1960 4005 2086 4038 mon
2121 3986 2298 4038 rhetor
2332 4007 2412 4037 w
2438 3984 2693 4039 ’An-main
2679 4008 2766 4047 ι,ος
2793 3988 2885 4047 ait,
2909 4002 2926 4031 ο

871 4059 926 4109 in
950 4056 1084 4110 libro
1107 4058 1173 4111 de
1195 4061 1514 4116 Inventione.
1957 4065 2148 4119 ι’πίιλκυ
2177 4062 2340 4119 Μόλων
2369 4065 2581 4135 ὁρίοισι».
2612 4067 2827 4138 Proprie
2850 4064 2933 4134 igi·
