3200 5150
724 465 1371 534 INSTITUTIONIS
1408 463 1664 531 ORAT.
1703 466 1864 535 LIB.
1905 469 1968 548 1,
2008 469 2071 535 6.
2321 469 2435 539 151

356 607 555 675 sunt,
591 590 820 663 ...Imo
840 603 859 634 ¹
889 590 972 661 dc
990 594 1197 689 stirpe
1219 594 1540 675 recisum;
1571 610 1640 661 et
1671 593 1973 665 ...Aeriae
1995 616 2133 692 quo
2161 616 2447 692 conqes-

351 729 493 777 sere
510 701 887 802 palumbes;
904 724 973 781 et
993 703 1267 779 ...Silice
1289 710 1359 777 in
1384 705 1593 792 nuda,
1618 726 1685 777 et
1700 704 1988 794 similia3
2012 733 2235 806 quum
2257 734 2450 780 sum·

354 845 633 892 morum
660 819 736 893 in
771 819 1164 920 eloquentia
1190 820 1495 893 virorum
1516 819 1870 921 judicium
1895 848 2021 922 pro
2052 821 2312 895 ratione
2331 878 2350 911 ,
2381 841 2451 894 et

352 931 458 1004 vel
487 960 673 1007 error
703 935 1033 1011 honestus
1067 956 1166 1008 est
1191 961 1482 1034 magnos
1513 934 1725 1009 duces
1754 936 2225 1035 sequentibus.
2260 939 2449 1011 Con-
2530 972 2534 976 >

349 1049 628 1122 suetudo
646 1076 805 1123 vero
830 1050 1205 1127 certissima
1223 1049 1558 1150 loquendi
1578 1051 1936 1149 magistra,
1964 1052 2449 1152 utendumque

350 1160 559 1261 plane
579 1188 924 1253 sermone,
950 1184 1029 1237 ut
1045 1192 1371 1255 nummo,
1392 1166 1506 1239 cui
1530 1165 1816 1264 publica
1832 1168 2101 1241 forma²
2128 1188 2245 1239 est.
2270 1167 2451 1240 Om-

351 1277 468 1350 nia
500 1299 736 1351 tamen
769 1279 916 1355 haec
950 1279 1233 1380 exigunt
1263 1309 1415 1355 acre
1437 1281 1792 1384 judicium
1813 1280 1842 1325 ³
1861 1339 1882 1372 ,
1916 1282 2245 1380 analoqia
2268 1308 2450 1380 prae-

349 1392 555 1492 cipue
577 1450 598 1483 ,
642 1422 859 1494 quam
898 1396 1210 1496 proxime
1247 1425 1331 1472 ex
1357 1399 1606 1473 Graeco
1636 1394 2118 1471 transferentes
2150 1397 2224 1468 in
2255 1396 2450 1468 Lati-

352 1536 529 1581 num
554 1565 574 1598 ,
604 1518 1117 1612 proportionem
1147 1535 1585 1587 vocaverunt.
1621 1513 1790 1615 Ejus
1812 1512 1959 1587 haec
1985 1512 2086 1583 vis
2110 1530 2246 1599 est,
2278 1530 2357 1582 ut
2377 1510 2450 1582 id

351 1624 543 1724 quod
572 1625 871 1701 dubium
901 1650 1039 1717 est,
1072 1628 1162 1701 ad
1185 1628 1449 1729 aliquid
1473 1628 1698 1703 simile
1718 1685 1739 1717 ,
1778 1628 1863 1701 de
1894 1654 2034 1726 quc
2069 1653 2214 1699 non
2252 1651 2450 1724 quae·

352 1739 559 1829 ritur,
602 1743 882 1832 referat,
931 1765 1010 1816 ut
1048 1744 1309 1849 incerta
1343 1745 1541 1819 certis
1583 1744 1870 1845 probet,
1920 1741 2112 1841 quod
2154 1740 2453 1813 efficitur

352 1853 614 1953 duplici
638 1856 781 1929 via:
810 1866 1324 1959 comparatione
1345 1859 1683 1932 similium
1707 1859 1782 1931 in
1806 1856 2123 1929 extremis
2147 1853 2450 1927 maxime

351 1968 631 2068 syllabis
655 1972 977 2072 (propter
999 1973 1188 2072 quod
1216 2002 1295 2047 ea
1313 2032 1332 2065 ,
1363 2002 1518 2074 quoe
1537 1994 1702 2046 sunt
1720 2000 1758 2045 e
1780 1971 2070 2070 singulis
2088 1967 2153 2058 4,
2178 1995 2450 2067 negan-

348 2102 464 2154 tur
487 2083 738 2158 debere
771 2086 1193 2187 rationem);
1233 2109 1301 2161 et
1336 2086 1856 2162 diminutione5.
1895 2076 2337 2187 Comparatio
2373 2083 2448 2156 in

431 2281 1352 2351 1.1m0...Aerioe...Silice.AEn.xn,
1440 2287 1567 2339 Arte
1591 2301 1693 2335 am.
1719 2284 1819 2349 111,
1848 2282 1982 2348 480:
2024 2302 2047 2326 α
2068 2281 2322 2333 sermonis
2341 2297 2448 2350 pu·

355 2360 457 2413 208
489 2359 599 2430 (ad
632 2380 789 2433 quem
819 2363 997 2417 locum
1020 2365 1227 2418 Servius
1250 2364 1353 2415 ob-

352 2454 554 2506 servat,
577 2441 644 2494 de
666 2444 920 2497 arboribus
942 2444 1228 2497 masculine
1242 2481 1260 2510 ,
1283 2442 1351 2497 de

356 2520 646 2575 hominibus
678 2523 928 2578 feminine
969 2524 1076 2577 dici
1107 2524 1313 2597 stirpem
1333 2560 1350 2589 ,

354 2600 502 2670 quod
541 2620 638 2672 per
678 2605 855 2656 omnia
893 2602 1102 2656 videtur
1140 2617 1353 2656 secutus

351 2679 631 2749 Virgilius,
665 2680 909 2734 observat
940 2695 1116 2734 autem
1146 2684 1353 2736 Servius

354 2778 464 2812 non
500 2779 610 2812 uno
646 2761 768 2815 loco
783 2799 801 2828 ,
837 2775 898 2814 ut
937 2774 991 2815 et
1029 2764 1355 2831 grammatici

353 2839 569 2912 quidam
592 2840 734 2913 apud
759 2840 968 2894 Putsch.
994 2843 1163 2894 Etiam
1185 2844 1355 2913 scrip-

353 2932 495 2972 tores
513 2938 675 2991 prosa
692 2934 899 2972 utentes
923 2920 1124 2973 arboris
1145 2921 1351 2993 stirpem

350 2998 553 3052 habent
604 2999 951 3053 masculinum
971 3037 988 3066 ,
1047 3012 1106 3052 ut
1157 2998 1355 3054 docent

351 3079 591 3150 exempla
625 3098 687 3131 ex
709 3081 804 3131 Rei
825 3080 1048 3132 Rustica
1080 3080 1353 3150 scriptori·

352 3156 454 3210 bus
468 3171 521 3210 et
532 3158 763 3230 Plinio.);
779 3157 959 3229 Eclog.
976 3160 1064 3224 111,
1079 3157 1165 3227 69.
1183 3160 1352 3211 Etiam

352 3239 599 3291 Horatius
623 3240 794 3291 Carm.
823 3241 924 3305 111,
960 3239 1026 3306 4.,
1053 3256 1120 3308 9,
1158 3236 1354 3310 efabu-

352 3317 528 3370 losoe...
550 3318 826 3390 palumbes
847 3343 870 3368 n
898 3319 1065 3372 Plaut.
1092 3331 1275 3371 contra
1297 3319 1354 3371 in

354 3396 597 3450 Bacchid.
616 3400 868 3464 act.1‚sc.
893 3416 910 3449 1
928 3418 1008 3462 ,ιη
1035 3415 1352 3469 17,unum...

353 3477 675 3548 palumbem.
711 3501 734 3526 ιι
774 3477 878 3530 vid.
918 3480 1151 3532 Nonium
1188 3480 1350 3532 Marc.

354 3576 438 3629 ap.
466 3558 711 3611 Gothofr.
737 3579 790 3632 p.
815 3559 920 3630 607
937 3598 954 3626 ‚
987 3574 1039 3612 et
1062 3559 1191 3612 Plin.
1218 3560 1348 3611 nist.

352 3652 461 3691 nat.
489 3641 568 3705 X,
602 3638 670 3692 35
686 3678 703 3706 ,
742 3661 765 3685 α
782 3638 986 3713 aliquos
1004 3640 1123 3692 n-de
1145 3639 1356 3711 palum·

353 3718 529 3771 bibus.
566 3719 675 3770 Ecl.
710 3723 765 3787 1,
810 3719 904 3786 15,
940 3719 1007 3772 de
1044 3718 1186 3773 silice
1215 3718 1354 3784 vid„

352 3810 542 3867 prater
558 3798 745 3850 Lexica
761 3837 778 3864 ,
798 3802 937 3852 Non.
958 3802 1119 3852 Marc.
1147 3818 1200 3870 p.
1222 3796 1283 3850 61
1300 3815 1319 3849 ι
1336 3835 1355 3865 ,

355 3877 445 3945 qui
471 3874 661 3928 eodem
682 3878 848 3929 utitur
868 3877 990 3930 loco
1008 3876 1314 3948 virgiliano.

427 3971 475 4006 α.
499 3953 714 4007 Publica
717 3955 917 4027 forma.
932 3958 1189 4027 Apposite
1207 3974 1355 4008 com·

353 4045 505 4107 parat
514 4035 900 4088 Almelovenius
911 4037 1123 4088 Lucian.
1142 4038 1197 4090 in
1210 4036 1356 4088 Lexi-

350 4113 527 4184 phane
549 4116 669 4168 Vol.
694 4118 759 4180 V,
787 4134 841 4186 p.
874 4131 967 4184 197
987 4151 1004 4180 ,
1036 4117 1148 4185 Bip.
1182 4109 1239 4166 rui
1261 4134 1354 4164 κα.-

350 4190 566 4253 somate
588 4191 793 4264 vimmo
815 4194 896 4252 τῖς
921 4193 1097 4262 omnic,
1123 4206 1178 4247 et
1198 4193 1352 4248 Ovid.

1448 2386 1470 2411 a
1487 2362 1620 2416 blica
1631 2361 1815 2433 forma
1831 2361 2025 2432 placet.
2049 2385 2072 2407 ιι
2099 2359 2203 2411 vid.
2230 2373 2284 2411 et
2306 2360 2444 2411 Sext.

1442 2445 1593 2514 Emp.
1615 2442 1813 2494 advers.
1835 2439 2001 2493 Math„
2021 2438 2056 2490 l.
2082 2441 2136 2506 1,
2165 2458 2211 2490 c.
2242 2455 2303 2490 10
2318 2476 2334 2503 ,
2354 2437 2450 2489 ubi

1443 2522 1610 2575 multa
1631 2517 1852 2589 ὄνᾶμιτος
1874 2518 1955 2571 ui
1988 2518 2266 2587 νομίσματος
2296 2536 2447 2570 com-

1442 2605 1648 2674 paratio
1669 2642 1686 2668 ,
1751 2615 1804 2654 et
1852 2598 2130 2654 commode
2178 2598 2447 2651 Fabricius

1443 2682 1599 2734 affert
1617 2680 1796 2733 locum
1815 2680 2174 2732 Fortunatiani
2187 2716 2203 2743 ,
2222 2676 2448 2729 rhetoris

1440 2759 1728 2828 Pithoeani,
1745 2780 1801 2832 p.
1819 2777 1913 2829 70:
1941 2783 1963 2806 ι
1982 2759 2170 2811 Verbis
2188 2757 2444 2810 utendum

1449 2863 1472 2888 ι
1494 2852 1574 2892 est
1609 2852 1669 2891 ut
1702 2840 1961 2904 nummis,
1994 2836 2204 2908 publica
2238 2846 2448 2887 moneta

1448 2940 1471 2965 ⁸
1490 2920 1721 2989 Signalis.
1746 2942 1769 2965 n

1513 3000 1565 3052 3.
1584 2996 1890 3071 Acrejudic.
1915 2994 2089 3049 Guelf.
2107 3011 2295 3066 grave,
2322 3010 2446 3043 cum

1440 3076 1695 3132 Sichardo
1721 3075 1939 3127 editore.
1970 3071 2127 3125 Male.

1513 3157 1564 3224 4.
1595 3155 1723 3225 Quoe
1743 3163 1865 3206 sunt
1883 3172 1913 3204 e
1933 3149 2165 3224 singulis.
2203 3149 2449 3203 Similiter

1441 3240 1608 3290 Varro
1643 3237 1698 3287 in
1731 3233 1812 3284 his
1842 3251 1957 3303 quae
1982 3250 2094 3283 non
2116 3228 2447 3283 declinantur

1443 3314 1742 3385 analogiam
1762 3313 1921 3383 quaeri
1941 3329 2051 3364 non
2075 3310 2268 3363 dehere
2291 3307 2447 3375 dicit,

1442 3410 1503 3450 ut
1524 3413 1679 3458 mox,
1707 3393 1810 3446 vix.
1835 3396 1982 3444 Prru.

1515 3474 1565 3530 5.
1596 3473 1975 3526 Βίηιίηαείοηε.
2001 3474 2059 3522 In
2077 3469 2178 3521 hac
2202 3487 2332 3521 voce
2356 3467 2447 3520 ali-

1442 3558 1649 3628 quoties
1683 3553 1991 3618 dormitavi,
2031 3549 2192 3602 modo
2229 3549 2286 3600 di
2319 3550 2452 3601 scri-

1440 3636 1573 3688 bens
1601 3633 1771 3705 (Vide
1794 3635 1849 3698 1,
1882 3630 1948 3698 5,
1979 3629 2115 3701 46),
2154 3626 2314 3680 modo
2348 3626 2445 3690 de,

1443 3731 1503 3770 ut
1520 3735 1643 3769 mox
1662 3716 1708 3782 5.
1731 3713 1781 3766 6.
1799 3711 1972 3766 Guelf.
1989 3710 2234 3763 vindicat.
2254 3708 2450 3775 Quam-

1442 3814 1603 3867 quam
1628 3795 1953 3854 Priscianus,
1984 3809 2037 3861 p.
2063 3785 2275 3840 Putsch.
2311 3781 2413 3853 557
2431 3820 2450 3849 ,

1444 3873 1685 3944 agnoscit
1718 3870 1807 3936 di,
1843 3887 2008 3941 quum
2045 3878 2251 3937 repetat
2286 3882 2316 3916 e
2351 3862 2447 3914 dis.

1440 3954 1614 4006 Etiam
1640 3967 1797 4021 supra
1813 3987 1829 4014 ,
1860 3948 2080 4016 aliisque
2108 3943 2240 3996 locis
2266 3954 2451 3993 vetus-

1444 4033 1652 4084 tissimae
1693 4028 1949 4082 editiones
1991 4040 2043 4077 et
2085 4026 2186 4097 ipsi
2226 4022 2450 4077 Codices

1443 4112 1554 4164 fere
1585 4108 1824 4160 diminuo
1865 4105 2131 4159 exhibent.
2176 4104 2349 4158 Sum.
2392 4102 2451 4154 in

1444 4191 1784 4257 Praefatione,
1808 4208 1863 4262 p.
1891 4186 1977 4257 76.
