3200 5150
656 511 1306 578 INSTITUTIONIS
1341 512 1594 578 ORAT.
1635 514 1795 579 LIB.
1836 515 1950 594 Hs
1977 539 2029 580 1.

308 640 517 741 pleno
539 637 692 739 jam
721 636 879 708 satis
906 634 1098 706 alveo
1132 633 1321 721 fluit3
1352 660 1577 734 quum
1608 656 1849 733 praeter
1880 637 2216 710 rationem
2245 666 2389 712 rec-

308 776 373 826 te
407 750 772 853 loquendi,
803 776 945 822 non
981 775 1229 848 pamm
1261 747 1520 847 alioqui
1554 750 1903 848 copiosam
1924 807 1943 839 ,
1974 778 2187 851 prope
2227 781 2388 825 om-

2261 518 2379 605 257

305 869 504 940 nium
555 865 1016 938 maximarum
1059 864 1351 934 artium¹
1400 863 1757 936 scientiam
1801 865 2117 964 amplexa
2158 869 2278 956 sit;
2326 889 2392 940 et
2461 887 2491 937 5

308 981 673 1069 rhetorice,
718 980 832 1051 cui
876 1005 1137 1050 nomen
1178 977 1278 1049 vis
1322 977 1697 1077 eloquendi
1737 979 1960 1070 dedit,
2003 983 2231 1053 officia
2267 1010 2393 1055 sua

305 1122 452 1168 non
486 1095 844 1183 detrectet,
878 1119 1007 1164 nec
1038 1092 1360 1189 occupari
1389 1092 1685 1189 gaudeat
1713 1094 2174 1192 pertinentem
2205 1096 2291 1168 ad
2320 1123 2391 1168 se

306 1210 617 1283 laborem
636 1266 655 1300 ,
677 1235 863 1307 quae,
890 1208 1061 1278 dum
1093 1232 1297 1305 opere
1327 1206 1542 1295 cedit,
1564 1206 1717 1307 jam
1745 1235 1940 1306 paene
1971 1210 2394 1308 possessione

230 1355 235 1361 ·
308 1325 598 1424 depulsa
625 1336 788 1395 est2.
827 1325 968 1394 Nec
1003 1320 1376 1410 infitiabor,
1403 1347 1487 1393 ex
1519 1322 1599 1393 iis
1635 1322 1941 1421 aliquem
1963 1380 1982 1412 ,
2007 1326 2129 1422 qui
2156 1352 2395 1423 qram-

306 1445 601 1511 maticen
631 1434 1110 1538 profitentur—²0,
1144 1461 1449 1534 eousque
1479 1437 1777 1509 scientiae
1801 1427 2123 1537 progredi
2155 1467 2353 1538 posse
2376 1497 2395 1530 ,

306 1563 386 1626 ut
411 1553 501 1625 ad
529 1553 674 1625 haec
703 1577 985 1652 quoque
1003 1549 1334 1622 tradenda
1358 1551 1655 1621 sufficiat
1676 1581 1693 1639 ;
1721 1551 1840 1623 sed
1865 1579 2089 1651 quum
2118 1554 2186 1624 id
2210 1576 2396 1652 aget,

307 1666 592 1740 rhetoris
613 1666 844 1737 officio
868 1667 1222 1763 fungetur,
1245 1690 1389 1736 non
1410 1690 1560 1736 suo.
1583 1668 1726 1736 Nos
1754 1692 1957 1763 porro
1986 1668 2398 1765 quaerimuS,

308 1780 590 1879 quando
625 1779 743 1868 iis,
786 1805 941 1877 quae
981 1777 1311 1850 rhetorice
1347 1779 1693 1877 praecipit,
1732 1780 2191 1879 percipiendis
2224 1809 2401 1880 puer

307 1916 618 1967 maturus
648 1920 790 1967 esse
822 1893 1172 1965 videatur:
1211 1892 1284 1963 in
1318 1919 1459 1991 quo
1489 1893 1778 1992 quidem
1813 1921 1958 1965 non
1989 1895 2060 1966 id
2090 1916 2189 1968 est
2216 1897 2399 1969 aesti-

307 2009 648 2082 mandum
669 2065 689 2099 ,
740 2007 940 2108 cujus
988 2006 1282 2107 quisque
1328 2007 1414 2078 sit
1460 2008 1706 2097 aetatis,
1759 2010 1878 2081 sed
1927 2032 2271 2109 quantum
2323 2013 2397 2084 in

307 2124 544 2197 studiis
577 2123 728 2224 jam
775 2122 1118 2195 effecerit:
1160 2142 1262 2210 et,
1302 2148 1391 2192 ne
1426 2121 1686 2193 diutius
1716 2122 2083 2213 disseram,
2113 2126 2396 2225 quando

305 2239 389 2311 sit
434 2237 687 2309 rhetori
731 2236 1143 2324 tradenduS,
1190 2235 1285 2307 sic
1334 2236 1594 2334 optime
1647 2236 1832 2308 finiri
1879 2239 2125 2329 credo,
2169 2268 2396 2341 quum

304 2352 569 2451 poterit.
605 2351 741 2424 Sed
767 2352 900 2424 hoc
930 2351 1164 2450 ipsum
1194 2377 1275 2421 ex
1303 2349 1656 2449 superiore
1689 2351 1948 2450 pendet
1980 2355 2395 2452 quaestione:

304 2493 470 2538 nam
505 2466 562 2537 si
595 2464 1077 2565 grammatices
1114 2490 1379 2535 munus
1411 2490 1632 2563 usque
1661 2464 1748 2535 ad
1784 2473 2118 2539 suasorias
2148 2494 2394 2567 proro-

302 2604 501 2680 gatur
518 2579 574 2670 4,
606 2580 863 2653 tardius
890 2581 1158 2653 rhetore
1189 2606 1367 2679 opus
1400 2601 1519 2652 est.
1555 2580 1627 2652 Si
1663 2580 1892 2653 rhetor
1917 2582 2143 2680 prima
2170 2586 2394 2683 operis

301 2698 409 2769 sui
441 2696 674 2771 officia
701 2723 845 2769 non
876 2718 1142 2770 recusat
1159 2754 1178 2787 ,
1214 2724 1255 2769 a
1282 2695 1795 2768 narrationibus
1812 2696 1841 2743 ⁵
1866 2697 2094 2770 statim
2114 2754 2133 2787 ,
2161 2721 2227 2771 et
2249 2700 2396 2774 lau-

1386 2883 1544 2936 sorias
1560 2883 1796 2935 inserunt
1814 2881 1926 2936 haec
1943 2906 1956 2935 ε
1981 2902 2099 2957 quoe
2113 2896 2236 2937 sunt
2251 2886 2395 2958 apud

1388 2958 1639 3012 rhetorem
1676 2962 1905 3013 materie
1936 2963 2071 3013 inter
2099 2962 2392 3016 rudimenta

380 2901 423 2935 1.
457 2883 811 2939 maximarum
843 2884 1051 2935 artium.
1084 2883 1300 2934 Politia·

302 2980 401 3014 nus
415 2980 627 3033 quoque
642 2964 696 3012 in
707 2961 891 3012 Lamia
905 2973 1123 3014 annotat
1136 2980 1302 3031 gram·

300 3042 550 3092 maticum
582 3057 694 3091 esse
725 3036 917 3090 debere
949 3040 1185 3090 omnium
1213 3056 1299 3089 ar-

301 3123 431 3172 tium
462 3120 722 3191 peritum,
760 3129 818 3169 ut
854 3117 921 3167 sit
952 3118 1006 3168 in
1039 3133 1104 3168 eo
1138 3135 1299 3190 ency-

299 3196 571 3271 clopaedia.
597 3199 762 3250 Tum«.

372 3293 418 3328 2.
468 3276 679 3329 Possess.
719 3274 950 3347 depulsa.
992 3275 1104 3339 Eo,
1142 3291 1298 3344 quem

299 3355 458 3407 modo
479 3357 906 3420 memoravimus,
928 3354 1198 3406 Ciceronis
1221 3351 1298 3429 lo-

300 3452 394 3487 co:
426 3458 450 3481 α
468 3454 567 3488 nos
590 3435 863 3508 (patroni)
879 3433 947 3486 de
970 3445 1149 3486 nostra
1173 3450 1298 3504 pos-

304 3536 326 3558 ι
346 3516 577 3567 sessione
599 3514 824 3587 depulsi.
847 3537 870 3561 u

369 3591 419 3643 3.
447 3594 676 3644 Gramm.
699 3589 1024 3665 profitentur.
1045 3588 1219 3642 Guelf.
1245 3600 1298 3641 et

297 3671 471 3722 'rm-ic.
506 3689 726 3743 gramm.
761 3666 1139 3743 profiteantur.-
1176 3684 1299 3720 cum

294 3746 458 3800 Goth.
505 3753 658 3802 Voss.
704 3766 732 3800 2
777 3763 829 3802 et
867 3748 1131 3820 plerisque
1174 3745 1292 3799 edd.

300 3840 424 3879 vett.
464 3858 534 3868 —-
567 3831 673 3881 RB.
719 3846 764 3896 ι,
805 3847 867 3895 2,
904 3827 969 3895 5,
1007 3828 1070 3894 6,
1102 3828 1297 3893 (λιιι,

296 3904 652 3981 profiteantur.
677 3909 769 3961 En.

369 3985 421 4051 4.
432 3986 696 4038 Suasorias
703 3996 1024 4058 prorogatur.
1037 3986 1112 4036 Ita
1121 3983 1295 4036 Guelf.

301 4076 354 4115 et
383 4067 556 4116 Tui-ic.
595 4082 717 4116 cum
753 4064 912 4117 Goth.
944 4068 1094 4115 Voss.
1132 4082 1194 4131 2,
1232 4064 1297 4128 3,

302 4143 407 4194 Bal.
432 4143 579 4195 Bodl.
605 4145 796 4197 Joann.
822 4143 925 4196 Alii
947 4140 1114 4194 codd.
1141 4141 1297 4193 silen-

300 4232 404 4290 tur,
427 4236 479 4275 et
500 4223 621 4276 edd.
646 4242 797 4298 paene
822 4239 1002 4276 omnes
1024 4232 1148 4292 post
1173 4238 1294 4273 sua·

1386 3118 1584 3171 Codice
1617 3138 1714 3171 suo
1743 3121 2170 3190 Argentoratensi
2202 3135 2388 3173 aucto·

1387 3217 1443 3250 re
1459 3237 1476 3263 ,
1502 3200 1767 3252 Gesnerus
1795 3203 1945 3252 uncis
1972 3199 2214 3268 inclusit,
2241 3200 2389 3270 glos-

1388 3294 1500 3329 sam
1526 3291 1737 3349 putans.
1772 3278 1935 3331 Malui
1963 3282 2023 3330 in
2045 3292 2192 3331 tanto
2216 3279 2384 3333 Codd.

1386 3372 1651 3407 consensu
1691 3354 1852 3426 (nam
1896 3359 2103 3424 caeteri,
2148 3360 2238 3429 qui
2275 3378 2390 3412 non

1387 3446 1775 3500 memorantur,
1809 3435 2033 3504 neglecti
2068 3436 2312 3488 videntur
2356 3455 2388 3489 a

1386 3510 1780 3564 conferentibus
1807 3510 1830 3582 )
1896 3514 2085 3565 imitari
2145 3514 2386 3569 Obrech-

1386 3602 1515 3641 tum.
1549 3619 1623 3629 —
1654 3592 1768 3642 Hoc
1798 3590 2210 3644 additamentum
2237 3605 2388 3645 vacat

1384 3669 1439 3720 in
1467 3666 1635 3720 Codd.
1665 3671 1770 3722 RR.
1811 3685 1864 3735 1,
1897 3688 1953 3737 2,
1983 3672 2047 3736 3,
2075 3671 2107 3736 4
2142 3684 2192 3723 et
2223 3673 2381 3723 Cani».

1384 3745 1480 3798 Ed.
1512 3746 1674 3798 Hack.
1707 3761 1759 3798 et
1786 3749 1931 3800 CAPP.
1958 3749 2170 3801 habent.
2197 3753 2286 3801 En.
2314 3777 2385 3795 -ι

1392 3826 1561 3898 Usque
1581 3827 1652 3877 ad
1673 3845 1859 3884 suasor.
1890 3829 1954 3880 H.
1986 3847 2032 3879 e.
2058 3831 2101 3880 si
2123 3847 2384 3897 gramma·

1385 3908 1521 3957 ticus
1551 3909 1728 3958 omnia
1754 3906 1946 3974 docet,
1970 3924 2083 3978 quae
2111 3923 2233 3959 sunt
2260 3922 2383 3963 ante

1386 3988 1666 4038 suasorias.

1456 4063 1504 4115 5.
1529 4062 1582 4113 A
1598 4063 2030 4115 narrationibus...
2055 4064 2379 4120 desideratur.

1383 4143 1520 4195 cave
1538 4159 1570 4192 a
1594 4141 1699 4193 hoc
1722 4142 1843 4194 loco
1863 4142 2090 4216 explices
2115 4156 2245 4217 post.
2265 4148 2383 4199 Jam

1382 4219 1439 4278 in
1460 4220 1588 4294 ipsis
1614 4219 2002 4275 narrationibus
2026 4223 2311 4287 scribendis
2330 4239 2385 4279 et

2045 4328 2104 4387 ι7

2472 1697 2503 1755 7

1388 3039 1609 3092 dicendi.
1651 3040 1780 3093 Obr.
1830 3058 1890 3093 ea
1932 3043 2120 3113 eJecit,
2165 3042 2389 3096 fortasse
2456 3034 2472 3060 ⁴
