3200 5150
706 1222 735 1257 2

791 496 914 565 106
962 492 969 497 “
1358 497 1449 561 Μ.
1491 495 1718 561 FABn
1756 494 2315 579 QumTluAm

881 619 1050 690 CAP.
1075 620 1164 690 V.
1187 618 1348 691 Jam
1368 646 1597 718 quum
1619 618 1850 691 omnis
1879 617 2092 691 oratio
2122 639 2254 691 tres
2282 617 2537 693 habeat
2559 619 2837 693 virtutes
2866 678 2886 709 ,

780 755 858 806 ut
875 736 1263 823 emendata,
1286 756 1363 806 ut
1382 734 1685 807 dilmida
1701 792 1722 822 ,
1750 756 1829 806 ut
1843 751 2091 836 ornata
2116 735 2202 807 sit
2219 733 2426 833 (quia
2445 733 2670 809 dicere
2695 758 2852 835 apte
2865 790 2887 825 ,

777 848 969 948 quod
999 873 1099 921 est
1126 851 1559 949 praecipuum
1578 906 1598 939 ‚
1640 850 1954 949 plerique
1983 850 2258 923 ornatui
2285 850 2747 952 subjiciunt),
2781 874 2887 925 to-

773 966 990 1038 tidem
1025 968 1221 1057 vitia,
1257 996 1413 1067 quae
1448 990 1611 1041 sunt
1636 995 1848 1068 supra
1873 967 2069 1041 dictis
2104 967 2482 1058 contraria3
2517 969 2884 1043 emendate

774 1079 1109 1180 loquendi
1146 1082 1459 1182 regulam
1501 1096 1520 1127 ¹
1545 1139 1563 1171 ‚
1616 1111 1771 1183 quae
1806 1084 2290 1182 grammatices
2328 1083 2516 1182 prior
2547 1112 2704 1183 pars
2746 1107 2884 1175 est,

776 1198 1123 1270 examinet
1149 1212 1201 1270 ².
1239 1201 1406 1272 Haec
1435 1199 1728 1298 exigitur
1758 1197 1785 1243 ³
1813 1197 2064 1287 verbis,
2101 1221 2221 1271 aut
2241 1198 2523 1299 sinqulis
2535 1256 2560 1288 ,
2593 1219 2713 1272 aut
2729 1198 2887 1299 plu-

776 1314 982 1386 ribus.
1027 1314 1255 1389 Verba
1281 1343 1471 1388 nunc
1507 1315 1918 1415 generaliter
1948 1315 2167 1414 accipi
2190 1313 2388 1407 volo;
2427 1344 2594 1388 nam
2627 1316 2882 1414 duplex

776 1455 1019 1500 eorum
1047 1429 1434 1530 intellectus
1457 1453 1557 1503 est
1579 1462 1596 1520 ;
1626 1431 1795 1503 alter
1813 1488 1831 1520 ,
1862 1430 1984 1530 qui
2015 1429 2256 1502 omnia
2273 1487 2292 1519 ‚
2324 1458 2449 1530 per
2475 1458 2629 1530 quae
2655 1456 2881 1503 sermo

774 1544 1109 1633 nectitur,
1143 1546 1519 1645 significat,
1555 1569 1633 1618 ut
1656 1546 1844 1644 apud
1874 1546 2245 1619 Horatium
2276 1544 2346 1634 4,

872 1678 917 1699 Α,

683 1738 709 1757 ,ι
738 1684 895 1795 stop-³²
988 1703 1270 1775 Verbaque
1297 1708 1564 1778 provisam
1591 1725 1705 1757 rem
1734 1724 1845 1758 non
1875 1707 2037 1757 invita
2065 1718 2384 1777 sequentur;

678 1832 733 1865 ””
777 1830 981 1921 alter,
1012 1833 1084 1904 in
1111 1861 1251 1933 quo
1278 1858 1378 1908 est
1407 1864 1550 1908 una
1581 1862 1738 1935 pars
1768 1835 2127 1926 orationiS,
2163 1834 2312 1934 [eqo
2327 1890 2351 1923 ‚
2372 1832 2595 1907 scribo
2619 1860 2639 1904 .·
2667 1860 2882 1933 quam

668 1980 713 2037 f,
773 1948 1062 2021 vitantes
1086 1950 1618 2050 ambiguitatem
1643 1951 1931 2051 quidam
1956 1951 2180 2024 dicere
2203 1949 2609 2023 maluerunt
2624 2005 2644 2038 ‚
2668 1976 2882 2037 voces,

670 2128 677 2137 .
705 2120 717 2131 .
777 2064 1098 2138 dictiones
1117 2124 1136 2155 ,
1175 2065 1564 2141 locutiones.
1597 2066 1884 2166 Sinqula
1916 2088 2079 2139 sunt
2104 2087 2226 2138 aut
2256 2082 2522 2153 nostra,
2551 2086 2672 2135 aut
2691 2092 2884 2165 pere-

774 2184 1017 2276 9rina3
1063 2202 1183 2252 aut
1215 2182 1589 2281 simplicia,
1634 2204 1753 2253 aut
1796 2188 2165 2282 composita
2177 2209 2204 2270 ;
2247 2203 2368 2253 aut
2397 2185 2723 2282 propria,
2763 2200 2897 2251 aut*

777 2294 1102 2367 translata
1111 2323 1137 2382 ;
1155 2315 1276 2367 aut
1298 2302 1571 2384 usitata,
1596 2318 1717 2368 aut
1719 2297 1920 2397 ficta.
1951 2296 2092 2368 Uni
2113 2295 2323 2367 verbo
2343 2294 2588 2366 vitium
2609 2293 2880 2392 saepiuS,

775 2435 990 2506 quam
1032 2410 1281 2501 virtuS,
1335 2410 1532 2483 inest.
1592 2412 1787 2484 Licet
1823 2412 2015 2484 enim
2057 2411 2372 2485 dicamus
2412 2408 2678 2509 aliquid
2724 2435 2884 2507 pro-

774 2522 1046 2620 prium,
1083 2525 1512 2622 speciosum,
1547 2526 1892 2616 sublime,
1927 2525 2104 2598 nihil
2138 2547 2374 2600 tamen
2410 2524 2706 2614 horum,
2749 2523 2881 2595 nisi

850 2735 894 2772 1.
923 2721 1191 2794 Loquendi
1212 2722 1461 2796 rte-qulam..
1488 2726 1571 2779 Sic
1602 2723 1726 2777 dedi
1748 2745 1778 2777 e

772 2800 946 2854 Guelf.
983 2803 1131 2853 Bern.
1170 2815 1222 2854 et
1253 2804 1387 2855 Alm.
1424 2805 1585 2856 Andr.
1612 2806 1776 2857 Viart.

772 2882 958 2931 Venet.
975 2879 1095 2932 ΑΜ.
1110 2897 1209 2952 pro
1226 2881 1420 2954 regula.
1434 2885 1623 2954 Neque
1639 2885 1779 2934 enim

1871 2726 1975 2793 Qu.
2001 2740 2112 2776 non
2137 2742 2251 2776 esse
2274 2722 2586 2795 profectam.
2612 2722 2696 2773 Sic
2716 2721 2876 2792 paulo

1870 2818 1992 2855 ante
2021 2822 2067 2855 c.
2100 2803 2165 2870 4,
2197 2802 2294 2854 26:
2329 2802 2538 2870 Quoerat
2562 2798 2751 2852 eodem
2779 2799 2877 2852 de-

1869 2882 2031 2933 bebat
2063 2881 2276 2946 referri,
2311 2881 2410 2931 etsi
2442 2876 2878 2951 interponebatur

771 2975 990 3011 necesse
1023 2973 1133 3010 erat
1168 2962 1548 3012 nominativum
1578 2959 1778 3013 habere

770 3040 826 3089 in
864 3037 1068 3110 nynia,
1108 3052 1166 3090 ut
1203 3053 1356 3110 putat
1391 3042 1601 3111 Regius.
1642 3043 1778 3092 Prae·

772 3130 986 3188 postera
1012 3117 1217 3188 periodi
1246 3119 1378 3169 ratio
1411 3134 1487 3171 est
1512 3122 1567 3171 in
1590 3137 1778 3191 recep·

772 3208 824 3246 ta
848 3216 861 3245 :
891 3196 1065 3265 Quum
1090 3206 1186 3247 tres
1209 3197 1395 3248 habeat
1419 3200 1584 3250 oratio
1613 3198 1779 3249 virtu-

770 3285 868 3339 tes,
898 3275 1163 3326 examinet
1180 3274 1361 3348 requla
1391 3277 1602 3327 totidem
1633 3276 1776 3333 vitia,

770 3355 933 3405 Recte
971 3366 1149 3405 autem
1180 3357 1255 3406 sic
1289 3354 1565 3426 procedit:
1599 3357 1799 3425 Quum0

772 3444 878 3482 tres
912 3433 1053 3483 virtt.
1092 3447 1145 3484 et
1179 3432 1401 3484 totidem
1432 3435 1555 3484 vitia
1583 3431 1780 3484 habeat

770 3511 943 3561 oratio
956 3549 973 3576 .,
993 3513 1253 3563 examinet
1270 3511 1685 3583 (grammaticus)
1704 3523 1782 3564 re·

772 3587 966 3658 gulam.
991 3591 1202 3641 Mecum
1224 3592 1351 3643 facit
1374 3590 1747 3643 Lochmannus
1762 3629 1780 3657 ‚

772 3667 809 3718 l.
831 3686 908 3731 c.‚
931 3686 985 3738 p.
1010 3683 1030 3718 1
1047 3683 1093 3733 ι,
1116 3684 1194 3719 12.
1211 3669 1548 3742 ——Iiequlam
1566 3687 1780 3741 quoque

772 3744 973 3798 habent
994 3747 1056 3797 R.
1089 3762 1134 3812 1,
1160 3748 1213 3813 3,
1237 3748 1298 3814 4,
1322 3761 1377 3799 et
1392 3749 1554 3811 Cam
1576 3748 1679 3802 Alii
1699 3767 1780 3800 re-

769 3824 915 3896 gula.
942 3827 1156 3878 Enrron.

848 3919 895 3955 2.
927 3904 1221 3957 Examina.
1257 3907 1338 3959 Sc.
1374 3909 1745 3976 grammaticus
1761 3946 1778 3974 ‚

772 3981 856 4034 vel
877 3996 1186 4055 praeceptor.
1218 3987 1373 4037 Hunc
1397 3990 1780 4039 nominativum

772 4060 999 4131 subjecti
1028 4058 1128 4114 eim)
1153 4065 1301 4118 κοινοῦ
1325 4063 1542 4135 intelligi
1559 4105 1575 4133 ‚
1605 4069 1778 4119 minus

771 4138 1043 4194 miraberis
1059 4179 1076 4207 ‚
1101 4142 1145 4192 si
1167 4155 1380 4213 reputes
1396 4181 1413 4209 ‚
1438 4146 1670 4215 capitum
1693 4144 1778 4196 di-

1868 2960 2089 3033 reperias
2116 2960 2254 3011 inter
2278 2958 2552 3010 nominum
2581 2967 2784 3021 causas,
2817 2971 2877 3009 nt

1868 3056 2051 3112 posset
2060 3039 2225 3091 videri
2241 3039 2432 3090 omissa
2449 3038 2646 3088 mentio
2658 3053 2878 3108 prun-q)-

1870 3120 1990 3172 toris
2007 3119 2136 3171 acris
2149 3129 2305 3190 atque
2316 3114 2511 3168 subtilis
2527 3135 2560 3168 e
2576 3115 2621 3185 §.
2648 3114 2730 3168 25.
2747 3117 2876 3167 Item

1868 3218 1991 3250 mox
2019 3198 2067 3266 ς.
2099 3196 2165 3250 5ε
2197 3196 2385 3247 acriter
2405 3212 2457 3247 se
2484 3193 2745 3259 intendat,
2782 3196 2877 3248 sed

1869 3275 2051 3328 addito
2080 3274 2476 3349 qmmmaticus,
2514 3275 2635 3344 quia
2667 3277 2874 3346 perspi-

1869 3356 2078 3407 cuitatis
2096 3356 2370 3420 intemerat,
2398 3351 2684 3424 aliquando
2708 3361 2873 3425 repeti

1870 3434 2093 3505 subjecti
2117 3452 2330 3485 nomen.
2351 3432 2469 3484 vid.
2492 3446 2604 3484 not.
2627 3450 2745 3503 sup.

1941 3513 1991 3564 3.
2030 3512 2287 3585 Eat-igitur.
2327 3513 2443 3562 Hoc
2477 3525 2556 3564 est
2587 3511 2871 3583 perficitur,

1867 3601 2145 3662 praestatur
2163 3589 2308 3654 talis,
2330 3588 2497 3659 qualis
2517 3589 2676 3641 debet
2689 3628 2704 3656 ‚
2723 3602 2781 3640 ut
2800 3589 2872 3639 in·

1870 3670 1950 3720 fra
1968 3672 2018 3735 1,
2033 3685 2086 3738 9,
2104 3686 2132 3719 2
2147 3705 2164 3734 ,
2181 3667 2316 3738 stylo
2329 3669 2541 3741 exigere.
2564 3667 2692 3720 Inde
2710 3667 2873 3719 exacti

1869 3750 2233 3799 commentarii
2247 3748 2314 3814 X,
2333 3764 2382 3818 7,
2398 3749 2430 3799 3
2441 3764 2485 3810 ις
2500 3746 2870 3799 exactissimum

1863 3827 2126 3899 judicium
2149 3828 2224 3892 X,
2247 3842 2307 3893 2,
2338 3826 2428 3892 143
2453 3839 2506 3877 et
2533 3847 2555 3871 ι
2575 3824 2764 3876 exactis
2784 3823 2874 3873 mi·

1876 3930 1898 3952 ιι
1919 3909 2121 3957 nimum
2144 3904 2407 3958 distantia.
2432 3929 2453 3952 s·
2479 3906 2661 3956 Horat.
2682 3906 2778 3975 Ep.
2801 3903 2872 3967 Π,

1876 4000 1922 4052 1,
1964 4002 2025 4056 72
2043 4024 2060 4051 ‚
2098 3984 2480 4055 significatione
2494 4023 2510 4051 ‚
2545 4002 2650 4055 qua
2686 3986 2870 4034 etiam·

1867 4083 1997 4116 num
2025 4063 2475 4136 Francogallicum
2496 4073 2657 4115 exact.

1937 4144 1989 4212 4.
2011 4144 2171 4218 Apud
2186 4143 2483 4197 Horatium.
2501 4144 2630 4197 Arte
2641 4143 2872 4205 Poetica.

777 4221 1149 4290 temptionem‚
1167 4220 1334 4289 qualis
1348 4220 1438 4273 hic
1454 4235 1531 4274 est
1544 4261 1559 4288 ,
1575 4221 1641 4276 ab
1657 4226 1776 4294 ipeo
1861 4243 2047 4278 versus
2068 4225 2130 4277 31
2145 4241 2164 4276 ι
2177 4266 2187 4276 ,
