3200 5150
785 484 911 531 210

1343 461 1438 525 M.
1479 459 1707 525 FABII
1742 459 2301 542 QUINTILIANI

777 609 1013 659 tamen
1042 611 1264 684 usque
1292 585 1382 656 ad
1414 609 1924 683 supervacuum
1954 583 2267 655 laborem
2294 603 2665 681 occupata:
2702 608 2872 653 nam

777 721 1115 798 receptas,
1160 719 1281 769 aut
1307 719 1486 770 certe
1517 697 1716 769 claris
1744 698 2140 770 auctoribus
2174 718 2589 769 memoratas
2610 754 2629 787 ,
2666 724 2880 796 expo-

773 815 988 886 suisse
1034 812 1191 884 satis
1234 834 1352 883 est.
1412 812 1784 910 Persequi¹
1834 812 2125 911 quidem
2168 813 2360 911 quod
2400 812 2695 911 quisque
2739 838 2877 883 un-

772 956 986 1027 quam
1008 942 1039 972 2
1073 926 1183 997 vel
1225 926 1986 1027 contemptissimorum
2026 926 2403 998 hominum
2439 927 2713 1016 dixerit,
2752 946 2879 997 aut

771 1043 1007 1113 nimiae
1039 1041 1365 1130 miseriae,
1412 1061 1531 1112 aut
1573 1040 1798 1111 inanis
1822 1040 2170 1142 jactantiae
2202 1062 2337 1132 est,
2383 1063 2450 1114 et
2478 1042 2738 1113 detinet
2774 1062 2876 1112 at-

670 1197 733 1248 ¹9
770 1184 909 1256 que
957 1154 1190 1227 obruit
1236 1155 1553 1253 ingenia,
1616 1155 1869 1226 melius
1917 1155 2065 1226 aliis
2110 1178 2452 1228 vacatura.
2516 1160 2700 1227 Nam
2745 1156 2873 1254 qui

770 1298 1017 1344 omnes
1036 1328 1055 1361 ,
1088 1271 1298 1343 etiam
1326 1271 1650 1369 indignas
1684 1270 1978 1344 lectione
1998 1328 2016 1359 ,
2047 1272 2335 1345 schedas
2355 1270 2384 1316 ³
2421 1273 2703 1362 excutit,
2730 1271 2877 1343 ani-

765 1386 952 1458 libus
986 1412 1268 1485 quoque
1298 1385 1554 1457 fabulis
1588 1387 2121 1459 accommodare
2151 1413 2436 1487 operam
2467 1407 2709 1486 potest.
2754 1390 2873 1460 At-

764 1501 886 1599 qui
917 1500 1107 1601 pleni
1135 1520 1300 1571 sunt
1327 1500 1674 1602 ejusmodi
1707 1501 2227 1600 impedimentis
2253 1501 2871 1601 grammaticorum

763 1611 1335 1705 commentarii4,
1371 1615 1482 1685 vix
1508 1613 1709 1713 ipsis,
1742 1615 1864 1713 qui
1897 1636 2480 1715 composuerunt,
2510 1616 2668 1688 satis
2697 1616 2868 1687 noti.

655 1762 722 1796 20
760 1732 942 1801 Nam
987 1732 1337 1830 Didymo,
1395 1728 1589 1830 quo⁵
1646 1756 1860 1802 nemo
1913 1731 2117 1831 plura
2169 1730 2477 1831 scripsit,
2542 1730 2870 1803 accidisse

758 1890 1125 1962 Gesn.)Guelf.
1144 1889 1353 1941 accidet.
1368 1889 1766 1961 Aliquotcodd.

757 1982 810 2021 et
832 1969 1093 2041 pleraeque
1108 1983 1233 2020 vett.
1257 1968 1377 2020 edd.
1399 1971 1638 2021 futurum
1657 1969 1768 2021 ind.

758 2062 973 2100 tuentur
1017 2067 1115 2119 pro
1167 2066 1317 2120 praes.
1368 2053 1510 2119 conj.
1562 2048 1774 2099 accedat

759 2128 905 2198 quod
930 2126 1091 2178 habet
1111 2129 1269 2179 Gesn.
1299 2140 1350 2177 et
1375 2145 1512 2177 recc.
1534 2157 1605 2166 —
1623 2129 1684 2179 R.
1712 2146 1738 2178 2
1753 2166 1770 2194 ,

758 2206 820 2272 4,
850 2205 909 2271 5,
934 2205 1152 2256 accedet.
1175 2208 1236 2257 R.
1267 2222 1312 2271 1,
1335 2205 1550 2257 accidet.
1575 2207 1738 2258 Came.
1754 2245 1772 2275 ,

756 2284 968 2338 accedit.
995 2287 1055 2336 R.
1085 2285 1146 2350 3,
1169 2286 1319 2351 Cain,
1343 2286 1568 2337 accedat.
1597 2289 1689 2338 En.

835 2382 878 2416 1.
915 2364 1214 2435 Persequi...
1244 2364 1446 2415 dixerit.
1482 2366 1620 2417 Cave
1654 2383 1772 2417 cre-

757 2443 879 2508 das,
905 2457 1013 2493 tam
1035 2442 1218 2494 vilium
1241 2445 1561 2514 scriptorum
1586 2443 1769 2496 lectio-

757 2542 881 2575 nem
910 2525 1090 2573 vetari.
1126 2522 1186 2573 Id
1219 2542 1285 2573 ne
1320 2541 1612 2574 memorare
1649 2527 1769 2594 qui-

757 2603 880 2656 dem
904 2602 1178 2666 attinebat3
1213 2602 1306 2654 sed
1330 2616 1578 2655 monetur
1594 2622 1771 2673 gram-

757 2684 982 2735 maticus
998 2721 1015 2748 ,
1058 2700 1124 2733 ne
1165 2682 1304 2733 forte
1320 2721 1335 2747 ,
1379 2681 1507 2732 dum
1550 2684 1769 2752 exponit

760 2780 848 2815 eas
865 2800 881 2827 ,
926 2779 1054 2832 quas
1096 2775 1290 2833 poeta,
1335 2779 1492 2831 quem
1534 2761 1769 2832 praelegit

759 2843 985 2893 maxime
1001 2878 1016 2905 ,
1042 2843 1209 2911 tangit
1231 2841 1478 2892 historias
1504 2854 1594 2891 aut
1620 2859 1766 2892 veras

760 2933 851 2972 aut
876 2919 1173 2983 fabulosas,
1195 2921 1770 2991 contemptissimorum

760 2997 1037 3049 hominum
1062 2998 1127 3048 de
1152 2996 1297 3048 hisce
1316 2996 1548 3048 historiis
1569 3001 1769 3066 cogita-

761 3092 813 3129 ta
831 3077 898 3128 ad
914 3095 1107 3147 easque
1121 3078 1257 3127 facta
1274 3075 1631 3128 additamenta
1647 3095 1770 3127 cum

762 3156 1034 3228 discipulis
1054 3160 1425 3208 communicet.
1442 3157 1623 3226 Longe
1641 3175 1669 3207 a
1684 3176 1771 3208 ve·

762 3255 823 3287 ro
854 3234 1060 3287 aberrat
1083 3235 1368 3309 Gedoynus
1394 3238 1484 3306 qui
1507 3235 1574 3286 de
1596 3254 1772 3308 popu-

763 3314 938 3365 lorum
966 3313 1124 3364 rebus
1156 3316 1315 3384 gestis
1344 3316 1427 3384 agi
1454 3327 1635 3385 putat,
1665 3333 1775 3366 eas·

767 3411 869 3463 que
901 3392 1144 3462 intelligit
1178 3393 1424 3444 historias.
1454 3392 1772 3461 (Historiam

768 3485 955 3523 tractat
973 3471 1155 3523 rhetor
1167 3472 1286 3523 vide
1303 3474 1345 3522 ΙΙ
1358 3510 1374 3536 ,
1392 3470 1421 3522 5
1436 3511 1452 3537 ,
1476 3489 1492 3522 ι
1505 3470 1550 3542 .)
1569 3472 1771 3524 Eodem

763 3550 925 3602 modo
947 3550 1115 3602 dictas
1134 3554 1339 3623 accipio
1363 3550 1621 3616 historias,
1640 3570 1770 3622 quas

765 3649 949 3680 omnes
964 3633 1097 3682 scire
1111 3649 1327 3681 uxorem
1344 3643 1484 3680 vetat
1502 3630 1770 3683 Juvenalis

763 3710 859 3773 vl,
877 3706 996 3774 450.
1025 3709 1243 3760 Peccare
1263 3708 1496 3759 docentes
1515 3707 1765 3774 historias,

762 3787 944 3837 Horat.
968 3788 1064 3852 111,
1086 3805 1136 3856 7,
1163 3804 1253 3857 19,
1282 3803 1362 3838 20.
1393 3788 1510 3858 Ipse
1533 3806 1692 3860 supra
1718 3791 1768 3854 1,

761 3866 822 3933 4,
848 3866 908 3932 4,
942 3865 1173 3918 historias
1205 3865 1271 3917 ad
1301 3880 1577 3938 poetarum
1603 3871 1768 3919 inter-

691 3977 699 3986 ·
759 3946 1112 4015 pretationem
1171 3948 1434 4016 pertinere
1488 3948 1763 4016 significat.

758 4025 946 4093 Neque
974 4023 1188 4076 diversae
1217 4039 1339 4076 sunt
1368 4044 1490 4077 mox
1517 4029 1570 4093 Ι,
1603 4044 1671 4097 9,
1700 4027 1765 4093 6,

759 4104 1180 4155 narratiunculae.

831 4199 879 4234 2.
900 4183 1051 4254 Quod
1065 4183 1279 4256 quisque
1293 4199 1542 4255 unquam.
1557 4185 1732 4238 Guelf.
1746 4223 1763 4251 ,

1860 1892 1990 1964 quid
2011 1892 2122 1965 quis
2143 1912 2432 1965 nunquam.
2454 1892 2615 1946 Goth.
2642 1892 2876 1962 (tacente

1860 1970 2052 2042 Gesn.)
2081 1971 2211 2044 quid
2236 1973 2450 2045 quisque
2482 1992 2606 2045 unq.
2632 2003 2705 2011 —
2732 1972 2875 2042 Quid

1860 2050 2007 2123 quis,
2043 2052 2103 2102 R.
2140 2052 2199 2116 3,
2236 2052 2296 2118 4,
2331 2050 2379 2102 5.
2425 2050 2691 2124 Quidquid
2722 2051 2869 2125 quis,

1859 2132 1921 2182 R.
1969 2149 2012 2182 1.
2055 2131 2196 2200 Quid
2231 2133 2474 2204 quisque,
2513 2133 2576 2183 R.
2615 2150 2673 2198 2,
2706 2135 2869 2185 Cane.

1861 2209 1957 2263 Ed.
1985 2209 2147 2261 Hack.
2173 2210 2368 2281 vulgat.
2393 2209 2571 2263 habet.
2597 2213 2687 2263 Eu.

1934 2289 1984 2342 3.
2010 2288 2246 2342 Schedas.
2271 2288 2443 2341 Guelf.
2470 2289 2655 2341 scedas.
2676 2320 2750 2329 —-
2765 2293 2870 2342 Pro

1860 2365 2068 2419 schedas
2085 2367 2170 2420 vel
2187 2366 2382 2432 scedas,
2406 2368 2488 2419 ed.
2504 2368 2688 2440 Camp.
2705 2369 2873 2422 habet

1860 2446 2052 2510 sordes,
2076 2447 2354 2517 singularis
2374 2446 2533 2499 lectio
2546 2485 2563 2512 ,
2579 2465 2737 2518 quam
2756 2467 2869 2500 non

1861 2526 2079 2575 omnino
2123 2524 2375 2577 damnare
2415 2525 2622 2578 vellem.
2665 2529 2756 2579 En.
2796 2558 2871 2566 —

1858 2604 2207 2657 Controversa
2224 2619 2302 2657 est
2312 2607 2456 2657 vocis
2473 2604 2873 2677 orthographia,

1861 2701 2024 2753 quum
2042 2683 2253 2754 quidam
2267 2723 2283 2749 ,
2299 2698 2357 2735 ut
2369 2683 2570 2736 Charis.
2588 2705 2641 2757 p.
2654 2685 2868 2738 Putsch.

1860 2760 1919 2811 81
1952 2798 1968 2826 ,
2019 2779 2051 2812 a
2095 2762 2372 2814 scindendo
2419 2763 2619 2815 scidam
2665 2763 2869 2816 malint.

1856 2838 2116 2910 Equidem
2134 2839 2389 2892 Isidorum
2402 2880 2418 2908 ,
2438 2862 2491 2914 p.
2509 2841 2728 2893 Gothos.
2743 2842 2873 2911 961,

1860 2936 2051 2987 sequar
2073 2938 2103 2970 e
2125 2919 2307 2971 Graeco
2326 2933 2683 2991 repetentem,
2704 2939 2870 2992 quum

1859 3000 2145 3067 praesertim
2173 2997 2357 3051 Suidas
2385 2998 2581 3051 habeat
2609 2995 2877 3068 σχιδαίμον.

1931 3074 1982 3140 4.
2005 3077 2473 3127 Grammaticorum
2489 3081 2870 3132 commentarii.

1860 3156 1995 3206 Puto
2021 3166 2297 3205 comment.
2324 3175 2439 3207 esse
2466 3155 2612 3226 quod
2634 3157 2872 3224 schedas,

1860 3232 2143 3305 pugillares
2165 3233 2355 3304 quibus
2376 3234 2590 3287 illinunt
2607 3254 2879 3305 quaecum-

1863 3331 1967 3382 que
2015 3327 2300 3364 occurrunt
2347 3313 2627 3365 observatu
2674 3314 2832 3385 digna
2856 3340 2874 3378 ς

1860 3409 1971 3443 non
1986 3405 2161 3443 autern
2177 3394 2669 3463 interpretationum
2685 3394 2874 3458 libi-033

1863 3489 1969 3541 quo
1990 3472 2283 3540 significatu
2296 3474 2409 3543 jam
2424 3472 2607 3539 Quint.
2628 3484 2874 3543 tempore

1860 3549 2031 3601 dirtos
2056 3551 2522 3614 fuissessomment.
2549 3569 2661 3602 non
2684 3552 2869 3604 eredo.

1852 3627 2197 3695 ’Τπομνήααντι
2226 3632 2405 3681 Graece
2437 3629 2687 3682 dicuntur
2722 3650 2872 3682 com-

1858 3720 2038 3760 mentt.
2058 3747 2073 3774 ‚
2102 3727 2215 3780 quae
2246 3707 2488 3760 solebant
2515 3709 2780 3761 interdum
2808 3714 2866 3763 in

1859 3806 2023 3838 unum
2053 3788 2281 3857 aliquem
2309 3789 2621 3860 scriptorem
2644 3789 2802 3840 condi
2835 3809 2866 3842 a

1856 3869 2223 3935 grammaticis.

1928 3944 1976 3996 5.
2005 3946 2233 4022 Didymo
2257 3963 2379 4019 quo.
2404 3947 2481 3997 Ita
2500 3945 2676 3998 Guelf.
2697 3945 2865 3998 Goth.

1834 4022 1986 4098 ·(tac.
2027 4024 2219 4095 Gesn.)
2252 4028 2406 4076 Voss.
2450 4041 2512 4090 2,
2550 4023 2669 4077 Ald.
2696 4028 2867 4077 Viart.

1853 4102 2050 4177 Gryph.
2083 4101 2281 4174 (1544).
2312 4105 2527 4168 Caeteri,
2553 4122 2780 4175 quorum
2811 4119 2865 4158 et

1852 4183 2011 4237 Gesn.
2030 4223 2047 4250 ,
2071 4186 2309 4237 inserunt
2336 4201 2569 4256 quoque,
2596 4184 2831 4238 alienum
2848 4224 2867 4242 0
