3200 5150
856 506 977 548 122

1416 486 1511 549 M.
1557 486 1784 549 FABII
1819 484 2379 567 QUINTILIANI

744 618 807 685 24
845 627 1120 705 genteS,
1154 626 1223 678 et
1254 605 1508 678 deinde
1544 607 1934 698 flectenteS,
1971 609 2339 709 dupliciter
2370 630 2682 709 peccant.
2720 611 2853 683 Sed
2877 611 2942 684 id

843 723 1090 822 saepi-us
1118 723 1189 793 in
1217 724 1476 797 Graecis
1499 725 1910 798 nominibus
1940 727 2189 799 accidit
2209 784 2229 818 ‚
2264 749 2344 799 ut
2363 728 2620 799 Atreus
2642 741 2662 771 ¹
2683 786 2704 815 ‚
2737 754 2938 827 quem

842 894 1037 927 nomen
1064 878 1337 946 proprium
1353 917 1370 942 ,
1406 891 1629 950 propter
1650 878 1852 949 reliqua

843 954 1080 1025 exempla
1097 993 1114 1021 ,
1140 955 1225 1006 vel
1243 955 1368 1008 inde
1385 955 1648 1027 intelligas
1663 994 1686 1024 5
1705 957 1852 1028 quod

840 1033 1119 1105 subjicitur
1141 1035 1162 1105 (
1183 1034 1227 1105 §.
1262 1035 1364 1107 24)
1403 1059 1424 1080 a
1448 1036 1550 1088 Sed
1576 1032 1632 1088 id
1660 1039 1849 1108 saepius

840 1114 893 1164 in
916 1113 1104 1164 Groecis
1123 1114 1423 1166 nominibus
1444 1115 1651 1167 accidit.
1678 1140 1700 1162 η
1725 1119 1850 1167 Pro-

837 1205 1077 1264 ponunt,
1108 1192 1403 1245 illustrandi
1423 1212 1610 1258 causa;
1635 1213 1759 1246 nam
1780 1194 1850 1245 de

838 1272 1141 1343 corruptela
1156 1291 1272 1325 non
1283 1276 1599 1343 cogitarunt,
1615 1273 1847 1327 Pseudo-

837 1351 1118 1404 Turnebus
1132 1365 1184 1404 et
1197 1354 1460 1405 Gesnerus
1475 1353 1587 1405 hec
1601 1377 1614 1404 :
1634 1353 1845 1419 balteus,

835 1429 1020 1500 pileus.
1059 1432 1137 1481 Ea
1167 1444 1343 1483 tamen
1377 1435 1597 1484 nimium
1632 1432 1845 1485 diversis

839 1508 1022 1561 litteris
1049 1509 1381 1577 scribuntur,
1416 1529 1576 1582 quam
1607 1524 1666 1562 ut
1693 1514 1748 1562 in
1767 1509 1846 1562 lo-

839 1606 961 1639 cum
976 1588 1065 1639 eros
1078 1589 1216 1660 apici
1234 1589 1316 1641 vel
1335 1590 1481 1661 apice
1499 1588 1741 1641 subeant.
1762 1590 1848 1641 Ne

836 1665 1014 1719 alveus
1045 1668 1258 1739 quidem
1296 1670 1419 1721 satis
1455 1672 1718 1721 convenit.
1759 1672 1844 1721 An

838 1758 1013 1798 autem
1054 1765 1289 1819 unquam
1328 1751 1553 1802 Romani
1592 1748 1846 1800 illitterati

835 1824 1181 1896 produxerint
1218 1828 1505 1880 secundam
1537 1830 1592 1879 in
1629 1826 1841 1893 alneu-5,

835 1903 1029 1957 balteus
1042 1943 1060 1969 ,
1092 1904 1263 1977 pileus
1278 1944 1296 1972 ,
1339 1906 1574 1978 clypeus,
1613 1921 1712 1959 etc.
1730 1945 1747 1972 ,
1785 1920 1844 1957 ut

834 1982 959 2035 inde
995 1985 1144 2036 fieret
1161 1985 1343 2062 flexa,
1389 1986 1477 2038 vel
1511 1986 1843 2065 circumflexa

834 2062 1035 2135 syllaba
1049 2102 1066 2130 ,
1094 2064 1253 2115 velim
1273 2065 1405 2117 locis
1426 2079 1665 2117 veterum
1683 2065 1844 2118 doce-

834 2145 892 2192 ri.
914 2146 1031 2194 Vox
1046 2162 1107 2196 ea
1124 2182 1141 2209 ,
1167 2162 1281 2214 qum
1300 2164 1398 2216 pro
1418 2145 1565 2216 apice
1581 2144 1742 2201 debet
1761 2147 1842 2196 in-

834 2224 1024 2287 veniri,
1040 2222 1277 2275 ultimam
1296 2223 1507 2276 brevem
1525 2223 1723 2277 hebeat
1742 2243 1838 2276 ne-

832 2319 979 2354 cesse
1009 2316 1119 2368 est,
1147 2316 1207 2354 ut
1234 2321 1356 2355 cum
1382 2302 1736 2373 productione
1772 2306 1839 2356 si-

831 2382 944 2433 mul
970 2382 1212 2434 flectatur
1236 2384 1324 2449 id,
1354 2383 1499 2454 quod
1526 2403 1638 2436 non
1672 2384 1762 2450 fit,
1794 2387 1841 2441 si

832 2461 1017 2513 ultuma
1054 2465 1120 2514 sit
1159 2462 1333 2533 longa.
1378 2462 1549 2516 Debet
1586 2477 1838 2535 praeterea

832 2540 950 2618 talis
978 2560 1081 2593 vox
1110 2545 1163 2594 in
1186 2542 1477 2614 penultima
1511 2541 1707 2596 habere
1738 2563 1837 2596 vo-

831 2621 999 2672 calem
1018 2634 1140 2673 ante
1157 2623 1394 2674 vocalem
1409 2661 1427 2689 ,
1446 2637 1505 2675 ut
1523 2626 1696 2695 possit
1714 2642 1838 2675 cum

831 2699 1011 2751 ultima
1032 2702 1174 2753 coire
1193 2704 1249 2754 in
1267 2701 1657 2773 diphthongum
1673 2725 1688 2766 ;
1713 2703 1837 2755 sub-

822 2781 941 2849 jicit
962 2781 1133 2846 enim,
1159 2779 1361 2853 aliquos
1376 2782 1652 2833 secundam
1672 2782 1837 2854 sylla-

829 2859 947 2909 bam
972 2877 1036 2910 ex
1060 2859 1258 2912 duabus
1278 2862 1333 2911 ἰη
1353 2879 1514 2912 unam
1542 2879 1748 2934 cogere,
1777 2861 1832 2913 h.

829 2957 874 2989 e.
892 2977 909 3003 ,
947 2956 1072 2990 cum
1098 2941 1249 2991 tertia
1270 2939 1677 3011 pronunciando
1705 2944 1836 3012 jun-

708 3037 713 3044 ’
826 3035 965 3088 gere.
998 3020 1065 3070 Hi
1082 3032 1258 3071 utrum
1278 3022 1381 3071 sint
1399 3019 1559 3072 iidem
1573 3058 1590 3086 ,
1624 3022 1713 3090 qui
1732 3020 1835 3070 cir-

824 3097 1204 3150 cumduxerunt
1233 3108 1525 3171 sequentem
1544 3137 1562 3165 ,
1614 3117 1682 3151 an
1715 3098 1834 3164 alii,

825 3178 1009 3227 vitium
1040 3196 1237 3229 novum
1267 3181 1506 3250 priorum
1536 3181 1700 3231 errori
1735 3177 1832 3229 ad·

824 3255 1010 3308 dentes
1026 3294 1042 3322 ,
1067 3255 1296 3326 ambigo.
1321 3259 1489 3327 Magis
1510 3270 1686 3308 tamen
1705 3275 1831 3327 pos-

826 3338 987 3388 terior
1003 3338 1136 3388 ratio
1156 3337 1347 3407 placet.
1378 3340 1456 3389 Ex
1472 3350 1734 3389 structura
1751 3339 1831 3407 ip-

824 3431 883 3466 sa
901 3416 1161 3485 participii
1181 3425 1415 3487 coqentes
1429 3415 1759 3486 probabilior
1771 3416 1831 3467 fit

822 3495 970 3564 prior
1015 3493 1118 3544 loci
1158 3495 1534 3566 inlerpretatio.
1592 3497 1649 3548 Si
1689 3498 1830 3550 enim

823 3571 955 3627 alios
979 3572 1305 3645 trisyllabum
1327 3572 1432 3625 hoc
1454 3591 1652 3626 nomen
1679 3576 1830 3626 fecis·

822 3670 879 3705 se
898 3690 915 3718 ,
955 3652 1409 3705 circumducentes
1444 3654 1791 3726 penultimam
1810 3693 1828 3721 ,

821 3730 1075 3784 voluisset
1094 3733 1387 3802 siguificare
1402 3771 1419 3798 ,
1456 3732 1588 3785 alios
1615 3733 1827 3807 disylla-

819 3811 980 3877 bum,
1016 3810 1289 3863 flectentes
1316 3812 1583 3878 ultimam,
1620 3812 1827 3864 videtur

820 3893 892 3942 ita
905 3893 1085 3963 potius
1097 3891 1260 3944 fuisse
1272 3894 1561 3964 scriptu-us
1578 3912 1590 3942 ε
1620 3915 1642 3937 «ι
1666 3910 1823 3962 quam

826 3995 848 4017 .-
871 3974 1016 4041 qui...
1048 3973 1103 4022 in
1134 3987 1295 4024 unam
1321 3985 1521 4042 cogent
1552 3984 1605 4023 et
1632 3971 1824 4023 dei-de

826 4073 848 4096 ι
868 4049 1117 4115 flectunt,
1155 4050 1302 4123 dep!
1342 4070 1493 4124 pecc.
1514 4071 1538 4098 n.
1578 4054 1824 4104 Fortasse

821 4131 981 4199 igitur
1018 4133 1193 4201 ipsum
1230 4131 1399 4197 iliud,
1443 4129 1588 4201 quod
1629 4133 1824 4201 rejeci,

824 4208 994 4283 Appt,
1020 4225 1201 4264 verum
1227 4219 1338 4280 est',
1368 4211 1535 4266 modo
1559 4221 1824 4265 constaret

1941 880 2252 947 Quintiliani
2270 893 2508 951 tempore
2523 892 2678 930 usum
2697 878 2842 930 illum
2860 898 2938 949 ge·

1941 961 2220 1011 nitivorum
2241 962 2296 1011 in
2318 959 2366 1023 i,
2393 977 2503 1010 non
2524 971 2702 1010 autem
2718 960 2771 1009 in
2793 956 2860 1023 ii,
2879 958 2941 1011 de

1941 1056 2049 1108 quo
2071 1058 2171 1108 ago
2194 1038 2260 1090 ad
2277 1040 2371 1103 111,
2393 1036 2423 1089 5
2441 1075 2458 1103 ,
2494 1053 2553 1105 17
2569 1075 2586 1102 ‚
2615 1035 2774 1108 plane
2789 1038 2942 1089 fuisse

1940 1116 2195 1169 abolitum
2208 1156 2224 1183 ,
2245 1130 2303 1169 ut
2318 1155 2336 1184 ,
2363 1120 2498 1167 miro
2521 1134 2648 1168 sane
2668 1135 2824 1182 casu,
2843 1118 2941 1167 Ho-

1939 1198 2124 1248 ratiani
2157 1198 2317 1248 moris
2347 1195 2706 1264 Quintilianus
2735 1198 2941 1267 imperi-

1937 1278 2039 1327 tior
2059 1275 2294 1327 Bentleio
2313 1277 2659 1346 reperiretur,
2681 1286 2736 1325 et
2751 1277 2940 1346 impro-

1935 1353 2086 1405 baret
2107 1353 2162 1405 id
2177 1392 2194 1419 ,
2222 1353 2365 1425 quod
2390 1353 2477 1404 hic
2502 1352 2570 1404 ab
2595 1355 2810 1424 optimis
2832 1355 2945 1424 qui-

1936 1432 2144 1504 busque
2169 1447 2291 1485 ante
2319 1431 2568 1486 Ovidium
2600 1431 2939 1504 scriptoribus

1937 1515 2092 1564 unice
2127 1514 2521 1583 hequentatum
2547 1511 2795 1564 ostendit.
2841 1514 2940 1583 Ap·

1935 1604 2085 1662 paret
2109 1604 2286 1643 autem
2301 1629 2318 1655 ,
2345 1591 2485 1643 male
2511 1590 2854 1645 circumflexu
2877 1593 2941 1641 si-

1933 1673 2082 1741 gnari
2105 1669 2265 1722 hodie
2290 1688 2321 1722 a
2346 1669 2664 1741 quibusdam
2688 1669 2939 1721 ablativos

1932 1752 2111 1822 prim
2130 1748 2266 1802 decl.
2289 1751 2578 1820 Nunquam
2596 1751 2738 1801 enim
2759 1747 2941 1801 ultima

1933 1828 2066 1881 flexa
2104 1840 2184 1882 est
2215 1847 2246 1881 a
2278 1830 2547 1881 Romanis.
2603 1830 2828 1899 Apicem
2863 1830 2941 1879 in·

1933 1908 2161 1961 seribere
2176 1906 2394 1974 debent,
2418 1910 2722 1978 quicunque
2737 1910 2943 1978 signum

1930 1992 2221 2060 requirunt.
2247 1986 2366 2041 vid.
2407 1989 2462 2053 1,
2504 2002 2571 2056 7,
2609 1987 2678 2053 3,
2719 1999 2776 2038 et
2810 1988 2940 2037 Fos-

1932 2082 2103 2121 terum
2143 2087 2208 2121 eo
2243 2070 2362 2139 ipso
2396 2066 2553 2133 loco,
2592 2083 2750 2136 quem
2783 2082 2942 2137 supra

1930 2151 2126 2200 notavi.
2166 2146 2458 2217 (Summo
2494 2148 2550 2197 in
2588 2146 2942 2209 Praefatione,

1928 2246 1981 2298 p.
2004 2225 2117 2298 75)
2140 2226 2416 2296 Reliquam
2440 2223 2733 2276 editionum
2752 2225 2810 2275 in
2833 2221 2938 2273 hoc

1927 2305 2050 2357 loco
2086 2308 2394 2357 varietatem
2420 2321 2685 2375 exponere
2711 2321 2828 2354 non
2855 2314 2939 2354 at-

1928 2387 2075 2437 tinet.
2119 2386 2177 2438 Si
2217 2402 2317 2456 pro
2356 2383 2426 2435 sic
2457 2385 2514 2434 in
2558 2381 2662 2434 illis
2709 2400 2841 2432 nam
2872 2380 2942 2433 sic

1927 2465 2098 2516 media
2117 2473 2382 2528 mutatur,
2406 2461 2552 2533 quod
2571 2475 2649 2514 est
2674 2464 2728 2512 in
2747 2462 2942 2514 veten’·

1925 2544 2028 2598 bus
2060 2543 2324 2617 plerisque
2358 2541 2514 2608 edd.,
2553 2559 2585 2594 a
2619 2538 2770 2593 nullo
2804 2538 2940 2596 Cod.

1925 2623 2246 2678 defenditur.
2277 2620 2440 2691 Quod
2458 2635 2636 2673 autem
2656 2623 2827 2672 ascito
2846 2618 2939 2670 illo

1923 2704 1967 2755 si
1981 2722 2081 2775 pro
2101 2704 2173 2755 sic
2191 2702 2358 2754 Aldus
2379 2700 2497 2768 dat,
2517 2719 2581 2752 cx
2600 2703 2942 2771 conjectura,

1925 2796 1985 2835 ut
2009 2784 2230 2854 opinor,
2273 2799 2397 2832 cum
2431 2797 2603 2851 eoque
2634 2782 2851 2830 Viartus
2890 2790 2943 2829 et

1923 2860 2208 2914 sichardus
2230 2882 2242 2911 ε
2268 2871 2363 2911 aut
2375 2860 2547 2933 gravis
2559 2877 2655 2931 pro
2674 2860 2828 2930 apice
2843 2858 2940 2909 cir·

1924 2939 2201 2991 cumducta
2216 2949 2455 3011 sequetur
2465 2957 2563 3010 pro
2578 2937 2660 2989 his
2678 2959 2690 2988 :
2713 2947 2777 2988 ut
2791 2936 2942 3008 apice

1923 3017 2276 3070 circumducta
2315 3027 2583 3089 sequente,
2625 3015 2682 3067 id
2718 3032 2941 3067 sensum

1925 3100 2082 3150 etiam
2110 3099 2274 3167 magis
2297 3095 2603 3168 perturbat,
2630 3097 2728 3147 etsi
2758 3095 2944 3166 specie

1922 3195 2034 3228 non
2070 3189 2230 3228 caret.
2259 3204 2333 3215 -—
2358 3173 2521 3246 Apice
2548 3172 2749 3225 habent
2776 3175 2843 3226 R.
2881 3187 2900 3221 ι
2923 3208 2941 3237 ,

1924 3273 1953 3307 a
1970 3294 1988 3322 ‚
2028 3256 2189 3307 Qut.
2217 3267 2270 3306 et
2292 3254 2411 3305 Cu».
2435 3250 2537 3303 Ed.
2576 3279 2649 3292 -·
2687 3251 2764 3302 Ut
2788 3250 2943 3323 apice

1920 3334 2270 3386 circumducta
2309 3342 2565 3405 sequente.
2620 3332 2943 3403 sequentem

1921 3414 2175 3488 syllabam
2192 3413 2423 3482 intellige
2436 3410 2713 3464 secundam
2728 3447 2748 3476 ,
2772 3424 2837 3462 ut
2852 3428 2942 3462 se-

1919 3514 1988 3566 pe
2007 3496 2203 3547 Noster
2225 3496 2279 3560 1,
2304 3509 2335 3562 7
2351 3530 2369 3558 ,
2395 3492 2431 3544 3
2447 3531 2463 3558 ,
2494 3514 2516 3536 α
2539 3490 2680 3543 aliud
2696 3491 2939 3562 priore...

1925 3598 1947 3621 a
1969 3573 2371 3646 aliudsequenti.
2391 3596 2412 3619 a
2433 3574 2522 3638 IV,
2542 3569 2601 3636 5,
2623 3570 2939 3642 133prius...

1916 3671 2159 3726 sequens‚·
2198 3666 2252 3704 et
2281 3650 2459 3705 multis
2493 3662 2743 3722 praeterea
2773 3648 2939 3700 loeis.

1916 3733 2141 3803 Reliqua
2175 3732 2242 3785 de
2288 3730 2394 3796 hoc
2431 3729 2553 3781 loco
2569 3765 2586 3795 ,
2638 3730 2941 3780 certissime

1916 3825 2200 3883 corrupt0,
2222 3810 2342 3862 vide
2369 3812 2425 3862 in
2447 3821 2588 3862 notoe
2609 3808 2764 3859 initio
2784 3846 2805 3874 ‚
2841 3805 2941 3858 ubi

1914 3913 1998 3946 res
2021 3895 2139 3945 fuse
2163 3905 2430 3946 tractatur.

1993 3991 2011 4025 ι
2026 4013 2037 4025 .
2071 3972 2309 4025 Atreus...
2348 3971 2495 4022 Terei
2531 3969 2813 4041 Ner-eique.
2857 3970 2938 4018 lta

1915 4051 2152 4104 scribunt
2186 4050 2299 4104 haec
2336 4053 2551 4102 nomina
2595 4047 2678 4101 ed.
2717 4046 2902 4099 Hack.
2925 4085 2945 4113 ,

1922 4131 2053 4184 1665
2070 4169 2087 4198 ‚
2116 4144 2170 4184 et
2196 4131 2453 4198 nonnulli.
2486 4128 2710 4198 Λιτροῧς...
2736 4127 2940 4197 Τιμῗ...

1915 4211 2166 4285 Νηιῒςαο.
2193 4215 2272 4267 De
2294 4211 2376 4265 his
2399 4210 2571 4264 verbis
2596 4222 2649 4262 et
2667 4207 2783 4262 aliis
2813 4221 2941 4280 (με
