3200 5150
801 494 889 583 98

1377 493 1468 556 M.
1507 493 1735 557 FABII
1773 492 2332 576 QUINTILIANI

798 616 960 689 satis
990 636 1120 705 est3
1147 641 1292 687 non
1323 614 1514 687 enim
1545 615 1762 688 doceo
1781 672 1801 705 ,
1835 617 1957 689 sed
1984 618 2333 691 admoneo
2361 616 2705 691 docturos.
2733 620 2909 695 Inde

799 730 874 803 in
915 729 1214 830 syllabas
1253 756 1419 801 cura
1459 730 1810 818 transibit,
1860 731 1946 803 de
1993 732 2253 831 quibus
2293 732 2368 804 in
2421 731 2911 833 orthographia

800 872 1031 944 pauca
1061 846 1437 918 annotabo.
1470 846 1664 917 Tum
1708 845 1968 919 videbit
2007 845 2096 919 ad
2139 875 2354 947 quem
2395 848 2529 921 hoc
2577 850 2910 948 pertinet,

798 983 973 1059 quot
1011 981 1079 1033 et
1118 988 1273 1060 quae
1318 961 1463 1065 sint¹
1494 982 1721 1059 partes
1760 962 2127 1050 orationis;
2170 990 2607 1062 quamquam
2647 964 2734 1036 de
2777 992 2915 1037 nu-

696 1099 761 1155 18
800 1077 1015 1150 mero*
1029 1104 1281 1177 parum
1318 1078 1678 1149 convenit:
1718 1099 1976 1151 veteres
2016 1079 2245 1169 enim,
2277 1106 2586 1178 quorum
2623 1081 2915 1155 fuerunt

799 1192 1190 1268 Aristoteles
1216 1207 1235 1237 ¹
1271 1214 1476 1294 atque
1504 1194 1981 1268 Theodectes²
2002 1253 2022 1286 ,
2055 1196 2264 1268 verba
2295 1197 2507 1269 modo
2533 1218 2601 1270 et
2623 1204 2911 1271 nomina

797 1332 865 1382 et
908 1314 1418 1382 convinctiones
1462 1309 1931 1400 tradiderunt3
1976 1310 2294 1384 videlicet
2328 1311 2521 1411 quod
2567 1312 2643 1384 in
2685 1313 2914 1390 verbis·

794 1423 939 1494 vim
982 1422 1359 1512 sermoniS,
1396 1423 1470 1495 in
1509 1422 1922 1497 nominibus
1957 1426 2363 1518 materiam,
2399 1426 2566 1526 quia
2609 1427 2908 1501 alterum

790 1558 896 1612 est
920 1537 1112 1637 quod
1143 1535 1524 1637 loquimur,
1556 1536 1853 1611 alterum
1890 1538 1977 1612 de
2012 1567 2154 1640 quo
2193 1539 2592 1641 loquimur,
2628 1541 2702 1613 in
2742 1569 2910 1615 con-

790 1652 1261 1764 ¹vinctionibus
1309 1676 1543 1726 autem
1584 1655 2034 1757 complenum
2078 1684 2325 1730 eorum
2370 1684 2516 1730 esse
2544 1657 2908 1759 judicave-

796 1766 1052 1860 runt33
1102 1796 1275 1870 quas
1326 1772 1842 1869 conjunctiones
1888 1799 1929 1845 a
1972 1770 2322 1873 plerisque
2372 1772 2508 1846 dici
2551 1772 2732 1864 scio,
2786 1776 2906 1848 sed

872 1939 916 1975 ι.
950 1919 1258 1974 Aristoteles.
1295 1920 1393 1974 Hic
1426 1922 1479 1973 in
1508 1920 1679 1989 libro,
1709 1924 1799 1993 qui

788 2001 1095 2055 inscribitur
1130 2000 1194 2052 de
1229 2001 1692 2073 Inter-pretatione,
1732 2000 1801 2053 ad

791 2085 1105 2137 sententiam
1141 2080 1521 2134 absolvendam
1553 2099 1800 2134 necessa-

791 2166 868 2216 ria
889 2182 1004 2216 esse
1025 2165 1097 2215 ait
1121 2179 1311 2214 nomen
1333 2174 1383 2214 et
1405 2162 1607 2213 verbum
1621 2200 1637 2228 ,
1660 2159 1802 2227 ὄνομα.

788 2239 875 2292 καὶ
909 2243 1065 2311 finan,
1100 2259 1163 2293 ex
1198 2239 1281 2291 his
1322 2252 1500 2291 autem
1533 2235 1645 2291 fieri
1678 2257 1801 2292 ora-

794 2325 1020 2386 tionem,
1044 2316 1207 2387 λὸγον,
1232 2338 1345 2391 quae
1368 2321 1433 2371 sit
1450 2337 1586 2385 una,
1611 2332 1701 2371 aut
1727 2322 1799 2371 si-

789 2397 1093 2472 gnificando
1110 2418 1269 2450 unam
1284 2417 1393 2450 rem
1406 2437 1423 2464 ,
1443 2409 1535 2449 aut
1549 2402 1803 2470 conjunc-

790 2483 968 2546 tione,
1004 2476 1258 2545 aureique.
1292 2475 1426 2529 vide
1462 2479 1639 2549 capita
1680 2476 1800 2531 libri

787 2560 936 2613 citati
975 2559 1153 2630 priora
1192 2559 1442 2629 quinque.
1485 2555 1798 2629 Exemplum

788 2641 972 2691 fuerit:
994 2639 1152 2690 Caius
1171 2635 1391 2702 dormit,
1410 2635 1569 2688 Caius
1588 2649 1641 2687 et
1660 2636 1800 2689 Sem-

786 2720 1009 2792 pronius
1043 2717 1252 2769 dormit.
1285 2716 1460 2770 Altera
1491 2718 1660 2768 oratio
1691 2733 1795 2769 una

790 2811 898 2864 est,
922 2815 1033 2848 rem
1057 2814 1217 2848 unam
1241 2792 1614 2866 significando,
1642 2788 1702 2849 οἷς
1726 2791 1799 2844 λὸ-

784 2896 872 2944 γος
901 2874 923 2926 ὅ
946 2874 989 2926 ‘iv
1015 2873 1186 2938 &nid-'u
1221 2872 1383 2925 altera
1417 2875 1796 2944 donjunctione

788 2966 873 3020 et,
906 2951 938 3004 ’ὅ
980 2948 1216 3021 συνδίσμφ
1254 2945 1329 3007 οἷς.
1375 2953 1650 3024 Apparent
1692 2964 1794 3004 tres

784 3035 887 3092 511ae
932 3048 1109 3106 partes
1157 3033 1410 3084 orationis
1457 3029 1658 3082 tradit-‘e
1677 3070 1693 3096 ,
1737 3041 1796 3082 ut

787 3126 965 3166 narrat
989 3113 1093 3180 Qu.
1114 3150 1131 3179 ,
1162 3110 1230 3163 ab
1259 3108 1557 3162 Aristotele.
1588 3108 1661 3177 τῷ·
1685 3127 1794 3161 συν-

788 3191 940 3262 uem.
969 3206 1147 3245 autem
1172 3190 1381 3244 videtur
1409 3207 1591 3241 omnes
1621 3207 1793 3240 annn-

782 3290 1016 3326 merasse
1037 3269 1324 3344 particulas
1344 3268 1670 3322 Aristoteles».
1687 3271 1793 3321 Ne—

789 3372 893 3424 que
919 3353 1123 3417 obstat,
1148 3347 1295 3421 quod
1310 3347 1457 3412 ‘idern
1480 3347 1793 3400 Aristoteles

782 3432 855 3484 de
883 3432 1094 3483 Poetica
1113 3467 1128 3494 ,
1158 3446 1204 3478 e.
1239 3443 1337 3491 20,
1366 3439 1639 3478 enumerat
1669 3437 1792 3478 octo

783 3509 897 3579 μὶρη
925 3509 1005 3565 «τῖς
1033 3505 1230 3573 λέξεως,
1259 3523 1373 3576 quae
1401 3523 1515 3557 esse
1542 3503 1678 3556 alius
1705 3523 1794 3556 ra·-

790 3590 948 3641 tionis
982 3586 1163 3658 primis
1197 3586 1369 3635 statim
1399 3583 1649 3655 exemplis
1679 3602 1793 3636 ma-

785 3669 1041 3721 nifestum
1065 3678 1174 3716 est:
1202 3662 1441 3728 σνηιχιῖον,
1465 3658 1689 3713 evincti.
1713 3662 1794 3714 Ibi

787 3743 932 3800 enim'
954 3745 1099 3798 vides
1127 3744 1196 3797 de
1222 3743 1460 3816 partibus
1491 3742 1686 3816 linqua
1709 3742 1793 3794 vel

784 3824 1093 3878 elocutionis
1114 3825 1228 3893 agi,
1253 3839 1362 3873 non
1386 3821 1648 3875 orationis.

866 3923 913 3957 α.
944 3903 1274 3968 Theodectes,
1302 3900 1603 3964 Phaselide,
1627 3900 1793 3974 Lycio

786 3985 875 4039 'vel
887 3983 1204 4058 Pamphylia·
1218 3981 1349 4035 urbe
1361 4021 1377 4048 ,
1393 3978 1649 4032 oriundus
1661 4018 1678 4046 ,
1687 3980 1799 4031 Pla-

786 4068 960 4132 tonis‚
984 4066 1227 4117 Isocratis
1252 4076 1303 4114 et
1326 4059 1623 4114 Aristotelis
1646 4059 1799 4112 disci-

786 4145 979 4217 pulus3
1019 4157 1071 4196 et
1105 4144 1288 4195 rhetor
1323 4153 1376 4193 et
1412 4153 1628 4203 orator-3
1669 4142 1796 4192 item

790 4223 1161 4297 mgoediarum
1179 4218 1420 4294 scriptor.
1436 4223 1517 4277 De
1534 4224 1652 4293 ejus
1673 4238 1798 4294 ope-

1889 1944 1947 1976 re
1963 1923 2231 1977 rhetorico
2246 1924 2454 1977 dicetur
2467 1923 2537 1977 ad
2551 1926 2623 1991 Π,
2650 1940 2670 1975 1
2681 1923 2733 1991 5,
2755 1942 2836 1990 lo,
2849 1928 2906 1977 in

1889 2000 1973 2057 his
1992 2004 2193 2058 verbis:
2216 2025 2248 2056 α
2269 2023 2372 2078 quo
2393 2023 2498 2056 non
2520 2004 2776 2070 dissentit,
2801 2018 2903 2058 etc.

1963 2086 2012 2137 3.
2030 2082 2097 2136 In
2116 2083 2612 2136 convinctionibus...
2622 2080 2904 2156 judicave-

1890 2174 2028 2216 runt.
2057 2164 2116 2214 In
2135 2160 2282 2215 hisce
2303 2180 2450 2214 error
2465 2176 2722 2228 versatur,
2744 2181 2903 2233 quem

1892 2256 2070 2294 tamen
2092 2243 2260 2315 ipsius
2286 2239 2599 2310 Quintiliani
2623 2252 2773 2314 puto.
2804 2242 2904 2294 Di·

1891 2340 1980 2373 cas
2002 2339 2064 2372 ex
2082 2318 2377 2372 rationibus
2397 2321 2555 2371 trium
2574 2317 2762 2371 harum
2783 2339 2903 2372 ora-

1891 2401 2049 2451 tionis
2077 2400 2307 2471 partium
2336 2398 2698 2451 faciendarum
2728 2398 2900 2451 allatis

1890 2477 1957 2530 ab
1988 2497 2052 2531 eo
2068 2517 2085 2544 ,
2114 2478 2524 2530 convinctionem
2551 2477 2639 2530 hic
2663 2477 2768 2530 dici
2791 2480 2900 2548 sig-

1888 2559 2225 2626 nificatione,
2256 2574 2361 2630 qua
2390 2574 2488 2609 nos
2513 2558 2568 2610 in
2596 2556 2780 2629 logicis
2808 2575 2899 2609 co-

1881 2637 2070 2711 pulam
2091 2655 2423 2711 usurpamus.
2451 2639 2526 2691 Ea
2545 2650 2722 2688 autem
2744 2650 2820 2689 est
2840 2639 2900 2688 in

1885 2720 2005 2791 ipso
2023 2716 2215 2780 verbo3
2243 2733 2564 2789 quamquam
2588 2714 2729 2781 sola,
2747 2714 2898 2767 nulla

1884 2796 2152 2869 praedicati
2167 2808 2316 2868 parte
2336 2794 2564 2848 admixta
2579 2834 2595 2861 ,
2609 2796 2822 2846 nonnisi
2841 2796 2896 2847 in

1885 2874 2047 2927 verbo
2068 2873 2424 2936 substantivo3
2445 2891 2646 2944 neque,
2666 2885 2788 2946 post
2806 2891 2895 2926 re-

1886 2956 2144 3008 censitum
2167 2954 2222 3009 in
2244 2953 2498 3005 orationis
2517 2951 2756 3025 partibus
2773 2971 2894 3004 ver-

1883 3031 2041 3099 bum,
2061 3051 2198 3106 opus
2220 3047 2299 3085 est
2317 3031 2384 3084 de
2403 3030 2592 3103 copula
2613 3032 2895 3102 separatim

1884 3129 2056 3184 agere.
2079 3116 2138 3165 ln
2152 3110 2449 3166 Aristotelis
2466 3123 2644 3162 antem
2659 3112 2866 3161 ratione
2877 3149 2894 3177 ,

1883 3191 2046 3244 modo
2073 3191 2308 3265 exposita
2324 3229 2341 3258 ,
2367 3185 2614 3253 σᾶνῶσμον
2636 3205 2894 3258 gramma·

1883 3272 1992 3323 tico
2025 3270 2214 3343 plane,
2243 3285 2355 3321 non
2382 3268 2557 3338 logico
2575 3306 2591 3333 ,
2619 3266 2892 3318 intellectu

1885 3357 2225 3420 'usur-patum,
2245 3359 2466 3420 apparet
2478 3385 2494 3412 ,
2513 3357 2573 3397 ut
2593 3345 2811 3417 opinor-3
2833 3360 2894 3397 nt

1884 3429 1950 3480 sit
1978 3426 2279 3480 reddendus
2306 3444 2404 3498 per
2434 3424 2852 3496 conjunctionem
2867 3463 2888 3489 ‚

1832 3518 1835 3521 ’
1883 3506 1966 3558 'vel
1978 3546 1994 3573 ,
2009 3520 2067 3558 ut
2081 3505 2280 3558 mavult
2294 3506 2398 3573 Qu.
2412 3542 2431 3570 ,
2446 3502 2857 3554 convinctionem
2867 3541 2890 3566 ,

1883 3599 1993 3637 non
2028 3603 2126 3658 per
2159 3583 2420 3657 copulam.
2464 3585 2541 3635 Ex
2580 3579 2896 3649 Quintiliani

1886 3664 2099 3736 quidem
2124 3664 2404 3736 opinione,
2426 3657 2573 3713 nulla
2595 3671 2774 3732 potest
2798 3658 2894 3711 ab·

1884 3743 2015 3795 solvi
2049 3746 2307 3796 sententia
2340 3744 2453 3794 sine
2485 3742 2892 3804 convinctione,

1883 3822 2032 3894 quod
2058 3841 2210 3875 secus
2242 3833 2323 3874 est
2349 3824 2404 3873 in
2431 3819 2728 3872 Aristotelis
2754 3818 2894 3870 doc-

1884 3904 2037 3954 trina.
2060 3904 2230 3954 Etiam
2248 3901 2544 3953 Priscianus
2563 3900 2636 3950 ait
2654 3897 2896 3950 dialecti·

1885 3999 1979 4032 cos
1999 3979 2132 4032 duas
2153 3977 2326 4033 solum
2340 3992 2515 4052 partes
2532 3980 2785 4030 orationis
2806 3995 2900 4046 ag·

1883 4077 2137 4126 noscere,
2174 4077 2372 4111 nomen
2403 4072 2455 4111 et
2485 4055 2738 4122 verbum,
2767 4057 2897 4126 quia

1884 4138 1964 4191 hae
1994 4138 2116 4192 solae
2146 4141 2304 4192 etiam
2335 4156 2434 4211 per
2463 4156 2520 4190 se
2545 4140 2742 4209 juncta
2774 4134 2899 4207 ple·—

1884 4237 2010 4274 nam
2053 4219 2253 4273 faciant
2298 4218 2624 4284 orationem,
2664 4233 2722 4287 p.
2762 4213 2888 4283 574.
