3200 5150
777 448 905 537 392
1333 450 1428 513 M.
1468 448 1699 513 FABII
1732 447 2043 531 QUINTI
2052 448 2288 514 LIANI

673 591 738 646 ιε
775 570 1120 661 ηιεάἰειιε,
1145 570 1264 644 sed
1293 572 1497 644 faciet
1527 591 1606 643 ut
1637 571 1972 644 medicus.
2007 575 2120 644 An
2149 571 2557 673 hujusmodi
2592 597 2697 645 res
2726 598 2865 644 nee

671 1063 733 1118 ι9

663 1748 731 1786 20

768 684 842 757 in
868 684 1150 759 laudem
1170 743 1189 776 ,
1215 713 1345 759 nec
1375 687 1448 758 in
1474 687 2073 777 deliberationem,
2106 714 2238 759 nec
2267 686 2340 759 in
2356 686 2709 787 judicium
2733 712 2866 759 ve-

769 798 1013 872 niunt?
1041 803 1222 900 Ergo
1254 828 1480 900 quum
1512 801 1597 874 de
1629 802 1949 875 faciendo
1983 822 2184 902 portu
2212 799 2516 874 Ostiensi
2536 815 2556 845 ¹
2596 800 2865 873 delibe-

771 935 997 986 ratum
1033 936 1165 1005 est,
1199 943 1342 988 non
1382 916 1626 989 debuit
1661 917 1887 991 dicere
1918 916 2333 989 sententiam
2363 914 2630 987 orator?
2664 916 2861 1013 atqui

771 1056 947 1130 opus
979 1051 1123 1104 erat
1153 1031 1415 1104 ratione
1442 1032 1996 1105 architectorum.
2033 1032 2311 1104 Livores
2344 1050 2413 1104 et
2440 1050 2750 1102 tumores
2782 1031 2859 1102 in

771 1154 1101 1246 corpore,
1140 1145 1489 1219 cruditatis
1527 1174 1618 1219 an
1657 1148 1950 1221 veneni²
1989 1147 2186 1246 signa
2222 1147 2389 1235 sint,
2433 1171 2577 1217 non
2620 1164 2865 1217 tractat

770 1260 1038 1332 orator?
1071 1281 1141 1333 at
1173 1281 1273 1333 cst
1302 1261 1375 1333 id
1406 1287 1488 1334 ex
1516 1263 1778 1335 ratione
1804 1262 2189 1335 medicinae.
2218 1261 2419 1333 Circa
2450 1256 2858 1331 mensuras³

768 1396 838 1448 et
872 1401 1203 1447 numeros
1240 1403 1384 1449 non
1411 1377 1877 1450 versabitur4?
1911 1378 2225 1450 dicamus
2262 1375 2385 1448 has
2414 1372 2805 1472 geometriae
2828 1370 2861 1417 ⁵

770 1516 916 1563 esse
950 1512 1196 1590 partes.
1229 1492 1576 1591 Equidem
1616 1494 1857 1568 omnia
1884 1496 2029 1567 fere
2065 1518 2263 1592 posse
2292 1491 2497 1564 credo
2528 1516 2693 1563 casu
2725 1488 2861 1560 ali-

773 1631 915 1705 quo
948 1605 1181 1677 venire
1218 1605 1291 1678 in
1325 1608 1645 1681 officium
1684 1608 2003 1697 oratoris-33
2050 1606 2241 1706 quod
2278 1606 2333 1677 si
2371 1630 2517 1678 non
2560 1604 2862 1692 accidet,

771 1746 919 1792 non
944 1740 1150 1792 erunt
1171 1719 1235 1793 ei
1256 1720 1589 1823 subjecta.
1617 1723 1718 1794 Ita
1736 1724 1831 1793 sic
1851 1748 2133 1821 quoque
2158 1740 2335 1792 recte
2361 1717 2696 1808 diximus,
2717 1746 2863 1790 ma·

776 1839 1020 1907 teriam
1053 1831 1418 1908 rhetorices
1448 1861 1581 1908 esse
1609 1861 1842 1909 omnes
1874 1861 1977 1908 res
2007 1835 2103 1907 ad
2124 1834 2487 1906 dicendum
2512 1838 2578 1904 ei
2605 1832 2863 1934 subjec-

774 1967 874 2023 tas
881 1982 907 2038 ,·
936 1949 1126 2049 quod
1149 1950 1436 2048 quidem
1467 1950 1715 2051 probat
1736 1952 1944 2024 etiam
1969 1977 2197 2023 sermo
2222 1949 2621 2022 communis
2642 1979 2660 2038 3
2691 1976 2863 2021 nam

776 2092 1000 2165 quum
1043 2063 1348 2164 aliquid,
1390 2065 1475 2138 de
1518 2093 1660 2167 quo
1699 2066 2048 2155 dicamus»,
2084 2064 2525 2165 accepimuS,
2564 2064 2861 2164 positam

771 2287 888 2322 esse
910 2271 1225 2337 auctoritas,
1241 2271 1484 2343 praeferat
1505 2269 1770 2345 deliqam‘t.

769 2347 925 2402 Unde
944 2361 1025 2400 tot
1040 2350 1274 2402 fautores
1292 2363 1446 2402 nacta
1465 2350 1623 2403 fuerit
1640 2369 1777 2423 prae-

770 2441 985 2499 postera
1007 2426 1120 2479 baec
1144 2431 1399 2500 scriptura
1412 2467 1429 2496 ,
1453 2432 1544 2500 qui
1565 2448 1776 2500 praeser-

770 2509 867 2557 tim
888 2507 1183 2558 revocat-int
1204 2526 1350 2573 eam,
1371 2519 1431 2557 ut
1452 2505 1651 2580 Grypb.
1664 2544 1681 2574 ,
1705 2506 1773 2559 ab

771 2586 888 2638 aliis
912 2590 1024 2657 jam
1052 2599 1369 2654 correctam,
1394 2605 1504 2639 non
1528 2587 1774 2659 equidem

772 2667 1161 2718 comminiscor.
1185 2669 1267 2719 An
1291 2666 1443 2721 locus
1463 2666 1777 2720 obversaba-

771 2756 880 2811 tur,
912 2762 1069 2815 quem
1103 2744 1222 2799 vide
1261 2759 1444 2798 notam
1479 2765 1590 2817 seq.
1609 2750 1633 2799 ἲ
1666 2749 1774 2800 Bri-

771 2823 971 2874 tannici
992 2823 1358 2877 tamen.Codd.
1383 2843 1611 2896 quorum
1628 2824 1775 2877 nulla

769 2901 974 2953 mentio
1003 2900 1148 2974 apud
1181 2901 1328 2954 Gibs.
1360 2901 1603 2955 videntur
1639 2905 1774 2955 tueri

768 2991 1066 3052 receptam,
1088 2981 1242 3033 unice
1259 3000 1453 3035 veram.
1468 2981 1572 3036 Sed
1586 2984 1773 3053 exigua

770 3070 853 3111 est
879 3057 1047 3110 codd.
1077 3062 1363 3113 auctoritas
1390 3063 1446 3113 in
1477 3075 1586 3113 tam
1618 3061 1773 3114 solita

768 3139 1086 3192 confusione
1105 3138 1196 3193 ‘ei-”r
1220 3140 1250 3191 b
1272 3154 1325 3193 et
1351 3161 1409 3206 v,
1434 3141 1502 3195 de
1527 3160 1631 3213 qua
1654 3141 1772 3195 vide

765 3216 1033 3269 Drakenb.
1060 3217 1127 3269 ad
1144 3221 1252 3271 uv.
1272 3224 1339 3287 V,
1361 3221 1454 3289 24,
1475 3219 1533 3285 53
1552 3224 1678 3274 item
1696 3224 1770 3288 11,

765 3294 866 3361 46,
884 3312 931 3347 2.
949 3297 1138 3348 -mL
1166 3314 1212 3363 1,
1233 3314 1261 3350 a
1277 3337 1293 3364 ,
1312 3296 1346 3351 5
1366 3312 1417 3352 et
1436 3301 1627 3367 Cum,
1646 3299 1771 3351 deli-

763 3376 926 3449 yavt't.
936 3377 1029 3428 En.
1041 3405 1112 3416 —
1121 3377 1605 3452 Detiqabit.vide11,
1624 3396 1641 3431 ι
1655 3400 1704 3451 7,
1713 3398 1765 3450 9.

845 3470 888 3505 1.
923 3453 1088 3506 Portu
1124 3457 1355 3510 Ostiensi.
1379 3457 1513 3511 Vide
1548 3460 1763 3512 Sueton.

764 3529 951 3586 Claud.
977 3551 1024 3586 e.
1053 3549 1147 3602 20,
1167 3534 1259 3587 ubi
1283 3536 1583 3608 apparebit,
1606 3555 1766 3608 quare

763 3610 1112 3664 deliberatum
1147 3614 1305 3666 fuerit
1339 3634 1592 3686 operose,
1628 3634 1765 3689 quo-

762 3690 907 3742 niam
947 3708 1084 3763 opus
1125 3690 1193 3742 ab
1235 3694 1350 3763 ipso
1385 3693 1527 3745 Julio
1562 3696 1765 3747 Caesare

763 3781 876 3820 erat
904 3791 928 3815 ι
948 3772 1136 3841 saepius
1161 3770 1507 3838 destinatum,
1527 3790 1588 3824 ac
1608 3791 1767 3845 prop-

767 3867 792 3892 ·
812 3859 891 3900 ter
911 3846 1277 3901 difficultatem
1302 3852 1568 3903 omissum.
1592 3876 1615 3899 ιι

836 3943 886 3977 2.
925 3926 1198 3981 Cruditatis
1231 3948 1300 3980 cm
1341 3931 1539 3983 veneni.
1572 3933 1764 4003 Tangit

760 4003 1017 4056 medicam
1061 4008 1215 4059 istam
1256 4011 1405 4079 quasi
1449 4007 1762 4081 eloquentiae

1932 2272 1982 2325 3.
2027 2271 2170 2325 δίκα
2208 2286 2483 2322 mensuras.
2526 2271 2765 2322 Socrates
2809 2270 2866 2322 in

1861 2352 2052 2421 Gorgia
2076 2368 2132 2402 se
2149 2351 2358 2402 irrisum
2369 2349 2533 2399 fuisse
2550 2346 2697 2412 dicit,
2717 2347 2865 2417 quod

1862 2430 2234 2500 suffragiorum
2293 2426 2529 2479 calculos
2586 2444 2866 2479 numerare

1859 2528 1973 2562 non
1990 2510 2239 2583 potuerit.
2258 2508 2371 2559 Hac
2387 2505 2456 2558 de
2476 2524 2533 2556 re
2550 2505 2655 2577 egit
2668 2504 2863 2556 Fabius

1857 2591 1917 2642 in
1938 2607 2055 2660 cap.
2079 2588 2148 2639 de
2169 2587 2470 2657 geometria.
2492 2586 2658 2637 Tuan.

1932 2667 1984 2735 4.
2031 2666 2086 2720 V
2079 2666 2336 2718 παιδίων.
2377 2664 2550 2717 Guelf.
2596 2676 2648 2716 et
2680 2665 2860 2716 Tur-ic.

1860 2744 2239 2799 conversabt‘tur
2272 2762 2394 2795 cum
2440 2745 2591 2795 Bern.
2639 2746 2864 2814 repetita

1861 2824 2060 2899 syllaba
2084 2826 2252 2896 prima
2275 2842 2339 2876 ex
2360 2822 2705 2875 antecedente
2731 2840 2861 2873 non.

1858 2934 1933 2946 —
1954 2906 2029 2956 lta
2055 2921 2268 2975 quoque
2290 2905 2351 2956 R.
2384 2920 2401 2954 ι
2436 2915 2489 2955 et
2510 2902 2668 2954 cim.
2694 2901 2799 2952 Ed.

1931 2980 1982 3035 5.
2011 2983 2331 3035 Geometn‘oe.
2355 2981 2440 3034 Sic
2465 2998 2675 3046 omnes,
2699 2997 2867 3050 qnan-

1860 3075 1973 3114 tum
1989 3059 2171 3126 video,
2193 3074 2245 3113 et
2261 3058 2429 3112 Codd.
2455 3071 2509 3111 et
2530 3058 2651 3111 edd.
2670 3060 2864 3128 Neque

1861 3153 1972 3194 erat
2013 3139 2158 3213 quod
2198 3141 2512 3210 scripturam
2555 3136 2864 3189 sollicitaret

1855 3219 2041 3273 Jacob.
2078 3217 2217 3271 Frid.
2258 3219 2610 3286 Heusingerus
2648 3214 2715 3266 ad
2746 3216 2859 3266 Cic.

1856 3299 1923 3352 de
1947 3300 2057 3354 Off.
2080 3301 2176 3364 111,
2202 3314 2253 3367 7,
2277 3299 2337 3364 3,
2361 3298 2452 3368 qui
2479 3295 2625 3346 malit
2647 3311 2867 3367 geome-

1855 3389 1963 3431 trae.
1993 3379 2317 3449 perpetuitas
2346 3372 2743 3444 argumentandi
2770 3391 2867 3424 os-

1856 3458 2022 3511 tendit
2046 3457 2131 3509 hic
2151 3459 2273 3509 artis
2295 3457 2457 3525 magis
2476 3472 2670 3506 nomen
2688 3454 2866 3523 requi-

1855 3541 1930 3604 ri,
1954 3555 2112 3609 quam
2139 3537 2364 3588 artificis.
2400 3536 2484 3588 Sic
2512 3532 2672 3585 modo
2695 3554 2707 3583 ε
2751 3554 2775 3578 ι
2796 3551 2864 3583 ex

1860 3638 1885 3662 ιι
1904 3628 1998 3666 rat.
2030 3615 2315 3666 medicinae.
2337 3637 2360 3661 n
2396 3635 2418 3659 α
2437 3614 2661 3665 Ratione
2685 3609 2867 3661 archi-

1860 3715 1882 3739 ·
1903 3706 2159 3746 tectorum
2181 3717 2203 3740 ιι
2229 3709 2343 3762 quae
2366 3704 2444 3743 est
2468 3692 2583 3762 ipsa
2604 3689 2865 3740 architec-

1858 3794 1881 3819 α
1902 3772 2083 3823 conice.
2102 3774 2180 3824 Ne
2194 3772 2459 3823 Ciceronis
2476 3767 2686 3839 quidem
2701 3766 2862 3818 locus

1850 3850 2064 3904 Tuscul.
2098 3854 2163 3914 V,
2199 3850 2301 3917 39,
2332 3849 2622 3899 mutatione
2654 3844 2860 3915 indiget

1858 3929 2180 4000 «geometriae
2191 3944 2380 3978 munus
2392 3925 2667 3976 tuebatur»
2676 3941 2864 3995 quam-

1852 4026 2010 4080 quam
2028 4010 2282 4078 majorem
2299 4007 2528 4077 speciem
2548 4003 2709 4054 habet
2728 4019 2867 4053 eon-

759 4095 989 4154 partem,
1007 4084 1101 4138 sed
1118 4088 1175 4138 in
1192 4100 1523 4158 transcursu,
1536 4092 1645 4144 Cic.
1660 4109 1760 4162 pro
1843 4093 2065 4161 jectura.
2091 4088 2378 4157 Receptam
2395 4083 2486 4135 dat
2504 4082 2579 4134 ibi
2595 4082 2824 4135 Wolfins
2836 4119 2859 4145 ,

760 4160 964 4214 (fluent.
991 4182 1038 4217 c.
1071 4182 1133 4218 to
1155 4180 1283 4218 extr.

1848 4166 1968 4220 vide
1989 4179 2172 4220 notam
2195 4165 2264 4219 ad
2284 4167 2334 4232 1,
2365 4180 2454 4230 ια,
2485 4163 2571 4215 18..
