3200 5150
785 486 870 553 60
1355 482 1448 551 M.
1488 486 1712 552 FABn
1753 479 2306 570 QUmeAM

678 619 744 680 32
786 631 853 683 et
896 608 1004 683 his
1045 632 1441 683 sermonem
1489 631 1898 683 connectere
1938 608 2242 710 incipiat.
2287 590 2699 680 Incredibile
2740 626 2878 695 est,
2933 636 2937 641 ’

785 746 1131 824 quantum
1185 753 1396 799 morae
1450 721 1731 798 lectioni
1780 723 2217 819 festinatione
2267 722 2672 824 adjiciatur3
2717 721 2880 794 hinc

785 841 975 912 enim
995 840 1243 913 accidit
1261 839 1595 913 dubitatio
1612 897 1631 929 ‚
1653 838 2066 911 intermissio
2081 892 2100 929 ,
2123 837 2432 939 repetitio
2447 893 2466 929 ,
2488 837 2645 937 plus
2666 863 2878 936 quam

784 975 1073 1053 possunt
1113 954 1569 1042 audentibus3
1607 953 1859 1025 deinde
1899 980 2125 1053 quum
2164 972 2524 1041 errarunt,
2560 950 2768 1024 etiam
2802 951 2881 1024 iis

678 1089 744 1143 33
784 1096 940 1169 quae
968 1069 1121 1170 jam
1158 1069 1418 1159 sciunt,
1460 1068 1965 1142 diffidentibus⁴
2007 1068 2214 1141 Certa
2246 1067 2350 1140 si(
2362 1093 2524 1164 ergo
2568 1063 2882 1166 inprimis

783 1185 1024 1274 lectio,
1055 1183 1309 1257 deinde
1342 1183 1752 1285 conjuncta3
1785 1203 1853 1256 et
1875 1184 1997 1255 diu
2025 1182 2299 1272 lentior,
2334 1181 2557 1254 donec
2584 1195 2600 1225 ¹
2637 1180 2885 1254 exerci—

677 1321 745 1388 34
783 1299 1041 1372 tatione
1084 1299 1439 1398 contingat
1478 1298 1851 1372 emendata
1889 1297 2232 1370 velocitas·
2267 1298 2451 1368 Nam
2499 1294 2883 1396 prospicere

783 1414 856 1486 in
889 1413 1206 1488 dextrum
1223 1469 1242 1503 ,
1268 1413 1461 1514 quod
1485 1440 1731 1488 omnes
1755 1412 2198 1513 praecipiunt,
2229 1431 2297 1485 et
2324 1410 2714 1512 providere,
2739 1437 2884 1499 non

785 1528 1067 1601 rationis
1092 1529 1339 1619 modo,
1364 1527 1487 1602 sed
1516 1555 1683 1600 usus
1712 1541 2035 1628 quoque²
2065 1548 2165 1599 est
2181 1557 2200 1615 ;
2232 1526 2570 1625 quoniam
2595 1552 2886 1626 sequen-

783 1643 879 1715 tia
900 1643 1230 1735 intuenti,
1253 1643 1481 1744 priora
1505 1642 1801 1717 dicenda
1819 1663 2012 1731 sunt;
2041 1661 2137 1731 et,
2163 1640 2355 1739 quod
2383 1638 2885 1713 difficillimum

784 1779 924 1849 est,
978 1758 1352 1833 dividenda
1404 1757 1694 1832 intentio
1744 1758 2006 1846 animi,
2069 1777 2148 1828 ut
2201 1754 2393 1827 aliud
2439 1782 2651 1845 voce,
2696 1753 2887 1827 aliud

785 1873 1004 1947 oculis
1046 1897 1310 1974 agatur.
1355 1873 1542 1947 Illud
1580 1901 1726 1946 non
1769 1872 2124 1973 poenitebit
2164 1897 2474 1962 curasse,
2518 1871 2691 1943 dum
2729 1870 2887 1944 scri-

785 1984 949 2063 bere
974 1987 1003 2034 3
1037 1990 1332 2062 nomina
1365 2017 1562 2089 puer,
1599 1988 2207 2088 quemadmodum
2244 1986 2455 2058 moris
2490 2007 2624 2075 est,
2673 2013 2890 2085 coepe·

787 2104 905 2194 rit,
948 2132 1037 2177 ne
1083 2105 1267 2178 hanc
1311 2131 1596 2205 operam
1647 2105 1719 2176 in
1766 2101 2119 2176 vocabulis
2164 2101 2566 2200 vulgaribus
2608 2122 2676 2174 et
2713 2103 2886 2174 forte

679 2241 746 2295 35
786 2220 1305 2294 occurrentibus
1331 2220 1572 2320 perdat
1586 2217 1641 2291 4.
1677 2221 1999 2292 Protinus
2028 2218 2219 2292 enim
2245 2239 2467 2315 potest
2493 2217 2887 2316 interpreta-

785 2335 1050 2408 tionem
1084 2333 1341 2433 linguae
1376 2333 1786 2423 secretioriS,
1821 2361 1994 2433 quas
2028 2331 2251 2407 Graeci
2285 2344 2519 2419 γλώσσας
2555 2329 2887 2421 vocant⁵‚

786 2449 961 2522 dum
1008 2450 1201 2522 aliud
1250 2450 1505 2549 agitur,
1558 2450 1896 2540 ediscere,
1945 2470 2013 2522 et
2058 2449 2235 2523 inter
2274 2449 2500 2551 prima
2544 2446 2890 2520 elementa

787 2567 1122 2668 consequi
1153 2595 1298 2639 rem
1319 2626 1338 2658 ,
1366 2589 1601 2667 postea
1627 2567 1988 2671 proprium
2011 2589 2290 2670 tempus
2319 2564 2883 2639 desideraturam.

787 2684 910 2773 Et,
946 2682 1283 2781 quoniam
1318 2684 1549 2756 adhuc
1586 2684 1766 2756 circa
1801 2710 1905 2756 res
1938 2696 2181 2757 tenues
2216 2708 2601 2770 moramur,
2640 2680 2684 2751 ii
2720 2707 2889 2779 quo·

789 2823 927 2896 que
950 2824 1214 2889 versuS,
1247 2799 1367 2900 qui
1393 2799 1482 2871 ad
1511 2797 1971 2871 imitationem
2006 2799 2351 2871 scribendi
2387 2815 2886 2899 proponentur,

788 2931 937 2987 non
988 2912 1235 2986 otiosas
1279 2912 1488 2987 velim
1536 2914 1907 2987 sententias
1959 2913 2295 3004 habeant,
2344 2912 2465 2986 sed
2511 2911 2888 2984 honestum

857 3081 1612 3149 1.Lentior‚donec.Juvathoe
1624 3103 1795 3138 exem·
1880 3084 2184 3157 praecepto)
2218 3084 2479 3137 efficitur:
2517 3084 2562 3135 si
2594 3082 2754 3151 igitur
2784 3080 2888 3132 hoc

788 3162 881 3236 plo
900 3177 1191 3216 monstrare
1211 3163 1497 3228 tironibus,
1520 3163 1791 3235 quomodo
1881 3182 1999 3217 usus
2017 3182 2223 3236 quoque
2241 3174 2337 3227 est,
2361 3175 2607 3235 apparet,
2628 3177 2729 3212 usu
2753 3177 2890 3231 opus

788 3243 1547 3315 corrumpisoleantscripturae
1556 3244 1613 3295 in
1621 3240 1791 3295 Codd.
1884 3262 1998 3296 esse
2012 3243 2178 3295 multo
2196 3257 2255 3295 ut
2274 3244 2413 3294 effici
2429 3243 2596 3314 possit
2612 3258 2674 3293 ea
2687 3258 2788 3292 res.
2807 3239 2889 3292 Sic

790 3322 888 3373 Hic
913 3324 1052 3374 enim
1075 3321 1249 3373 Guelf.
1280 3339 1402 3372 cum
1429 3320 1589 3373 Goth.
1623 3334 1674 3373 et
1697 3323 1792 3388 iis,
1883 3322 2209 3392 intelligitur,
2238 3340 2399 3393 quare
2427 3337 2618 3390 magna
2646 3321 2722 3370 rei
2749 3317 2893 3371 diffi-

791 3419 926 3472 quos
945 3403 1138 3471 Regius
1157 3398 1443 3466 tractabat,
1463 3397 1593 3451 dant
1607 3398 1793 3452 lentius
1883 3401 2051 3454 cultas
2074 3420 2199 3453 mox
2220 3400 2557 3471 significetur.
2577 3426 2645 3437 —
2660 3398 2786 3450 Non
2807 3416 2890 3448 ra·

790 3479 914 3533 ordo
933 3479 1110 3532 donec.
1132 3481 1325 3550 Regius
1343 3491 1613 3551 receptam
1631 3480 1792 3545 eruit,
1885 3481 2038 3534 tionis
2056 3481 2227 3533 modo.
2253 3479 2501 3551 Intelligit
2520 3492 2684 3531 artem
2705 3497 2767 3530 ac
2787 3497 2892 3531 me·

792 3578 953 3633 quam
964 3559 1210 3613 videntur
1222 3558 1465 3630 praeferre
1475 3556 1794 3610 Bodleianus
1884 3559 2125 3614 thodum.
2148 3564 2304 3614 Bou..

792 3654 844 3694 et
865 3640 978 3706 alii,
997 3639 1064 3692 tle
1086 3638 1276 3710 quibus
1297 3652 1475 3693 tacent
1493 3640 1583 3711 qui
1603 3651 1795 3690 contu-
1957 3640 2006 3692 3.
2033 3641 2172 3692 Dum
2197 3639 2420 3692 scribere.
2457 3639 2519 3690 R.
2554 3655 2572 3688 1
2591 3673 2608 3703 ‚
2636 3655 2663 3690 2
2678 3674 2696 3704 ‚
2727 3637 2891 3689 Cant».

790 3721 982 3773 lerunt.
1885 3718 2084 3772 habent
2105 3738 2224 3771 cum
2247 3718 2472 3771 scribere.
2498 3720 2591 3770 En.

866 3819 916 3854 2.
954 3800 1081 3856 Non
1118 3798 1332 3851 rationis
1367 3797 1524 3850 modo
1558 3796 1645 3850 sed
1681 3815 1799 3850 usus
1956 3799 2005 3865 4.
2051 3797 2258 3850 Perdat.
2303 3799 2378 3848 lta
2422 3815 2637 3868 quoque
2673 3797 2798 3868 Reg.
2840 3794 2889 3848 5.

793 3897 1013 3953 quoque.
1031 3879 1224 3932 Sensus
1243 3875 1505 3949 ejusmodi
1523 3876 1792 3948 profecto:
1885 3880 2044 3933 Cam».
2073 3882 2143 3932 At
2164 3879 2226 3930 R.
2261 3895 2279 3930 ι
2302 3915 2320 3944 ‚
2345 3895 2374 3930 2
2392 3915 2409 3942 ,
2432 3887 2615 3949 ponat.
2641 3878 2733 3928 En.

794 3957 933 4013 Illud
984 3959 1190 4014 facilius
1242 3955 1456 4029 quidem
1510 3953 1794 4022 suadetur,
1958 3955 2009 4010 5.
2057 3955 2257 4008 Glossas
2297 3964 2499 4008 vocant.
2543 3953 2736 4006 Fabius
2777 3954 2891 4025 ipse

798 4057 957 4112 quam
976 4050 1262 4091 exercet-ur.
1278 4033 1512 4088 Rationis
1531 4033 1798 4088 modoesse
1882 4035 2188 4110 glossemata
2215 4045 2370 4086 vocat
2395 4051 2553 4086 voces
2581 4033 2756 4084 minus
2784 4033 2894 4082 usi-

798 4119 901 4172 dici
936 4132 1113 4191 potest
1142 4117 1231 4182 id,
1265 4113 1411 4188 quod
1445 4114 1557 4167 sola
1593 4116 1797 4167 ratione
1889 4126 2024 4165 tatas
2047 4111 2151 4163 hoc
2176 4111 2362 4163 eodem
2386 4109 2521 4163 libro
2539 4149 2555 4177 ,
2585 4128 2631 4162 c.
2660 4110 2707 4162 5.
2737 4113 2891 4163 Rom..

795 4198 886 4270 (h.
913 4218 958 4252 e.
984 4201 1039 4251 in
1062 4211 1244 4252 nostro
1270 4194 1484 4268 quidem
1505 4193 1658 4263 loco,
1682 4193 1797 4247 solo
1889 4190 2007 4246 Vid.
2036 4193 2148 4243 Jac.
2180 4190 2402 4265 Spiegel.
2431 4187 2498 4243 ad
2523 4188 2770 4244 Prudent.
