3200 5150
791 514 922 608 276

1359 512 1454 579 M.
1492 510 1722 578 mnu
1757 508 2312 596 Qnm'rltmm

786 638 997 713 verba
1045 656 1454 711 connectere
1473 650 1494 681 ¹
1540 635 1921 735 incipiunt,
1971 656 2051 708 ut
2099 635 2411 735 protinus
2459 632 2878 708 memoriam

786 754 1109 843 firment3
1146 753 1238 825 ita
1264 778 1490 853 quum
1509 750 1664 853 jam
1690 752 1995 822 formam
2026 770 2223 823 rectae
2254 770 2458 849 atque
2493 749 2878 822 emendatoe

786 867 1153 941 orationis²
1197 866 1571 966 accipient,
1621 864 2099 964 extemporalis
2146 863 2539 964 garrulitas,
2587 890 2718 936 nec
2760 889 2878 937 ex-

782 1003 1084 1083 spectata
1120 980 1477 1080 cogitatio,
1529 1001 1596 1052 et
1634 979 1745 1052 vix
1784 979 2112 1080 surgendi
2156 1006 2388 1070 mora,
2428 978 2876 1081 circulatoriae

678 1116 744 1172 ιδ
780 1099 936 1171 vere
949 1094 1384 1200 jactationis³
1410 1116 1529 1169 est.
1556 1096 1743 1168 Hinc
1765 1116 2135 1196 parentum
2157 1094 2642 1195 imperitorum
2665 1094 2876 1166 inane

779 1213 1155 1314 gaudium3
1183 1212 1347 1312 ipsis
1373 1237 1533 1284 vero
1558 1231 1997 1311 contemptus
2020 1211 2278 1310 operis,
2311 1230 2381 1284 et
2409 1209 2878 1283 inverecunda

771 1332 999 1420 frons»,
1026 1350 1094 1401 et
1116 1326 1545 1422 consuetudo
1566 1327 1861 1427 pessime
1888 1326 2198 1417 dicendi,
2224 1347 2290 1399 et
2309 1324 2660 1398 malorum
2685 1351 2875 1398 exer-

772 1444 1002 1518 citatio
1017 1441 1073 1533 4,
1118 1464 1221 1534 et,
1250 1469 1407 1543 quae
1447 1469 1740 1542 magnos
1775 1468 2056 1544 quoque
2093 1443 2443 1542 profectus
2474 1442 2876 1542 frequenter

670 1585 733 1644 ¹7
770 1558 1102 1661 perdidit,
1127 1584 1452 1656 arrogans
1476 1557 1563 1631 de
1585 1585 1658 1632 se
1687 1557 2035 1658 persuasio
2066 1556 2465 1629 innascitur.
2492 1555 2640 1627 Erit
2660 1580 2873 1630 suum

769 1672 1096 1776 parandae
1119 1669 1475 1744 facilitati⁵
1504 1693 1782 1772 tempus
1802 1728 1820 1763 ,
1854 1699 1985 1746 nec
2012 1699 2054 1743 a
2086 1670 2288 1744 nobis
2317 1668 2751 1770 negligenter
2774 1670 2872 1744 lo-

768 1814 895 1863 cus
921 1788 1044 1861 iste
1072 1786 1492 1859 transibitur.
1526 1788 1812 1858 Interim
1843 1788 2002 1857 satis
2030 1808 2166 1876 est,
2194 1786 2250 1856 si
2280 1811 2456 1882 puer
2483 1784 2680 1856 omni
2704 1810 2873 1859 cura

767 1924 838 1977 et
858 1927 1176 1991 summo,
1200 1920 1547 2000 quantum
1578 1919 1736 1971 aetas
1764 1897 1883 1970 illa
1910 1899 2123 1999 capit,
2152 1899 2391 1972 labore
2420 1897 2683 2001 aliquid
2711 1928 2875 2002 pro-

764 2016 999 2091 babile
1032 2015 1418 2116 scripserit:
1454 2014 1529 2086 in
1571 2014 1707 2087 hoc
1745 2035 2121 2104 assuesca13
2156 2013 2370 2115 hujus
2408 2014 2505 2086 rei
2545 2035 2872 2091 naturam

762 2130 898 2207 sibi
929 2131 1172 2204 faciat:
1207 2128 1325 2203 ille
1359 2129 1655 2204 demum
1689 2130 1763 2203 in
1797 2129 1906 2221 id,
1941 2129 2134 2231 quod
2165 2128 2543 2231 quaerimus
2560 2128 2616 2222 ⁶,
2651 2153 2775 2206 aut
2803 2131 2871 2206 ei

759 2321 1062 2394 proscripto
1103 2320 1205 2371 isto
1242 2315 1406 2371 aliud.
1444 2320 1579 2371 Tum
1617 2320 1770 2392 pueri

755 2398 1089 2473 jubebuntur
1118 2401 1191 2450 ita
1224 2399 1484 2464 exerceri,
1514 2398 1769 2469 quamdiu

757 2477 1003 2532 nondum
1022 2490 1247 2551 possunt
1271 2493 1508 2541 πωπω-ος
1529 2478 1686 2530 simul
1705 2495 1767 2531 ac

758 2575 885 2613 vero
905 2560 1019 2632 ejus
1037 2558 1114 2609 rei
1131 2555 1436 2609 facultatem
1456 2555 1635 2629 adepti
1653 2557 1767 2610 fue·

759 2640 898 2703 rint,
932 2638 1204 2688 omittetur
1234 2653 1296 2687 ea
1325 2636 1628 2688 exercitatio
1648 2674 1666 2702 ,
1697 2655 1766 2689 ne

758 2715 914 2769 abeat
933 2717 989 2768 in
1010 2714 1391 2768 eimulatoviam
1400 2715 1762 2788 jactationem.

752 2798 1033 2861 Attamen,
1057 2797 1102 2848 si
1123 2795 1317 2848 idonea
1339 2794 1508 2847 Codd.
1535 2798 1764 2848 auctori-

758 2889 867 2929 tate
893 2874 1284 2942 defenderetur,
1307 2874 1463 2927 facile
1485 2877 1766 2947 unusquis-

759 2972 865 3027 que
914 2957 1268 3026 acquiesceret
1317 2956 1373 3005 in
1420 2967 1649 3025 recepta.
1691 2982 1764 2994 —

757 3034 926 3087 Aliud
943 3033 1089 3087 deest
1105 3051 1317 3106 quoque
1335 3034 1391 3085 in
1404 3034 1510 3086 RR.
1525 3032 1694 3087 codd.
1715 3049 1761 3101 ι,

760 3133 820 3183 a,
845 3114 877 3167 5
903 3128 955 3167 et
977 3115 1137 3167 ΟΜ.
1161 3113 1263 3165 Ed.

835 3209 881 3246 1.
911 3194 1232 3245 connectere.
1255 3189 1428 3244 Guelf.
1453 3200 1667 3243 nectem.

832 3291 881 3326 a.
906 3273 1129 3324 Rectoe...
1154 3271 1415 3323 orationis.
1439 3269 1601 3323 Goth.
1626 3270 1759 3342 (tac.

755 3351 952 3423 Gesn.)
978 3362 1109 3404 reete
1134 3350 1381 3424 loquendi
1406 3361 1563 3423 atque
1583 3369 1763 3402 emen-

757 3432 896 3486 datoe
913 3431 1160 3491 oraoe‘mis
1177 3449 1298 3482 cum
1315 3433 1468 3483 Voss.
1494 3448 1522 3481 a
1534 3468 1552 3496 ,
1569 3428 1761 3500 quibus

758 3510 1022 3564 accedunt
1045 3511 1245 3581 aliquot
1269 3509 1526 3562 editiones
1544 3524 1670 3562 vett.
1689 3538 1763 3551 —

756 3592 821 3645 R.
858 3607 881 3642 ι
910 3605 962 3643 et
987 3592 1308 3643 Cann‘recte
1334 3587 1583 3661 loquendi
1607 3600 1764 3664 atque

757 3668 1058 3723 emendate.
1082 3671 1173 3722 En.

819 3750 881 3802 .3.
924 3748 1053 3801 Vere
1071 3746 1392 3822 jactationis.
1430 3743 1613 3798 Malim
1641 3746 1761 3818 fem

742 3828 1063 3905 jactationis.
1084 3826 1219 3879 Vide
1240 3828 1296 3892 1,
1322 3842 1351 3876 2
1368 3862 1385 3893 ‚
1417 3841 1496 3876 ιο.

829 3907 880 3973 4.
923 3906 1190 3959 Malorum
1232 3922 1391 3956 exerc.
1433 3902 1585 3955 Mala
1626 3901 1680 3955 h.
1719 3904 1754 3957 l.

755 4000 881 4039 sunt
900 3989 1084 4038 vitiose
1099 4023 1118 4051 ,
1144 3982 1395 4054 nullaque
1420 3981 1755 4053 eloquentia,

751 4064 910 4117 dicta.
935 4066 1124 4135 Agitur
1144 4063 1210 4115 de
1229 4064 1352 4114 artis
1372 4061 1625 4133 pravitate
1644 4080 1754 4114 non

751 4143 820 4196 de
839 4146 1024 4210 animi,
1039 4161 1147 4214 quo
1166 4145 1378 4195 nomine
1397 4141 1532 4194 ludit
1550 4144 1606 4193 iu
1623 4141 1756 4194 mali

748 4223 1013 4294 Jocabulo
1041 4226 1224 4276 Horat.
1250 4223 1413 4277 Set-m.
1450 4223 1530 4288 11,
1566 4238 1587 4274 1
1612 4258 1629 4289 ‚
1663 4222 1748 4274 83.

1855 2319 1941 2374 Sic
1963 2319 2041 2388 X,
2071 2336 2126 2386 t,
2157 2335 2283 2389 119,
2308 2339 2332 2364 ι
2350 2317 2484 2370 velle
2506 2318 2707 2390 optima
2727 2342 2785 2381 ιι,-
2811 2332 2868 2374 et

1855 2397 1982 2452 ibid.
2006 2401 2052 2469 S.
2083 2399 2172 2451 131
2189 2438 2207 2466 ,
2238 2421 2259 2445 ι
2280 2397 2496 2450 meliora
2514 2393 2688 2450 bellet.
2712 2423 2735 2446 ιι
2759 2398 2867 2453 Sed

1856 2478 2082 2532 offendit
2106 2477 2253 2551 quod
2273 2479 2487 2551 pessime
2508 2476 2717 2530 dicendi
2735 2497 2866 2531 con—

1852 2560 2067 2615 suetudo
2091 2579 2201 2614 non
2224 2558 2430 2613 videtur
2452 2557 2666 2611 differre
2690 2578 2720 2611 a
2744 2578 2865 2612 ma-

1855 2637 2025 2691 lorum
2044 2638 2407 2691 exercitatione
2414 2676 2432 2703 ,
2454 2655 2617 2709 quare
2637 2636 2862 2692 alterum

1855 2720 2031 2772 omisit
2054 2721 2310 2791 interpres
2333 2717 2585 2771 Gallicus.

1925 2796 1976 2850 5.
1997 2796 2276 2850 Facilitati.
2302 2799 2378 2849 Ita
2398 2815 2507 2849 non
2524 2799 2684 2870 pauci
2703 2797 2862 2853 Codi-

1852 2894 1939 2929 ces
1965 2891 2016 2929 et
2037 2877 2175 2929 forte
2197 2879 2269 2929 ita
2289 2876 2544 2929 dederant
2564 2879 2859 2950 Bipontini,

1852 2973 2014 3027 quare
2049 2956 2236 3027 reliqui
2252 2995 2268 3023 ,
2303 2974 2624 3029 quamquam
2653 2958 2860 3025 Gesne-

1850 3053 1939 3088 rus
1955 3054 2077 3088 cum
2091 3039 2264 3089 Burni.
2284 3051 2336 3090 et
2348 3037 2617 3110 plerisque
2635 3050 2854 3090 recentt.

1839 3114 2096 3188 facultati
2100 3134 2121 3180 ·,
2140 3119 2328 3186 exiguo
2344 3115 2663 3169 discrimine.
2679 3117 2855 3169 Turic.

1851 3206 1905 3246 et
1920 3193 2081 3246 Goth.
2102 3193 2227 3265 (tae.
2247 3193 2433 3267 Gesn.)
2440 3192 2724 3266 facilitatis
2733 3213 2858 3246 cum

1849 3275 2002 3325 Voss.
2046 3289 2074 3324 2
2092 3310 2108 3338 ,
2146 3272 2294 3325 Bodl.
2337 3286 2390 3325 et
2423 3271 2691 3346 plerisque
2731 3273 2854 3327 edd.

1849 3364 1974 3404 vett.
1999 3350 2176 3404 Guelf.
2192 3350 2467 3423 felicitatis
2487 3370 2584 3423 per
2606 3370 2854 3404 errorem.

1848 3459 1923 3470 —
1943 3433 2004 3483 R.
2035 3430 2099 3499 5,
2113 3430 2387 3502 facilitati.
2412 3434 2475 3485 R.
2503 3433 2567 3497 3,
2581 3431 2855 3503 sanititati.

1848 3511 1911 3563 R.
1958 3528 1977 3564 t
2021 3525 2073 3563 et
2107 3512 2298 3577 Cin,
2324 3510 2621 3583 facilitatis.
2660 3514 2749 3565 En.
2782 3536 2858 3552 -—

1850 3589 2109 3641 Parandoe
2119 3588 2393 3662 facultati.
2418 3591 2460 3642 F
2460 3589 2742 3643 acuitatem
2766 3608 2856 3662 ap—

1846 3666 2012 3741 pellat
2034 3669 2228 3721 Fabius
2251 3668 2660 3740 extemporalem
2677 3668 2856 3723 dicen-

1846 3746 1901 3799 di
1927 3747 2264 3814 facilitatem,
2291 3747 2358 3800 de
2387 3765 2492 3819 qua
2513 3762 2631 3819 aget
2654 3747 2743 3800 lib.
2769 3750 2852 3817 X,

1846 3842 1967 3956 0⁸16».
1992 3829 2335 3978 Gn'litdmiiuod
2363 3906 2657 3979 quoerimus.
2690 3906 2848 3959 Sum-

1843 4002 1983 4037 mam
2002 3987 2248 4038 nimirum
2266 3986 2622 4058 eloquentiam
2640 3985 2758 4039 vide
2771 3990 2817 4038 11
2828 4024 2850 4053 ,

1849 4079 1944 4131 ιο,
1968 4064 2018 4131 4.
2043 4066 2112 4116 In
2139 4082 2392 4117 cacumen
2419 4067 2613 4117 montis
2635 4065 2851 4117 evadere

1838 4144 2088 4214 frequens
2105 4144 2323 4197 locutio.
2340 4144 2473 4197 Vide
2489 4144 2752 4198 Drakenb.
2773 4144 2848 4198 ad

1838 4223 1950 4275 Liv.
1973 4225 2061 4291 lv,
2085 4222 2182 4291 34,
2213 4222 2406 4277 avale
2427 4242 2571 4296 supr.
2596 4227 2646 4292 1,
2669 4242 2732 4289 a,
2755 4222 2841 4275 ²6.
