3200 5150
811 475 943 554 240

1377 466 1471 530 M.
1509 464 1740 529 FABII
1777 460 2332 545 QUINTILIANI

815 623 975 668 rum
1003 592 1101 665 vis
1134 612 1234 663 est
1264 588 1455 689 apud
1488 599 1655 660 nos¹
1699 610 2017 684 quoque:
2057 603 2124 657 et
2163 611 2391 683 quum
2419 608 2460 655 c
2493 609 2572 656 ac
2601 581 2914 657 similiter

739 723 777 775 6
811 738 857 810 9
898 735 1040 782 non
1075 705 1480 791 valuerunt,
1524 702 1600 773 in
1646 718 1668 772 t
1710 727 1788 771 ac
1827 700 1915 769 (1²
1957 697 2395 770 molliuntur.
2432 700 2535 771 Ne
2573 697 2727 769 illas
2764 696 2913 796 qui-

815 823 979 897 dem
1023 821 1204 893 circa
1237 847 1268 891 s
1307 818 1606 890 litteram
1646 809 1968 887 delicias³
2011 811 2124 884 hic
2161 812 2486 911 magister
2522 813 2738 902 feret3
2788 838 2917 884 nee

808 984 914 1039 que
937 965 993 1015 in
1013 961 1325 1035 proferendo
1349 957 1618 1011 laboravit.
1644 958 1737 1009 En.
1751 984 1826 995 —-

817 1046 934 1113 Qua
965 1041 1156 1092 Dem...
1195 1037 1462 1090 laboravit.
1498 1038 1683 1089 Cicero
1715 1033 1826 1085 ele-

812 1134 1001 1194 ganter
1018 1119 1086 1172 de
1104 1122 1251 1172 Orat.
1269 1121 1320 1184 l,
1345 1117 1472 1169 260:
1501 1138 1524 1162 α
1537 1120 1729 1169 Deru...
1751 1116 1826 1165 ita

819 1226 843 1249 α
863 1200 1111 1253 balbus...
1136 1211 1198 1249 ut
1222 1201 1336 1269 ejus
1361 1198 1527 1268 ipsius
1553 1198 1678 1247 artis
1696 1233 1713 1261 ,
1738 1195 1827 1246 cui

821 1304 843 1325 u
865 1278 1132 1343 studeret,
1177 1278 1399 1347 primam
1442 1273 1667 1326 litteram
1714 1292 1825 1324 non

822 1382 844 1405 α
863 1371 1045 1431 posset
1068 1356 1260 1407 dicere.
1285 1380 1306 1403 ι
1340 1354 1499 1406 Ludit
1524 1356 1580 1406 in
1610 1372 1674 1405 eo
1690 1391 1707 1419 ,
1734 1354 1825 1423 qui

816 1437 1106 1492 Alcibiadis
1152 1438 1310 1488 etiam
1354 1448 1467 1487 erat
1485 1472 1502 1500 ,
1552 1433 1825 1501 «τραυλισμᾷ

815 1515 1198 1589 Aristophanes
1226 1517 1360 1585 Equ.
1377 1552 1395 1582 ,
1418 1533 1466 1564 v,
1506 1530 1573 1583 79
1588 1551 1606 1577 ‚
1636 1520 1825 1562 mm-

817 1597 906 1649 18·
935 1594 1031 1667 pro
1063 1604 1217 1664 xpum.
1234 1632 1251 1660 ,
1281 1607 1332 1644 et
1359 1596 1520 1663 Vesp.
1552 1591 1619 1658 45
1637 1630 1653 1657 ,
1678 1588 1826 1646 ‘maie

813 1673 1018 1730 eiam.
1039 1673 1174 1726 Vide
1209 1674 1318 1725 Cic.
1353 1671 1423 1724 ad
1453 1673 1569 1724 Div.
1611 1674 1686 1736 11,
1731 1688 1827 1737 ιο,

817 1755 877 1806 H
876 1753 996 1807 illus
1012 1772 1112 1825 pro
1131 1754 1319 1805 Hirrus
1332 1771 1396 1803 ex
1407 1752 1826 1822 ingeniosissima

817 1836 1042 1887 Manutii
1070 1838 1395 1906 conjectura.

896 1931 916 1965 t
928 1953 941 1965 .
967 1913 1022 1967 V
1017 1914 1113 1965 is...
1130 1913 1275 1985 apud
1289 1931 1396 1965 nos.
1414 1914 1614 1964 Natura
1629 1908 1828 1981 (neque

819 2006 996 2044 tamen
1014 2010 1210 2043 nomen
1230 2005 1283 2044 et
1302 1990 1499 2063 figura)
1522 2010 1704 2043 earum
1728 1991 1832 2044 litt.

820 2071 965 2145 apud
990 2072 1205 2124 Latinos
1234 2084 1312 2123 est
1328 2109 1344 2137 ,
1370 2069 1715 2142 quamobrem
1737 2089 1830 2122 ea-

819 2153 940 2204 dem
977 2154 1308 2224 cognationis
1342 2153 1623 2203 occasione
1651 2149 1719 2202 ab
1748 2150 1829 2202 his

821 2251 1036 2305 quoque
1063 2234 1201 2284 inter
1228 2251 1284 2284 se
1311 2244 1692 2303 permutantur.

895 2331 940 2364 2.
972 2315 1067 2365 C...
1095 2312 1196 2364 G...
1223 2310 1278 2361 in
1303 2311 1405 2363 T...
1428 2309 1826 2363 Dmolliuntur.

818 2393 897 2442 Ita
919 2404 1043 2442 vett.
1072 2388 1192 2442 edd.
1218 2407 1390 2459 usque
1414 2388 1483 2441 ad
1505 2387 1828 2462 Gryphium,

819 2472 876 2522 ni
903 2468 1077 2534 fallor,
1104 2486 1262 2538 quam
1290 2470 1607 2539 scripturam
1627 2470 1829 2539 primus

819 2561 901 2613 et,
921 2560 1178 2618 quantum
1197 2546 1382 2613 video,
1401 2545 1547 2600 solus
1565 2549 1831 2600 revocavit

818 2628 949 2683 Obr.
963 2666 980 2693 ,
1002 2646 1166 2697 quum
1184 2630 1358 2680 caeteri
1375 2627 1443 2680 ad
1463 2647 1630 2679 unum
1647 2647 1831 2681 omnes

820 2707 977 2760 dent:
1013 2708 1105 2759 C...
1141 2708 1242 2760 Τ...
1275 2708 1330 2758 in
1363 2708 1466 2760 G...
1497 2708 1550 2759 1>
1576 2706 1831 2759 molliun-

821 2796 919 2837 tur.
946 2783 1078 2836 Cod.
1103 2785 1278 2837 Guelf.
1309 2787 1416 2837 sic:
1452 2804 1502 2858 ,q
1534 2784 1835 2836 ‚valuerunt

820 2866 957 2916 inter
975 2883 1026 2915 a.
1052 2883 1095 2915 c.
1121 2863 1173 2916 d.
1199 2863 1573 2917 dernoliuntur.
1594 2864 1756 2916 Goth.
1774 2883 1827 2937 q.

820 2951 887 2994 n.
907 2942 1186 2994 valuerunt
1212 2942 1267 2992 in
1295 2963 1345 2994 α.
1376 2962 1420 2995 c.
1451 2941 1503 2994 d.
1530 2942 1831 2994 demoliun-

820 3032 922 3073 tur.
945 3023 1123 3074 Turic.
1149 3030 1202 3071 et
1227 3039 1390 3092 quum
1420 3038 1492 3073 eoe
1519 3021 1762 3073 similiter
1775 3040 1829 3094 q.

819 3120 873 3151 n.
900 3119 965 3151 ne
989 3098 1267 3151 valuerunt
1293 3099 1495 3152 intera.
1516 3119 1559 3152 c.
1582 3099 1635 3151 d.
1656 3100 1834 3151 clemo-

818 3179 1037 3232 liuntur.
1078 3181 1355 3249 Apparent
1400 3197 1465 3231 ex
1509 3181 1639 3250 ipsis
1684 3178 1832 3231 hisce

819 3257 1065 3310 sordibus
1084 3275 1216 3308 verae
1236 3259 1505 3329 scripturae
1519 3258 1753 3327 vestig-ia.
1776 3259 1837 3310 Ν

818 3349 943 3409 post
966 3355 1029 3408 q,
1059 3334 1206 3407 quod
1234 3348 1286 3387 et
1315 3339 1368 3389 in
1403 3336 1516 3388 aliis
1550 3350 1629 3389 est
1658 3336 1828 3389 Codd.

820 3433 929 3466 non
954 3413 1187 3466 debebat
1210 3414 1368 3467 scribi
1383 3453 1400 3481 ,
1424 3433 1522 3486 pro
1550 3433 1658 3486 quo
1685 3415 1833 3467 lacu-

821 3513 888 3546 na
917 3507 997 3547 est
1022 3497 1077 3548 in
1104 3491 1280 3545 Guelf.
1311 3493 1461 3558 inter,
1495 3492 1642 3564 quod
1670 3494 1832 3546 habet

818 3573 994 3627 Guelf.
1013 3611 1030 3639 ,
1063 3584 1376 3644 corruptum
1409 3586 1489 3624 est
1521 3573 1576 3623 in
1608 3574 1667 3624 T.
1707 3574 1832 3627 Inde

818 3656 965 3705 vario
980 3690 998 3718 ,
1026 3650 1120 3703 sed
1143 3651 1289 3702 brevi
1311 3669 1498 3703 omnes
1514 3689 1531 3717 ,
1555 3652 1833 3705 intervallo

818 3732 1075 3785 recedunt
1118 3732 1323 3796 ceteri,
1367 3749 1596 3803 quorum
1638 3731 1833 3785 collata

819 3826 900 3866 est
923 3813 1179 3875 varietas,
1205 3809 1375 3862 Codd.
1410 3814 1645 3882 Recepta
1673 3814 1834 3882 igitur

819 3904 901 3944 est
943 3890 1011 3942 ab
1049 3889 1230 3960 aliquo
1269 3892 1399 3942 sexti
1435 3889 1629 3942 decimi
1664 3892 1831 3943 seculi

819 3974 1137 4041 interprete,
1177 3970 1358 4039 potius
1401 3987 1563 4040 quam
1605 3971 1790 4023 critico
1813 4010 1831 4039 ,

820 4050 1107 4120 scripturas
1134 4045 1303 4099 codd.
1334 4045 1514 4118 (quod
1541 4050 1616 4099 ait
1642 4050 1746 4117 Qu.
1776 4051 1831 4117 1,

820 4128 882 4193 6,
906 4126 1004 4198 υ)
1023 4144 1130 4177 non
1153 4126 1446 4179 inveniente
1465 4127 1553 4179 sed
1574 4127 1830 4182 muta‘nte.

817 4208 1009 4278 Neque
1028 4219 1233 4272 tamen,
1248 4208 1485 4277 quamvis
1502 4206 1833 4265 blandiretur

1912 957 2138 1008 mutatio
2154 993 2172 1022 ,
2200 968 2313 1007 erat
2334 954 2417 1008 vel
2447 957 2541 1008 uni
2567 968 2620 1008 et
2645 954 2794 1007 alteri
2814 956 2919 1007 Go-

1913 1034 2019 1087 dici
2056 1034 2337 1087 credenda.
2378 1037 2501 1105 Agit
2536 1036 2643 1103 Qu.
2680 1034 2748 1085 de
2784 1036 2918 1086 vitiis

1914 1117 2047 1180 oris,
2065 1133 2179 1184 quae
2206 1129 2372 1166 rectas
2397 1112 2596 1166 litteras
2622 1131 2811 1164 sonare
2833 1131 2920 1165 ve-

1914 1207 2058 1260 tant,
2087 1194 2387 1267 cujusmodi
2414 1207 2493 1246 est
2518 1213 2683 1266 quum
2705 1195 2749 1245 L
2770 1192 2923 1245 audi·

1914 1288 2002 1327 tur
2040 1294 2140 1346 pro
2182 1278 2242 1327 R.
2288 1276 2412 1347 Ejus
2454 1294 2563 1327 non
2600 1288 2680 1327 est
2717 1273 2885 1326 simile
2903 1313 2922 1343 ,

1917 1372 2078 1426 quum
2103 1355 2146 1405 C
2167 1356 2223 1405 in
2246 1354 2322 1419 G,
2346 1369 2397 1406 et
2419 1355 2465 1406 T
2490 1353 2600 1406 abit
2623 1357 2678 1406 in
2698 1354 2775 1419 D,
2796 1353 2851 1406 h.
2873 1374 2919 1407 e.

1915 1446 2100 1485 tenues
2120 1435 2173 1484 in
2193 1432 2419 1484 mediam
2432 1472 2449 1497 ,
2464 1432 2559 1485 sed
2575 1451 2739 1503 quum
2759 1433 2925 1485 infan-

1916 1524 2029 1563 tum
2055 1531 2203 1564 more
2228 1512 2543 1582 franguntur
2567 1514 2684 1564 soni
2712 1514 2815 1565 isti.
2839 1513 2926 1565 Si-

1916 1591 2113 1643 militer
2140 1594 2197 1644 in
2227 1606 2407 1643 nostra
2443 1596 2701 1664 scriptura
2740 1593 2925 1645 melius

1916 1689 2130 1742 quoque
2155 1670 2335 1722 locum
2358 1684 2553 1736 tuetur,
2576 1671 2706 1723 dum
2730 1671 2928 1742 signifi·

1915 1765 2001 1803 cat
2015 1751 2136 1823 pari
2155 1752 2379 1815 ratione,
2403 1746 2497 1804 arei
2516 1748 2667 1817 λέγω.
2690 1754 2815 1803 Νοιι
2832 1770 2927 1823 pu·

1918 1844 1973 1881 to
2000 1828 2211 1881 obstare
2236 1828 2388 1896 huic,
2413 1848 2573 1900 quam
2594 1829 2925 1898 reducimus,

1917 1907 2086 1961 codd.
2118 1908 2367 1973 lectioni,
2398 1907 2546 1980 quod
2571 1908 2836 1960 Plutarch.
2870 1911 2930 1961 in.

1918 1991 2116 2058 Quaest.
2142 1990 2395 2053 Romam,
2422 2003 2458 2039 t.
2486 1991 2558 2055 11,
2582 2009 2638 2060 p.
2667 2007 2765 2059 277
2786 1992 2851 2041 D.
2873 2000 2930 2041 et

1919 2068 2135 2120 Lucian.
2161 2066 2285 2119 Jud.
2311 2067 2526 2134 Vocal.,
2549 2067 2654 2120 vol.
2680 2067 2850 2139 (Rip.)
2872 2070 2929 2134 1,

1918 2168 1973 2220 p.
2000 2148 2098 2213 63,
2124 2166 2327 2199 errores
2350 2147 2687 2219 permutandi
2709 2150 2752 2199 L
2775 2163 2826 2200 et
2849 2150 2892 2201 R
2908 2186 2927 2215 ,

1918 2231 2151 2298 itemque
2177 2228 2225 2280 G
2248 2241 2301 2280 et
2323 2230 2397 2296 C,
2424 2224 2573 2301 paene
2601 2228 2757 2281 simul
2785 2242 2929 2280 trac-

1921 2321 2050 2359 tant.
2090 2306 2252 2378 Apud
2290 2326 2381 2360 eos
2413 2308 2456 2359 C
2486 2307 2630 2360 subit
2658 2310 2716 2359 in
2746 2306 2929 2359 locum

1892 2387 1997 2443 ,αἷς
2028 2388 2108 2452 G,
2134 2386 2279 2457 quod
2312 2389 2369 2439 in
2400 2400 2584 2439 nostro
2618 2388 2740 2439 loco
2775 2405 2931 2439 secus

1919 2479 1999 2517 est
2014 2504 2031 2532 ,
2060 2478 2113 2517 et
2142 2479 2366 2536 tangunt
2391 2480 2643 2538 praeterea
2667 2466 2926 2518 dialecto-

1919 2564 2036 2598 rum
2082 2548 2548 2618 universarumque
2590 2548 2830 2619 gentium
2872 2547 2932 2598 in

1921 2623 2192 2695 loquendo
2238 2624 2565 2677 differentias
2581 2664 2598 2690 ,
2649 2644 2759 2678 non
2802 2626 2929 2677 vitia

1922 2705 2059 2770 oris,
2096 2704 2372 2755 manifeste
2408 2706 2718 2774 peccantia,
2751 2703 2931 2774 qualia

1919 2795 2045 2835 sunt
2067 2784 2124 2836 in
2148 2796 2328 2835 tenera
2351 2796 2520 2836 aetate.
2545 2813 2619 2824 —-
2635 2787 2697 2836 R.
2725 2800 2772 2848 1,
2796 2800 2854 2848 2,
2874 2795 2937 2835 et

1920 2864 2111 2927 Cin,
2139 2873 2191 2914 et
2216 2880 2380 2935 quum
2408 2882 2492 2915 c...
2522 2883 2586 2916 ac
2612 2862 2852 2915 similiter
2871 2882 2927 2936 9.

1921 2959 1973 2992 n.
1994 2959 2059 2992 ne
2074 2939 2335 2992 valuerint
2348 2940 2401 2992 in
2421 2961 2471 2992 a.
2493 2960 2537 2993 c.
2559 2941 2610 2992 d.
2632 2940 2930 2993 demoliun-

1925 3030 2023 3072 tur.
2049 3023 2119 3072 At
2143 3021 2280 3072 inter·
2297 3040 2347 3072 a.
2378 3039 2423 3071 c.
2451 3020 2811 3073 demoliuntur
2826 3019 2933 3072 ha·-

1920 3098 2013 3150 bet
2048 3101 2110 3150 R.
2157 3116 2211 3165 t,
2251 3117 2280 3150 a
2315 3101 2484 3169 prima
2520 3118 2698 3152 manu.
2736 3101 2830 3151 En.
2860 3126 2933 3140 --

1926 3179 2020 3229 C...
2042 3176 2145 3228 G...
2169 3176 2223 3227 in
2244 3177 2346 3229 T...
2368 3177 2420 3228 D
2436 3177 2769 3230 molliuntur.
2790 3177 2932 3230 Mol-

1922 3256 1985 3308 lis
2009 3255 2099 3308 illa
2123 3270 2201 3309 est
2223 3269 2276 3307 et
2295 3258 2558 3310 infantum
2575 3261 2793 3331 propria
2811 3275 2933 3330 pro-

1923 3336 2228 3400 nunciatio,
2265 3354 2379 3405 que
2418 3353 2518 3407 pro
2561 3355 2684 3388 cura
2727 3347 2931 3403 aarum,

1922 3432 2022 3485 pro
2057 3412 2222 3466 Galba
2249 3412 2472 3465 Dalbam
2502 3413 2647 3466 dicit.
2680 3414 2934 3468 Eamdem

1923 3492 2104 3545 irridet
2138 3494 2403 3546 Lucienus
2440 3496 2495 3546 in
2531 3495 2707 3546 faceto
2750 3493 2929 3547 libello

1926 3572 2035 3624 Δίκη
2070 3570 2353 3638 φακίνων,
2387 3592 2443 3645 p.
2476 3573 2568 3644 (B.
2603 3574 2708 3627 vol.
2742 3573 2801 3645 1)
2832 3574 2935 3643 69,

1922 3653 2017 3707 ubi
2044 3653 2162 3706 vide
2189 3655 2388 3706 Hemst.
2420 3672 2525 3705 non
2556 3653 2869 3717 valuerunt,
2899 3655 2936 3705 i.

1924 3753 1971 3786 e.
1994 3752 2103 3785 non
2116 3737 2264 3806 justo
2284 3731 2480 3785 robore
2496 3732 2651 3786 labiis
2677 3735 2944 3786 exierunt.

1922 3811 2055 3866 Vide
2078 3815 2287 3865 initium
2308 3826 2463 3866 notae.

1995 3893 2045 3944 3.
2073 3893 2215 3943 Circa
2238 3894 2334 3945 S...
2360 3891 2584 3945 delicias.
2605 3894 2765 3946 Juvat
2782 3894 2944 3945 fateri

1922 3973 2273 4040 ignorantiam
2328 3970 2517 4024 harum
2581 3971 2886 4024 deliciarum
2921 4009 2944 4036 ,

1924 4068 2089 4120 quum
2111 4064 2349 4103 veterum
2372 4052 2533 4104 alium
2554 4051 2727 4104 ullum
2756 4052 2946 4104 locum

1922 4131 2017 4182 ubi
2031 4144 2372 4202 tangerentur
2384 4152 2456 4185 eae
2467 4171 2484 4200 ,
2499 4152 2608 4185 non
2626 4135 2937 4186 invenerim.

1921 4209 2098 4269 Simile
2131 4210 2264 4285 quid
2293 4210 2494 4268 habere
2520 4212 2751 4282 videtur,
2781 4229 2947 4285 quem
