3200 5150
665 513 1317 581 msrrrn'rloms
1357 514 1614 582 ORAT.
1656 516 1814 587 ua
1861 518 1925 598 1,
1967 516 2029 582 s.
2267 540 2403 607 207

297 639 558 722 Ennii,
589 638 828 725 Accii,
865 640 1199 725 Pacuvii,
1233 636 1520 724 Lucilii,
1568 640 1954 727 Terentii,
1893 653 1911 683 ¹
1991 640 2289 729 Ccecilii,
2297 663 2396 714 -et

295 749 662 823 aliorum
642 753 848 823 inseri
904 779 1172 842 versus,
1219 778 1503 824 summa
1543 779 1688 823 non
1733 753 2136 825 eruditionis
2178 758 2390 828 modo

294 867 513 964 gratia
529 923 549 955 ,
574 867 695 939 sed
719 869 927 940 etiam
946 867 1402 970 jucunditatis
1426 898 1444 957 ;
1465 894 1690 968 quum
1713 870 1995 966 poeticis
2014 870 2389 969 voluptati-

296 982 427 1059 bus
464 1009 735 1055 auresa
765 985 1023 1057 forensi
1055 984 1412 1083 asperitate
1457 984 1880 1082 respirem2‚
1928 985 2234 1085 quihus-⁹³
2279 1015 2393 1060 ac·
2432 1013 2490 1055 12

289 1094 477 1171 cedit
518 1124 662 1169 non
705 1098 1070 1170 mediocris
1108 1097 1399 1185 utilitas,
1444 1124 1671 1196 quum
1707 1100 2058 1171 sententiis
2103 1128 2385 1192 eorum,

294 1210 483 1282 velut
509 1212 932 1310 quibusdam
959 1213 1365 1285 testimoniis
1386 1267 1405 1300 ,
1441 1239 1595 1310 quae
1630 1240 2088 1312 proposuere,
2129 1217 2409 1287 confir--

291 1345 493 1397 ment
511 1324 565 1397 4.
619 1312 887 1399 Verum
922 1327 1149 1427 priora
1181 1326 1299 1397 illa
1320 1324 1349 1371 ⁵
1395 1327 1481 1397 ad
1515 1352 1767 1424 pueros
1800 1329 2056 1426 magiS,
2106 1330 2251 1403 haec
2287 1358 2391 1403 se-

287 1439 630 1539 quentia⁶
654 1441 742 1513 ad
777 1440 1704 1539 robustiores.pertinebunt;
1745 1468 1969 1539 quum
1993 1445 2390 1541 grammati-

285 1581 407 1631 ces
430 1582 663 1645 amor,
689 1577 757 1628 et
770 1580 935 1628 usus
950 1554 1300 1646 lectioniS,
1332 1581 1476 1626 non
1494 1555 1891 1628 scholarum
1910 1559 2344 1657 temporibus
2366 1616 2385 1648 ,
2488 1636 2495 1641 ,

287 1668 414 1741 sed
445 1669 595 1743 vitae
624 1670 841 1769 spatio
875 1670 1354 1742 terminentur.
1401 1671 1484 1740 In
1518 1669 1957 1768 praelegendo
1988 1673 2390 1768 grammati-
2428 1689 2490 1750 13

287 1811 416 1855 cus
444 1805 512 1856 et
547 1785 664 1857 illa
703 1786 991 1884 quidem
1030 1785 1302 1860 minora
1339 1805 1654 1883 praestare
1682 1783 2009 1874 debebit,
2056 1808 2133 1863 ut
2166 1809 2386 1885 partes

293 1900 617 1971 orationis
657 1901 892 1980 reddi⁷
935 1900 1067 1972 sibi
1099 1900 1324 1972 soluto
1355 1925 1556 1970 versu
1596 1897 1970 1988 desideret,
2013 1921 2081 1970 et
2120 1901 2384 1999 pedum

371 2103 414 2138 1.
455 2088 581 2140 Pac.
617 2087 833 2153 Lucilii,
877 2089 1079 2139 Terent.
1113 2086 1289 2139 Guelf.
1451 2085 1501 2151 4.
1541 2083 1875 2159 Consta—ment.
1911 2091 2063 2140 Voss.
2102 2089 2162 2151 3,
2194 2086 2385 2161 confir-

296 2169 486 2218 emittit
499 2166 704 2218 Lucilii.
721 2166 855 2219 Vide
874 2179 1056 2219 notam
1074 2166 1141 2218 ad
1161 2166 1208 2236 §.
1231 2166 1291 2233 8,
1380 2175 1546 2216 mant.
1585 2167 1667 2217 Ne
1700 2164 1786 2217 hic
1799 2165 2037 2243 quidem
2074 2166 2225 2218 male.
2252 2167 2385 2220 Vide

295 2255 512 2298 veteres..
523 2245 753 2296 ,Latini
1337 2242 1576 2310 'modo‚
1601 2257 1714 2296 not.
1743 2261 1807 2309 2,
1836 2246 2095 2315 respirent.

366 2341 414 2376 2.
435 2325 713 2396 Respirent.
732 2324 907 2377 Guelf.
930 2338 981 2377 et
998 2326 1174 2377 Turio.
1195 2343 1294 2377 res-
1453 2320 1502 2373 5.
1540 2322 1726 2373 Priora
1759 2321 1916 2375 illa...
1923 2323 2075 2374 .hoec
2102 2327 2381 2396 sequentia.

287 2401 481 2474 pimnt.
510 2402 701 2467 Goth„
737 2422 899 2474 quum
931 2405 984 2455 in
1015 2408 1162 2456 'textu
1194 2404 1292 2456 de-

287 2480 456 2535 disset
481 2495 783 2553 receptam,
816 2496 1082 2534 correctus
1111 2484 1250 2534 fuit
1236 2503 1290 2535 m

292 2561 556 2644 respirant.
569 2562 790 2615 Videtur
803 2582 865 2615 ex
880 2562 993 2614 sola
1007 2563 1155 2633 Regii
1168 2581 1294 2614 con-

286 2641 492 2722 jectura
516 2659 631 2694 esse
650 2643 1045 2713 conjunctivus,
1067 2661 1176 2693 non
1196 2644 1295 2694 uti·

293 2737 399 2789 que
429 2722 770 2772 necessarius.
795 2749 867 2759 —-
892 2721 1163 2798 Respirant
1190 2719 1291 2773 ha-

283 2797 554 2850 bentRR.
587 2815 641 2864 ι,
669 2816 732 2864 a,
760 2797 809 2850 6.
841 2791 932 2850 En.
957 2799 1267 2852 ——Aur-es...

291 2875 549 2947 respirent.
576 2875 842 2928 Audacior
865 2876 1168 2944 translatio,
1195 2898 1292 2929 ne-

282 2971 398 3024 -que
441 2971 598 3023 quam
636 2953 791 3006 facile
832 2954 988 3026 apud
1011 2957 1292 3027 scriptores
1335 2969 1338 2976 '

284 3034 562 3097 invenias,
547 3054 560 3067 ·
607 3032 701 3085 sed
749 3034 961 3104 propria
1013 3033 1294 3104 respirandi

292 3113 603 3182 significatio
616 3112 888 3164 obliterata
906 3125 984 3163 est
993 3112 1121 3175 fere3
1107 3126 1294 3165 ·trans-

287 3191 399 3243 lata
442 3206 620 3245 autem
657 3192 861 3246 auribus
901 3209 1115 3263 quoque
1149 3205 1292 3244 recte

293 3270 554 3324 tribuitur.

365 3351 416 3403 3.
447 3352 694 3421 Quibus..
723 3346 1046 3422 confirment.
1076 3346 1292 3401 solitam

291 3428 606 3496 ,Quintiliani
631 3431 1060 3500 perspicuitatem
1087 3426 1295 3479 deside-

289 3525 385 3572 ro,
409 3526 570 3579 quum
587 3511 811 3581 propter
830 3508 1035 3582 quibus,
1059 3525 1158 3580 pro
1185 3525 1292 3577 quo

297 3583 486 3638 clarius
508 3587 695 3639 fuisset
716 3606 852 3659 quo‚·
877 3585 1093 3659 pluralis
1122 3587 1261 3638 enim
1275 3623 1295 3652 ‚

295 3675 378 3713 tot
431 3663 861 3717 antecedentibus
915 3664 1251 3717 substantivis
1275 3701 1294 3730 ‚

300 3759 405 3812 quo
428 3743 734 3795 referendus
759 3746 851 3810 sit,
870 3763 980 3796 non
1004 3745 1178 3796 statim
1201 3761 1295 3815 ap·

295 3821 478 3894 pa‘ret3
505 3824 731 3894 pertinet
759 3837 964 3889 autem,
992 3826 1094 3876 nisi
1118 3822 1294 3890 fallor,

298 3899 364 3952 ad
395 3923 418 3946 οι
439 3900 784 3972 voluptatibus
802 3924 823 3948 n
841 3939 857 3965 ‚
881 3900 963 3952 vel
985 3900 1056 3952 ad
1084 3922 1107 3948 α
1125 3900 1296 3952 enidi—

302 4002 326 4026 κ
347 3980 553 4033 ttunts
558 3978 908 4052 jucunditatis
925 4003 947 4027 a·
970 3999 985 4029 .-
1011 3991 1120 4030 tnm
1138 3998 1296 4051 prop-

295 4071 377 4112 ter
411 4056 747 4132 confirment,
784 4059 840 4110 in
877 4075 983 4127 quo
1017 4057 1293 4111 obscurius

298 4151 377 4190 est
401 4137 710 4211 subjectum.
736 4135 1102 4206 intelliguntur
1118 4150 1294 4192 autem

296 4216 482 4280 Cicero
497 4254 513 4285 ‚
534 4217 748 4270 Asinius
770 4227 823 4269 et
844 4215 1040 4268 centeni.

1335 2412 1338 2417 “
1380 2400 1514 2453 Vide
1536 2415 1719 2453 notam
1744 2400 1810 2453 ad
1832 2403 2113 2473 sequentia.

1452 2479 1501 2531 6.
1527 2481 1824 2552 Sequentia.
1845 2480 2020 2533 Guelf:
2044 2483 2382 2553 sequentiora.

1379 2561 1572 2612 Fateor
1603 2579 1924 2633 magnopere
1952 2560 2078 2613 mihi
2107 2560 2386 2634 displicere

1380 2651 1554 2691 totum
1580 2638 1688 2691 hoc
1714 2640 1976 2712 sequentia
1991 2662 2009 2701 ‚·
2042 2660 2216 2711 neque
2245 2644 2387 2695 enim

1382 2720 1693 2789 sequuntur,
1714 2736 1828 2788 quae
1845 2718 2115 2788 intelligit,
2140 2719 2233 2771 sed
2256 2739 2384 2791 prae-

1381 2810 1668 2849 cesserunt.
1682 2798 1818 2848 Novi
1833 2795 2080 2866 equidem
2091 2810 2383 2870 sequentem

1381 2875 1487 2926 dici
1522 2894 1621 2946 pro
1657 2874 1878 2926 secundo
1897 2912 1914 2938 ,
1950 2876 2253 2945 posteriore,
2290 2877 2384 2928 sed

1383 2955 1566 3024 quanti
1597 2953 1810 3004 tandem
1838 2953 2099 3005 referebat
2125 2954 2249 3006 addi
2279 2955 2384 3008 hoc

1379 3030 1435 3083 h.
1464 3031 1535 3082 L?
1561 3033 1746 3084 Dicam
1772 3030 1916 3101 quod
1939 3034 2126 3084 sentio.
2152 3033 2235 3086 Ad
2259 3034 2382 3100 illa,

1378 3109 1543 3182 paulo
1573 3123 1728 3175 ante,
1756 3110 1958 3161 allitum
1986 3124 2118 3181 puto
2142 3129 2172 3162 a
2196 3131 2382 3164 recen-

1381 3191 1514 3240 tiore
1547 3187 1780 3259 quodam
1807 3189 2009 3260 priora,
2041 3189 2108 3240 ad
2136 3189 2273 3255 hoec,
2302 3210 2381 3243 se-

1380 3268 1591 3340 quentia
1619 3305 1637 3333 ,
1698 3269 2143 3337 interpretationis
2189 3287 2379 3324 causa.

1380 3349 1639 3399 Neutrum
1653 3349 1793 3398 enim
1803 3345 2083 3398 desideres.
2096 3347 2265 3399 codd.
2274 3351 2386 3419 qui-

1380 3425 1501 3477 dem
1550 3424 1683 3476 nulli
1733 3423 2001 3496 adjuvant.
2052 3425 2159 3478 Illa
2204 3441 2383 3480 autem

1383 3517 1536 3570 sunt,
1561 3523 1675 3576 quae
1698 3503 1766 3556 de
1789 3504 2023 3575 legendis
2050 3508 2222 3578 poetis
2246 3528 2381 3580 prae-
2422 3523 2427 3530 '

1381 3598 1626 3656 ceperat3
1666 3583 1803 3648 hoec,
1841 3602 1954 3655 quse
1990 3583 2058 3637 de
2095 3588 2383 3641 inserendis

1382 3682 1567 3716 eorum
1587 3662 1827 3716 versibus
1856 3679 2168 3717 narraverat.

1455 3760 1506 3814 7.
1536 3744 1716 3794 Partes
1745 3743 1991 3796 orationis
2022 3745 2178 3796 reddi.
2214 3747 2383 3817 Hujus
2413 3761 2417 3766 ·

1383 3825 1457 3876 rei
1503 3821 1803 3893 exemplum
1844 3820 2100 3875 babemus
2140 3827 2197 3875 in
2246 3826 2384 3876 Pris-

1384 3903 1522 3953 ciani
1568 3923 1592 3946 α
1617 3900 1989 3953 Partitionibus
2024 3920 2271 3952 versuum
2305 3920 2383 3956 111

1389 4003 1411 4027 ι
1431 3978 1682 4033 AEneidos
1695 3979 2065 4051 principalium
2080 4004 2127 4044 a,
2142 3979 2235 4032 nbi
2254 3999 2385 4033 sem-

1381 4077 1478 4132 per
1500 4059 1721 4109 recurrit
1743 4056 1854 4108 haec
1878 4059 2108 4127 magistri
2133 4063 2349 4130 quaestio
2365 4100 2383 4129 ,

1388 4160 1412 4183 a
1433 4149 1564 4207 quot
1595 4149 1773 4207 partes
1807 4139 2057 4189 orationis
2092 4137 2253 4191 habet
2283 4142 2382 4193 iste

1390 4239 1412 4263 ι
1430 4233 1611 4276 versus
1631 4234 1759 4282 ην.
1787 4233 1865 4278 c..
1890 4234 1941 4289 p.
1976 4218 2135 4284 1218,
2159 4232 2212 4271 et
2232 4218 2380 4276 dein.-
