3200 5150
846 488 974 569 442
1409 489 1502 553 M.
1541 486 1773 553 FABn
1810 486 2368 571 Qnm‘rlmAm

740 619 801 671 ¹3
837 608 1270 710 providentia
1301 610 1645 684 mundus?
1675 608 1874 701 Quin
1903 610 2112 682 etiam
2144 608 2215 680 in
2252 609 2368 698 iis,
2401 634 2557 708 quae
2589 608 2677 681 ad
2705 635 2933 709 perso-

838 750 1008 797 nam
1052 727 1472 817 referuntur,
1513 747 1594 799 ut
1640 753 1785 799 non
1828 746 1930 799 est
1976 724 2136 797 satis
2181 725 2581 825 generalem
2628 745 2931 798 tractasse

835 840 1330 940 quaestionem,
1373 841 1469 914 ita
1509 842 1854 942 perveniri
1895 841 1986 913 ad
2026 840 2370 941 speciem,
2414 840 2549 913 nisi
2589 837 2709 912 illa
2750 840 2931 939 prius

833 978 1148 1046 excussa,
1179 982 1324 1030 non
1356 979 1616 1057 potest3
1654 982 1821 1031 nam
1860 955 2253 1058 quomodo,
2290 958 2409 1029 An
2439 954 2569 1029 sibi
2594 982 2779 1029 uxor
2805 956 2931 1027 du·-

831 1074 1048 1144 cenda
1083 1078 1203 1160 sit,
1242 1070 1655 1146 deliberabit
1692 1075 1900 1163 Cato,
1941 1072 2076 1145 nisi
2120 1071 2499 1145 constiterit
2534 1096 2776 1144 uxores
2810 1095 2939 1143 esse

829 1187 1230 1260 ducendas?
1281 1209 1351 1261 et
1393 1188 1799 1288 quomodo,
1847 1192 1965 1263 An
2011 1190 2258 1261 ducere
2306 1184 2659 1261 Marciam
2707 1184 2939 1259 debeat

731 1310 790 1378 ¹4
829 1319 1243 1403 quaeretur¹,
1279 1304 1414 1378 nisi
1452 1307 1699 1379 Catoni
1734 1308 2049 1380 ducenda
2084 1330 2272 1380 uxor
2301 1304 2447 1377 est?
2485 1305 2667 1377 Sunt
2700 1324 2934 1376 tamen

719 2357 779 2412 25

827 1419 1134 1519 inscripti
1152 1421 1444 1494 nomine
1464 1423 1914 1522 Hermagorae
1937 1422 2095 1495 libri
2110 1479 2129 1513 ,
2148 1422 2274 1523 qui
2298 1421 2722 1494 confirment
2740 1418 2933 1491 illam

827 1535 1237 1639 opinionem
1251 1550 1308 1628 ²,
1332 1537 1472 1610 sive
1489 1539 1705 1611 falsus
1728 1559 1830 1612 est
1846 1538 2116 1630 tituluS,
2142 1539 2281 1610 sive
2306 1536 2483 1609 alius
2501 1536 2617 1608 hic
2639 1536 2938 1607 Herma—

829 1677 1026 1748 goras
1048 1652 1215 1740 fuit;
1248 1680 1417 1726 nam
1442 1652 1760 1756 ejusdem
1786 1680 1932 1727 esse
1956 1652 2318 1754 quomodo
2345 1672 2670 1751 possunt,
2702 1648 2934 1750 quide

823 1766 955 1839 hac
994 1787 1135 1839 arte
1174 1765 1583 1841 mirabiliter
1621 1768 1845 1840 multa
1880 1767 2314 1867 composuit,
2339 1792 2606 1865 quum,
2645 1764 2824 1837 sicut
2853 1790 2939 1835 ex

823 1880 1181 1953 Ciceronis
1200 1907 1485 1982 quoque
1506 1882 1845 1955 rhetorico
1860 1880 1890 1926 ³
1914 1882 2145 1983 primo
2164 1880 2620 1954 manifestum
2641 1899 2778 1967 est,
2798 1905 2943 1950 ma-

823 1994 1066 2067 teriam
1104 1994 1471 2069 rhetorices
1506 1996 1582 2070 in
1614 1993 1820 2071 theses
1852 2019 1921 2070 et.
1956 2024 2196 2072 causas
2229 1994 2576 2069 diviserit?
2608 1994 2800 2094 quod
2834 2020 2943 2066 re-

821 2110 1193 2209 prehendit
1215 2112 1493 2202 Cicero,
1526 2138 1609 2185 ac
1636 2112 1864 2186 thesin
1896 2110 2076 2185 nihil
2104 2112 2193 2185 ad
2218 2131 2562 2185 oratorem
2589 2108 2939 2209 pertinere

819 2225 1210 2317 contendit,
1243 2247 1617 2328 totumque
1647 2228 1779 2300 hoc
1814 2254 2037 2327 genus
2065 2226 2463 2328 quaestionis
2497 2224 2587 2297 ad
2621 2223 2939 2324 philoso-

820 2341 998 2441 phos
1021 2343 1246 2415 refert.
1278 2343 1415 2415 Sed
1443 2371 1559 2415 me
1594 2343 1910 2416 liberavit
1934 2340 2451 2444 respondendi4
2477 2339 2902 2413 verecundia
2918 2396 2939 2428 ,

815 2551 869 2592 et
891 2536 1010 2591 edd.
1033 2538 1089 2589 in
1113 2550 1238 2611 post
1256 2556 1364 2591 non
1387 2541 1628 2593 inserunt
1650 2550 1703 2593 et
1725 2539 1826 2595 eis-
1913 2558 2063 2594 mum
2089 2539 2320 2604 bonum,
2344 2552 2407 2592 ut
2432 2539 2490 2591 in
2514 2536 2689 2609 operis
2712 2535 2940 2589 Cicero-

813 2617 930 2670 dem
950 2617 1080 2670 dant
1096 2636 1195 2691 pro
1216 2620 1485 2692 ejusmodi.
1502 2623 1825 2692 Praepostere
1914 2623 2061 2674 niani
2082 2621 2428 2692 inscriptione
2441 2658 2458 2685 ,
2481 2617 2546 2670 de
2568 2615 2795 2669 finibus.

815 2697 952 2751 Alm.
978 2711 1102 2748 cum
1117 2697 1295 2750 Tur-ic.
1322 2697 1468 2753 utilis
1487 2718 1586 2773 pro
1610 2710 1672 2751 ut
1691 2699 1823 2761 illis,-
1993 2700 2373 2770 1.Quoeretur...
2395 2709 2483 2750 est.
2504 2696 2677 2750 Guelf.
2702 2712 2945 2768 quen-m·

811 2775 963 2846 (vide
981 2773 1140 2829 Drak.
1164 2776 1233 2830 ad
1250 2779 1358 2830 Liv.
1380 2780 1553 2846 XXII,
1577 2778 1673 2846 50,
1701 2779 1751 2850 ι)
1771 2793 1824 2833 et
1915 2788 2054 2830 tur...
2078 2787 2225 2844 esset,
2251 2779 2424 2845 solus,
2446 2775 2594 2849 quod
2614 2777 2793 2827 sciam.
2818 2777 2940 2827 Ma-

809 2857 1023 2928 quoestio
1044 2875 1143 2929 pro
1167 2857 1547 2930 quaestt'onibus.
1577 2860 1713 2911 Alm.
1744 2859 1822 2909 εἰ·
1910 2856 1989 2923 le,
2009 2858 2107 2910 etsi
2126 2873 2251 2910 cum
2269 2857 2447 2929 aliqua
2467 2856 2655 2907 erroris
2674 2867 2943 2907 constan—

809 2934 927 2987 ἄρηι
938 2975 956 3001 ,
978 2936 1072 2989 sed
1085 2937 1194 2990 hoe
1205 2938 1382 2990 Turio.
1403 2939 1656 3011 imposito
1676 2955 1821 2990 com·
1911 2937 2003 2989 tia.

809 3014 1009 3086 pendio
1034 3015 1246 3090 syllaba
1277 3036 1336 3071 us
1360 3016 1460 3089 (9).
1490 3018 1717 3072 Defendi
1739 3020 1820 3070 vi—
1985 3033 2031 3068 α.
2054 3014 2219 3067 Illam
2239 3015 2558 3087 opinionem.
2583 3015 2705 3084 Qua
2725 3014 2795 3066 ab
2820 3033 2942 3066 ora-

810 3093 966 3146 detnr
998 3109 1215 3168 recepta
1248 3115 1278 3148 a
1311 3095 1477 3149 tribus
1508 3098 1820 3150 Britannicis
1909 3095 2041 3146 toris
2061 3111 2225 3166 opere
2246 3107 2591 3165 segregantur
2603 3094 2937 3166 quaestione.

809 3186 863 3226 et
884 3175 1039 3226 Voss.
1073 3192 1118 3226 1.
1141 3177 1480 3228 verissimam
1503 3175 1664 3229 credo
1680 3214 1697 3244 ,
1722 3194 1819 3229 ne-
1906 3173 2045 3227 vido
2067 3174 2141 3241 11,
2169 3191 2256 3241 21,
2282 3189 2366 3226 22.

813 3271 916 3325 que
946 3255 1117 3326 ipsam
1149 3256 1578 3327 praepo'sitionem
1611 3256 1667 3306 in
1694 3267 1820 3328 post
1980 3250 2523 3306 &Rhetoricofluelfi
2538 3250 2789 3303 rhetorice
2804 3269 2942 3304 curn

810 3350 918 3382 non
942 3350 974 3384 a
997 3334 1178 3402 Quint.
1206 3335 1463 3407 positam,
1487 3336 1575 3386 cui
1596 3351 1818 3406 respon·
1906 3329 2104 3400 Goth.,
2149 3349 2308 3404 quem
2353 3331 2490 3384 falso
2536 3344 2715 3383 narrat
2756 3330 2938 3384 Gesn-

808 3409 971 3479 disset
990 3411 1152 3465 astera
1169 3425 1293 3465 ante
1312 3412 1432 3466 illis.
1451 3443 1524 3453 —
1547 3413 1815 3466 occurri...
1906 3409 2033 3467 dare
2063 3412 2357 3477 rhetoricoe,
2393 3412 2491 3465 etsi
2523 3410 2629 3463 hoc
2656 3410 2837 3464 voluit
2871 3412 2942 3464 li-

811 3500 873 3541 αι
902 3487 1023 3543 illis.
1057 3492 1195 3544 Cave
1223 3492 1417 3545 referas
1448 3502 1511 3543 ut
1534 3490 1603 3544 ad
1627 3492 1716 3544 sic.
1750 3491 1822 3545 Ut
1905 3491 2140 3560 brar-ius,
2164 3495 2207 3545 si
2232 3490 2480 3545 consulto
2506 3493 2740 3563 scripsit;
2766 3491 2938 3543 male.

809 3581 887 3621 est
910 3586 1010 3639 pro
1039 3568 1228 3634 veluti,
1253 3569 1480 3643 exempli
1497 3571 1686 3644 qratia.
1717 3572 1819 3624 Oc-
1906 3602 1979 3613 —
1995 3569 2170 3625 Editio
2191 3571 2460 3648 Campana
2484 3573 2732 3643 princeps
2761 3571 2946 3623 rheto-

805 3648 946 3700 curri
972 3648 1247 3719 quoestiom‘
1266 3647 1321 3700 h.
1347 3648 1382 3700 l.
1410 3662 1490 3702 est
1513 3649 1821 3722 impuqnan'
1906 3652 2134 3705 vicorum
2152 3651 2342 3724 primo.
2365 3653 2543 3704 En.-
2562 3651 2706 3705 Cic..
2694 3653 2939 3723 ..primo

806 3744 950 3792 eam,
974 3725 1302 3798 reprehendi,
1328 3746 1397 3779 ne
1421 3727 1557 3781 forte
1582 3731 1700 3800 quis
1724 3745 1816 3780 ac·
1904 3731 2109 3786 Delnv.
2124 3735 2168 3800 1,
2181 3732 2233 3784 6.
2236 3730 2374 3785 Vide
2388 3745 2440 3784 et
2454 3734 2632 3785 Nostr.
2646 3733 2712 3797 11,
2729 3748 2763 3782 2
2780 3748 2829 3798 t,
2844 3749 2941 3784 21.

806 3806 969 3877 cipiat
1005 3804 1326 3877 responderi,
1367 3806 1512 3879 quod
1548 3806 1815 3860 interdum
1976 3811 2027 3878 4.
2050 3809 2427 3883 Res-pendendi.
2447 3810 2624 3863 Guelf.
2649 3810 2947 3882 repa-hen·

805 3884 953 3958 apud
997 3888 1252 3939 Nostrum
1299 3895 1512 3959 quoque
1556 3886 1817 3960 significat
1903 3890 2063 3944 ciendi
2095 3909 2219 3944 cum
2250 3890 2413 3945 Goth.
2442 3875 2761 3963 aliquotque
2791 3911 2949 3965 pra*-

807 3983 1079 4019 occurrere.
1113 3969 1286 4037 «Qua
1314 3980 1612 4039 sequuntur
1643 3985 1814 4039 quaes-
1902 3985 2046 4025 terea
2072 3970 2242 4025 Codd.
2273 3984 2327 4024 et
2354 3968 2475 4023 edd.
2505 3985 2633 4042 post
2659 3970 2947 4038 Badium,

813 4048 1027 4098 «tiones
1055 4066 1126 4099 eae
1155 4065 1266 4100 non
1290 4060 1413 4101 sunt
1436 4045 1728 4120 ejusmodi,
1754 4059 1814 4099 ut
1906 4053 1997 4122 qui
2040 4052 2241 4123 primus
2284 4049 2460 4115 dedit,
2498 4048 2789 4100 omnibus·
2773 4071 2789 4112 3
2835 4069 2950 4102 ex—

813 4127 1062 4196 ·possint
1085 4115 1273 4179 eodem
1296 4140 1608 4197 argumento
1633 4143 1815 4200 super·
1903 4132 2071 4203 ceptis
2117 4125 2351 4183 secunda
2398 4125 2589 4181 Aldina
2640 4128 2822 4181 Colin.
2882 4143 2953 4181 et

815 4223 1034 4258 tvacuae
1066 4205 1337 4260 ostendin-
1372 4236 1444 4250 --
1469 4207 1627 4262 fluis.
1662 4208 1815 4262 Smn-
1903 4208 2157 4265 Obrecht.
2185 4248 2204 4278 ,
2261 4207 2611 4263 retinentibus
2678 4223 2953 4262 nostram
