3200 5150
802 487 931 569 460

1364 488 1458 552 M.
1498 488 1724 554 FABn
1761 488 2315 573 QUINTILIANI

802 611 1032 683 omnis
1068 613 1352 710 quaestio
1387 640 1401 684 :
1432 627 1650 699 οὐσίαν,
1686 641 1901 712 quam
1931 614 2238 686 Flavius¹
2277 621 2625 688 essentiam
2656 636 2899 703 vocat;

802 751 1033 824 neque
1056 752 1219 797 sane
1244 726 1435 799 aliud
1464 748 1564 799 est
1586 727 1737 828 ejus
1760 755 2022 801 nomen
2048 729 2377 801 Latinum
2397 787 2416 819 ‚
2448 730 2569 801 sed
2593 756 2675 801 ea
2697 755 2897 828 quae-

804 839 1037 928 ritur²;
1064 841 1180 911 An
1203 841 1330 914 sit?
1356 841 1802 936 Qualitatem,
1828 842 2029 942 cujus
2054 864 2328 941 apertus
2353 842 2741 916 intellectus
2762 862 2895 931 est;

808 953 1303 1048 Quantitatem,
1335 982 1490 1055 quae
1514 956 1881 1055 dupliciter
1902 984 1941 1028 a
1970 956 2501 1057 posterioribus-‘³
2532 957 2748 1029 divisa
2775 977 2899 1048 est,

809 1067 1037 1162 Quam
1061 1096 1417 1175 moqnnm,
1441 1093 1537 1159 et,
1564 1072 1790 1167 Quam
1806 1074 2094 1145 multum
2111 1073 2241 1145 sit?
2258 1073 2378 1144 Ad
2392 1073 2686 1173 aliquid,
2709 1072 2900 1144 unde

703 1194 787 1283 24·
806 1183 1027 1256 ductae
1049 1183 1442 1258 translati04
1463 1206 1533 1259 et
1554 1194 1995 1287 comparatio.
2019 1190 2181 1261 Post
2207 1187 2353 1261 haec
2385 1186 2550 1273 Ubi,
2578 1208 2645 1258 et
2671 1186 2903 1281 Quan-

807 1353 1052 1419 totelem‚
1069 1353 1136 1406 de
1159 1354 1422 1408 rhetorica
1445 1375 1717 1422 securum,
1737 1355 1811 1410 di·

806 1434 1062 1486 visionem
1083 1433 1222 1487 hanc
1244 1434 1312 1487 ad
1337 1435 1667 1490 subtiliorem
1683 1454 1812 1510 pro-

807 1512 1082 1583 priamque
1121 1512 1457 1586 pbilosophis
1492 1514 1813 1588 disputatio·

809 1610 931 1643 nem
954 1610 1305 1664 comparasse.

889 1685 932 1720 1.
954 1668 1322 1725 flaviusNide
1341 1675 1415 1738 Π,
1436 1673 1527 1741 ι4,
1549 1690 1596 1725 a.
1613 1674 1811 1726 Tarvis.

812 1747 924 1801 sola
950 1763 1071 1802 ante
1093 1749 1218 1803 Bad.
1246 1752 1444 1804 recedit
1467 1753 1535 1805 ab
1564 1753 1656 1805 illo
1683 1755 1814 1805 Jen-

813 1830 1042 1881 sonianae
1066 1830 1149 1881 ed.
1177 1846 1442 1884 monstro:
1469 1832 1654 1899 Plato,
1680 1852 1816 1905 pra}-

812 1909 987 1961 ferens
1013 1908 1236 1963 Plautus
1257 1910 1406 1980 (vide
1423 1915 1472 1981 s.
1494 1930 1556 1983 9,
1578 1913 1817 1965 obtinen-

815 1989 941 2040 dum
952 1989 990 2060 ).
1016 1990 1100 2042 Sic
1125 2005 1178 2042 et
1199 1993 1374 2045 Turic.
1398 2023 1472 2033 —
1496 1995 1602 2046 RB.
1638 2010 1684 2060 1,
1708 1992 1740 2046 5
1766 2006 1819 2046 et

815 2068 975 2120 Cam.
1007 2067 1243 2122 Plautus.
1275 2072 1367 2123 En.

890 2165 938 2200 2.
968 2147 1070 2202 Sed
1099 2168 1160 2200 ea
1182 2151 1443 2222 quaeritur.
1468 2149 1644 2203 Guelf.
1671 2152 1822 2202 omit·

818 2228 881 2278 tit
901 2246 994 2289 ea,
1026 2228 1197 2293 solus,
1220 2242 1372 2299 puto.
1397 2259 1469 2269 —
1490 2230 1644 2282 Sed...
1676 2246 1821 2301 quoe-

819 2304 963 2356 ritur.
989 2305 1091 2357 Sed
1112 2309 1323 2378 respicit
1349 2306 1414 2359 ad
1437 2326 1586 2372 sane,
1613 2320 1665 2359 et
1688 2309 1824 2359 inest

815 2386 975 2436 tacita
996 2387 1334 2454 significatio,
1354 2406 1497 2440 nunc
1512 2406 1623 2440 non
1638 2387 1693 2438 id
1712 2388 1793 2456 agi
1806 2424 1823 2454 ,

820 2462 1092 2532 quomodo
1122 2462 1281 2517 latine
1306 2468 1474 2536 possit
1501 2467 1632 2517 verti
1660 2463 1820 2524 odoia,

821 2540 915 2592 sed
938 2542 1040 2593 vim
1064 2543 1233 2632 ipsam
1260 2545 1404 2595 vocis
1432 2546 1585 2615 eique
1615 2541 1826 2615 subjec-

820 2632 926 2671 tam
946 2621 1217 2672 materiam
1236 2623 1471 2684 metari3
1491 2624 1705 2673 inservit
1724 2623 1826 2673 ita·

822 2716 925 2768 que
944 2709 998 2750 et
1015 2697 1102 2750 hic
1122 2702 1374 2764 orationi,
1391 2718 1504 2771 quae
1523 2698 1828 2772 parenthesi

819 2776 960 2828 illa«
938 2794 1177 2848 uquam..
1186 2738 1511 2831 .Latirium·
1489 2781 1828 2849 ninterrupta

820 2856 954 2922 fuit,
985 2856 1371 2910 continuandae.
1397 2856 1530 2909 Vide
1563 2859 1724 2909 Heus.
1760 2855 1827 2907 ad

821 2934 930 2985 Cic.
957 2935 1066 2994 Off.
1093 2938 1141 3002 Ι,
1173 2953 1218 3000 ι,
1243 2936 1293 2988 3.
1318 2937 1397 2987 De
1421 2935 1598 2988 Flavio
1623 2934 1741 2988 vide
1765 2934 1830 2986 li-

823 3010 978 3065 brum
1001 3016 1074 3079 11,
1097 3032 1215 3086 cap.
1248 3014 1339 3080 ι4,
1362 3015 1410 3081 s.
1446 3031 1492 3064 2.

895 3094 944 3146 3.
978 3094 1273 3167 Dupliciter
1298 3115 1331 3147 α
1356 3094 1727 3167 posterioribus.
1762 3094 1830 3145 ni

827 3174 1073 3226 undecim
1091 3177 1248 3245 igitur
1265 3174 1524 3227 elementa
1544 3174 1832 3226 constitue·

825 3265 949 3304 runt
968 3290 985 3318 ‚
1022 3252 1294 3323 duplicato
1331 3254 1486 3305 unius
1524 3250 1832 3325 quantitatis

826 3349 1062 3382 numero.
1085 3332 1199 3382 Nisi
1218 3333 1356 3383 enim
1374 3330 1606 3383 diversas
1627 3342 1834 3398 catego-

827 3412 930 3462 rias
953 3412 1191 3463 fecerunt
1211 3430 1372 3484 quam
1398 3429 1647 3483 maynum
1669 3407 1835 3480 (enal-

829 3492 926 3561 ιον)
945 3505 999 3543 et
1019 3511 1178 3565 quam
1199 3492 1425 3544 multum
1446 3488 1620 3561 (οοόοι
1635 3491 1833 3557 V11‚4‚

839 3570 957 3642 16),
994 3590 1103 3623 uon
1135 3571 1289 3623 video
1324 3569 1452 3643 quid
1483 3570 1733 3622 differant
1765 3570 1832 3621 ab

831 3653 948 3720 ipso
966 3649 1278 3714 Aristotele,
1295 3653 1386 3720 qui
1405 3649 1515 3701 haec
1536 3649 1723 3701 docet.
1743 3642 1836 3701 Τοῦ

832 3725 884 3783 J‘s'
904 3724 1061 3780 οσόου
1080 3724 1136 3781 «ιδ
1150 3726 1237 3793 μίν
1258 3729 1357 3779 ὅστε
1380 3728 1505 3792 &nupt
1491 3747 1682 3793 sepnor
1706 3729 1761 3779 τὸ
1786 3707 1839 3778 ἡ

834 3806 1076 3873 minxit...
1102 3807 1226 3873 ὣορι
1212 3804 1404 3873 καμίνου,
1426 3800 1511 3859 οἷον
1533 3807 1607 3875 cipe
1593 3802 1738 3871 nopae,
1757 3803 1839 3857 u.)

832 3882 984 3951 λόγος·
1011 3882 1196 3951 συιιχᾶς
1218 3885 1285 3947 ἃ,
1308 3905 1394 3938 osor
1416 3880 1637 3953 γραμμαὶ,
1665 3881 1839 3945 διηρεί-

834 3983 896 4018 m
897 3985 932 4015 a
937 3965 1128 4030 ,oi-”fam
1151 3967 1284 4018 Catt.
1302 3984 1348 4018 c.
1367 3964 1417 4032 4.
1435 3966 1541 4032 Qui
1555 3965 1688 4028 sint,
1706 3982 1839 4034 quos

835 4043 1070 4113 appellat
1087 4045 1410 4115 posteriores,
1437 4046 1645 4114 ignoro.
1666 4042 1842 4095 Theo-

836 4122 1112 4195 phrastus,
1131 4124 1381 4191 Phanias,
1400 4124 1668 4177 Eudemus
1686 4125 1841 4176 Cate-

838 4201 1010 4269 gorias
1023 4204 1344 4273 scripserunt
1351 4216 1476 4276 post
1484 4201 1836 4257 Aristotelem.

1968 1356 2018 1424 4.
2055 1354 2364 1409 Tmnslatio.
2396 1357 2479 1409 Sic
2507 1354 2683 1408 Guelf.
2712 1367 2766 1406 et
2791 1356 2903 1406 Τιι-

1896 1436 1988 1487 ric.
2015 1453 2137 1486 cum
2160 1433 2305 1486 libris
2331 1447 2383 1485 et
2401 1436 2607 1505 scriptis
2629 1447 2680 1485 et
2699 1435 2905 1485 excusis

1900 1512 2145 1565 omnibus
2156 1550 2173 1577 ‚
2186 1525 2321 1584 puto
2332 1550 2350 1578 ‚
2365 1523 2552 1584 praeter
2564 1511 2726 1564 Goth.
2746 1514 2906 1565 Gesn.

1902 1594 2098 1663 quique
2120 1591 2265 1644 hunc
2291 1604 2659 1663 expresserunt
2678 1592 2911 1662 Biponti-

1902 1689 2018 1723 uos.
2049 1672 2115 1721 Hi
2144 1672 2286 1722 enim
2312 1684 2417 1723 tres
2440 1690 2453 1720 τ
2490 1669 2686 1722 relatio.
2714 1670 2913 1721 Nititur

1903 1752 1975 1803 ita
2002 1752 2260 1822 scriptura
2291 1749 2407 1802 solo
2440 1748 2691 1802 Gotbano
2726 1750 2814 1800 cui
2845 1766 2912 1800 ne

1904 1834 2055 1883 Voss.
2084 1829 2297 1902 quidem
2326 1848 2353 1881 2
2378 1828 2432 1881 h.
2460 1828 2494 1881 Ι.
2522 1827 2745 1881 accedit.
2775 1828 2911 1881 Ges·

1905 1927 2096 1975 nerus,
2128 1926 2404 1960 numerum
2449 1919 2503 1959 et
2542 1908 2913 1958 auctoritatem

1906 1987 2281 2056 refragantium
2304 1983 2437 2037 nihil
2460 1998 2693 2036 moratus
2710 2022 2727 2049 ‚
2752 1984 2913 2055 paulo

1906 2065 2127 2119 calidius
2151 2088 2174 2112 ι
2192 2065 2464 2117 translatio
2486 2088 2508 2111 ι
2533 2065 2707 2135 inquit
2727 2063 2793 2115 al.
2819 2080 2917 2115 nos

1907 2148 2177 2217 sequimur
2220 2145 2525 2197 Gothanum
2578 2156 2631 2194 et
2676 2141 2917 2194 scholam

1915 2223 2317 2276 «Aristotelis»
2341 2220 2504 2291 Quod
2528 2223 2593 2273 sit
2616 2220 2919 2291 praesidium

1911 2305 1965 2354 in
2000 2300 2176 2354 schola
2213 2299 2530 2363 Aristotelis,
2565 2301 2679 2369 ipse
2710 2296 2915 2349 viderit.

1912 2381 2137 2447 Saltem,
2162 2379 2324 2432 modo
2348 2382 2424 2444 si,
2451 2396 2550 2449 pro
2574 2377 2693 2429 his:
2733 2376 2924 2446 Quali-

1914 2470 2106 2512 tatem..
2114 2459 2538 2530 .Quantitatem,
2556 2471 2656 2509 etc.
2670 2456 2927 2527 ‚legisset

1913 2541 1967 2592 in
1985 2500 2144 2592 Gotli.
2165 2538 2248 2591 vel
2269 2539 2455 2609 quo'vis
2479 2535 2644 2589 libro.
2676 2534 2923 2606 ·‚Quale

1920 2618 2105 2671 «unde
2124 2618 2284 2670 ducta
2305 2607 2588 2690 qualitas...
2617 2617 2926 2686 Quantum,

1921 2696 2107 2749 «unde
2123 2697 2462 2769 quantitas,-
2440 2694 2633 2747 ·illic0
2653 2696 2931 2786 rejecisset

1915 2790 2023 2829 tam
2042 2778 2252 2829 inanem
2270 2774 2677 2848 appendiculam
2688 2813 2706 2841 ‚
2725 2777 2769 2825 si
2786 2774 2931 2825 bene

1915 2858 2041 2909 novi
2067 2860 2181 2928 ejus
2209 2852 2557 2908 stomachum.
2588 2856 2749 2924 Atqui
2786 2852 2936 2904 idem

1914 2938 2077 3006 frigus
2098 2938 2247 2988 estin
2267 2948 2450 2987 nostro
2469 2934 2593 2986 loco
2605 2973 2621 3000 ,
2640 2937 2688 2986 si
2702 2933 2935 3004 legimus

1916 3016 2111 3068 relatio.
2135 3015 2280 3084 Quid
2304 3016 2443 3067 enim
2464 3013 2535 3065 ad
2552 3012 2759 3086 aliquid
2784 3011 2937 3064 aliud

1915 3098 2017 3148 nisi
2041 3094 2255 3147 relatio?
2270 3097 2395 3148 Non
2421 3112 2545 3164 ergo
2568 3093 2787 3144 ducitur
2806 3091 2937 3145 inde

1918 3175 2131 3240 relatio,
2163 3175 2256 3228 sed
2283 3178 2399 3247 ipsa
2427 3186 2513 3228 est.
2544 3176 2723 3243 Quum
2756 3175 2940 3225 omnis

1919 3256 2031 3308 haec
2071 3257 2444 3328 cateqoriarum
2486 3256 2941 3306 commemoratio

1921 3336 2011 3388 fiat
2030 3354 2059 3387 a
2074 3336 2255 3403 Quint.
2272 3333 2544 3386 rhetoricae
2556 3371 2573 3398 ‚
2588 3351 2699 3384 non
2712 3331 2909 3402 logicas
2924 3369 2946 3397 ,

1920 3417 2113 3485 gratia,
2144 3413 2200 3465 id
2231 3415 2473 3484 protinus
2502 3415 2640 3483 agit,
2669 3424 2729 3463 ut
2762 3429 2946 3483 appa-

1922 3506 2060 3559 reat,
2081 3491 2272 3563 quibus
2292 3494 2514 3544 maxime
2532 3490 2699 3542 causis
2715 3508 2949 3542 accom-

1924 3572 2138 3623 modata
2162 3573 2227 3622 sit
2252 3588 2474 3642 queque
2492 3572 2781 3639 categoria.
2802 3570 2949 3621 Rec-

1924 3653 2120 3703 tissime
2154 3662 2330 3701 autem
2361 3651 2585 3721 Capper.
2621 3648 2837 3718 ablegat
2872 3647 2949 3700 ad

1924 3729 2129 3794 locum,
2146 3746 2301 3799 quem
2318 3726 2585 3800 designavi
2604 3729 2661 3778 in
2682 3745 2793 3779 sec.
2814 3745 2953 3799 par-

1928 3821 1979 3859 te
2007 3820 2160 3858 notae.
2186 3805 2346 3858 Goth.
2377 3807 2535 3876 igitur
2562 3804 2810 3857 librarius
2838 3804 2954 3856 ali-

1929 3887 2065 3958 quid
2093 3904 2154 3940 ex
2190 3888 2403 3957 ingenio
2436 3885 2641 3937 videtur
2672 3901 2913 3935 novasse
2934 3921 2953 3948 ,

1927 3965 2029 4017 levi
2065 3966 2240 4036 specie
2278 3977 2485 4028 motus,
2520 3981 2636 4034 quse
2671 3975 2725 4013 et
2765 3964 2955 4034 ipsun

1927 4044 2217 4095 Gesuerum
2240 4041 2507 4094 ludificata
2537 4053 2633 4093 est.
2664 4042 2829 4092 Recte
2858 4039 2955 4090 lb·

1929 4139 2051 4172 eum
2092 4132 2269 4173 tuetur
2308 4119 2520 4183 relatio,
2554 4120 2709 4183 vm,
2750 4119 2817 4184 4,
2858 4133 2957 4174 τι..

1929 4200 2060 4254 nihil
2081 4200 2402 4254 variantibus
2426 4198 2552 4252 libb.
2583 4228 2659 4241 -
2689 4197 2957 4252 Transla-
