3200 5150
851 463 979 530 256

1417 461 1509 526 M.
1548 459 1774 526 FABII
1811 461 2368 544 QUINTILIANI

853 613 979 658 sua
1020 584 1328 674 minora,
1376 583 1805 682 despiciunt,
1845 602 1912 654 et
1952 582 2027 654 hi
2074 609 2218 654 non
2260 583 2418 654 satis
2455 585 2782 674 credunt,
2814 611 2923 659 ex·

854 700 1150 799 cepisse,
1179 727 1333 799 quae
1370 697 1605 770 relicta
1630 719 1825 770 erant
1860 699 2040 797 (quo
2078 697 2368 770 nomine
2407 699 2623 797 gratia
2657 727 2924 800 quoque

855 815 971 885 iis¹
1024 836 1123 886 est
1159 813 1561 909 habenda),
1605 812 1726 884 sed
1766 812 1855 883 ad
1897 813 2400 911 prosopopoeias
2441 842 2699 913 usque,
2743 837 2811 887 et
2851 817 2929 888 ad

854 930 1190 1000 suasorias
1210 942 1264 1017 2,
1303 929 1376 999 in
1414 927 1669 1027 quibus
1710 953 1887 997 onus
1926 927 2201 999 dicendi
2235 927 2341 1000 vel
2378 929 2770 1000 maximum
2806 951 2929 1017 est,

783 1063 817 1114 3
854 1041 1319 1143 irrumpunt3.
1367 1043 1553 1114 Hinc
1595 1069 1758 1140 ergo
1801 1042 2083 1131 accidit,
2132 1065 2242 1134 ut,
2276 1070 2431 1142 quae
2470 1043 2748 1116 alterius
2790 1044 2932 1115 artis

850 1159 1078 1257 prima
1126 1178 1321 1228 erant
1369 1183 1617 1255 opera,
1669 1159 1848 1228 facta
1897 1157 2036 1228 sint
2084 1156 2362 1229 alterius
2409 1158 2830 1230 novissima:
2874 1179 2934 1231 et

853 1292 1048 1359 aeoeS,
1094 1269 1449 1342 altioribus
1480 1269 1634 1370 jam
1679 1270 2056 1369 disciplinis
2101 1271 2365 1362 debita,
2403 1274 2475 1343 in
2521 1272 2760 1344 schola
2805 1272 2931 1344 mi-

854 1413 1022 1458 nore
1055 1381 1473 1473 subsideat4,
1504 1412 1582 1457 ac
1619 1385 2000 1457 rhetoricen
2027 1386 2217 1484 apud
2245 1386 2734 1486 grammaticos
2765 1414 2932 1459 exer·

856 1521 1024 1573 ceat.
1060 1502 1198 1587 lta,
1225 1500 1415 1599 quod
1443 1520 1542 1570 est
1565 1500 1869 1572 maxime
1900 1501 2276 1573 ridiculum
2295 1557 2315 1590 ,
2351 1527 2495 1573 non
2525 1523 2683 1575 ante
2714 1504 2806 1574 ad
2834 1503 2934 1574 de·

858 1618 1209 1690 clamandi
1262 1618 1671 1716 magistrum
1731 1619 2108 1691 mittendus
2154 1619 2424 1692 videtur
2479 1648 2686 1721 puer,
2729 1648 2932 1721 quam

785 1749 821 1815 4
860 1733 1246 1805 declamare
1257 1732 1411 1832 jam
1436 1732 1667 1804 scia15.
1693 1737 1832 1805 Nos
1854 1762 2065 1806 suum
2094 1736 2346 1834 cuique
2373 1737 2782 1834 professioni
2805 1764 2936 1808 mo-

859 1850 1031 1944 dum
1063 1847 1331 1919 demus.
1370 1851 1454 1918 Et
1486 1850 1933 1948 grammatice
1955 1906 1975 1940 ‚
2005 1879 2218 1950 quam
2256 1852 2330 1922 in
2365 1853 2690 1924 Latinum
2721 1874 2937 1924 trans-

856 1968 1191 2053 ferentes,
1242 1965 1693 2037 litteraturam
1740 1965 2238 2055 vocaveruntss,
2293 1969 2467 2040 fines
2515 1995 2674 2039 suos
2731 1969 2938 2055 norit,

859 2080 1233 2179 praesertim
1263 2102 1535 2151 tantum
1564 2081 1654 2151 ab
1684 2080 1813 2152 hac
1844 2081 2323 2181 appellationis
2350 2110 2491 2155 suae
2521 2105 2942 2182 paupertate,

860 2196 1038 2266 intra
1072 2222 1285 2292 quam
1321 2195 1530 2293 primi
1564 2196 1665 2266 illi
1699 2198 2095 2285 constitere,
2132 2218 2487 2296 provecta:
2526 2224 2706 2268 nam.
2731 2197 2942 2269 tenuis

861 2337 902 2382 a
924 2312 1157 2398 fonte,
1195 2310 1562 2408 assumptis
1596 2333 1962 2409 poetarum
1996 2313 2623 2412 historicorumque
2656 2312 2945 2399 viribus,

940 2470 984 2503 1.
1016 2453 1230 2521 Quoque
1254 2450 1327 2501 iis.
1354 2452 1428 2501 Ita
1448 2450 1610 2502 Goth.
1636 2451 1864 2521 (tacente

862 2529 1063 2601 Gesn.).
1089 2530 1269 2581 Caeteri
1294 2547 1379 2600 qu.
1408 2528 1509 2595 his,
1543 2532 1714 2583 minus
1743 2545 1865 2604 apte

864 2612 968 2663 hoc
994 2609 1203 2681 quidem
1229 2609 1367 2659 loco.

940 2706 987 2741 2.
1031 2691 1243 2759 Prosop.
1288 2708 1445 2761 usque
1482 2700 1534 2739 et
1565 2689 1637 2740 ad
1675 2708 1864 2742 suasor.

865 2769 1038 2823 Guelf.
1080 2782 1129 2820 et
1164 2771 1339 2819 Turio.
1370 2786 1572 2839 prosop.
1610 2787 1767 2839 usque
1798 2769 1868 2818 ad

863 2868 992 2902 suas.
1017 2845 1308 2899 omittendo
1328 2857 1380 2896 et
1397 2860 1516 2917 post
1536 2866 1720 2919 usque,
1745 2864 1864 2896 cum

865 2933 1018 2981 Voss.
1038 2926 1283 2978 omnibus
1298 2939 1349 2977 et
1365 2927 1512 2977 Bern.
1532 2940 1581 2976 et
1597 2924 1717 2976 Ald.
1740 2924 1867 2977 Inde

866 3027 976 3061 non
992 3007 1125 3057 maie
1136 3004 1341 3056 videtur
1355 3005 1596 3056 effecisse
1613 3023 1789 3075 usque,
1805 3024 1868 3055 ac

868 3086 1186 3151 Obrechtus.,
1203 3102 1364 3155 quum
1383 3082 1636 3133 salebrosi
1654 3081 1778 3152 quid
1796 3084 1869 3132 in-

870 3168 935 3216 sit
958 3166 1019 3215 iis
1039 3186 1049 3214 :
1076 3163 1199 3213 ad...
1221 3172 1269 3212 et
1287 3162 1355 3211 ad
1367 3200 1381 3225 ‚
1404 3164 1457 3212 in
1479 3160 1636 3213 rebus
1657 3179 1871 3231 praeser-

868 3245 962 3295 tim
998 3261 1105 3292 non
1150 3239 1284 3291 adeo
1327 3240 1558 3291 diversis.
1597 3242 1690 3290 Est
1733 3240 1871 3289 euim

866 3320 1217 3393 prosopopoeia
1267 3320 1467 3388 species
1507 3318 1868 3369 suasoriarum.

870 3431 942 3442 -—
977 3401 1168 3471 Usque,
1200 3409 1251 3447 et
1275 3398 1359 3448 ad.
1386 3401 1461 3448 lta
1484 3396 1652 3447 Codd.
1678 3400 1784 3448 BR.
1820 3414 1836 3446 1
1855 3434 1872 3462 ‚

876 3502 922 3536 2.
951 3512 1024 3522 —
1051 3480 1449 3551 Pmsopopoeias.
1488 3482 1678 3529 Earum
1716 3492 1872 3529 natu-

872 3581 983 3616 ram
1009 3572 1212 3612 enarrat
1236 3562 1307 3623 n,
1334 3560 1382 3610 8.
1404 3558 1536 3609 Vide
1560 3572 1730 3609 notas.

945 3642 993 3692 3.
1029 3641 1351 3709 Irrumpuut.
1382 3638 1638 3708 Apposite
1664 3636 1872 3701 iocum,

872 3719 997 3771 huic*
1025 3719 1132 3769 fere
1160 3718 1460 3785 geminum,
1491 3716 1759 3767 Ciceronis
1792 3715 1874 3765 af-

874 3802 975 3851 fert
1005 3798 1297 3857 Gesner-us,
1333 3792 1455 3857 ubi,
1493 3806 1549 3843 ut
1581 3791 1668 3843 hic
1699 3810 1874 3862 gram-

873 3879 1050 3930 matici
1067 3915 1081 3941 ,
1106 3877 1177 3926 ita
1201 3872 1507 3945 philosophi
1531 3872 1779 3924 dicuntur
1802 3872 1874 3922 ir·-

872 3956 1062 4026 rupr'see
1092 3956 1146 4003 in
1181 3965 1449 4002 oratorum
1479 3951 1869 4022 patrimonium.

875 4037 953 4087 De
977 4036 1121 4083 Orat.
1148 4032 1213 4081 ΠΙ
1231 4069 1247 4095 ,
1274 4048 1356 4100 27.

948 4111 997 4178 4.
1046 4111 1324 4164 Subsident.
1375 4108 1549 4162 Guelf.
1599 4122 1652 4160 et
1695 4110 1870 4160 Turio.

874 4191 1125 4256 subsidat,
1159 4208 1283 4245 cum
1313 4203 1393 4242 tot
1425 4188 1555 4246 aliis.
1578 4218 1654 4232 -·-
1673 4190 1781 4244 ΒΗ.
1819 4205 1874 4256 1,

1958 2470 2018 2520 2,
2054 2453 2118 2522 5,
2156 2457 2353 2521 Canum,
2387 2452 2625 2507 subsidat.
2663 2453 2774 2505 Atii
2803 2451 2948 2505 subsi-

1953 2534 2087 2586 deat.
2121 2537 2211 2587 Eu.

2034 2615 2083 2666 5.
2112 2614 2252 2666 Decl.
2265 2617 2385 2686 jam
2409 2632 2473 2666 sc.
2505 2612 2679 2665 Guelf.
2709 2627 2764 2664 et
2785 2614 2946 2665 Turic.

1957 2695 2204 2744 omittunt
2203 2696 2325 2764 jam
2341 2710 2462 2743 cum
2478 2691 2584 2743 Bal.
2603 2690 2754 2743 Bodl.
2770 2693 2949 2742 Joann.

1955 2777 2106 2825 Voss.
2134 2774 2195 2836 3,
2221 2771 2357 2823 Alm.
2385 2785 2438 2823 et
2461 2771 2663 2840 aliquot
2687 2786 2815 2822 vett.
2842 2769 2948 2819 edd.

1958 2869 2087 2920 quas
2115 2852 2349 2902 imitatus
2379 2862 2457 2902 est
2483 2849 2612 2902 Obr.
2632 2887 2648 2915 ‚
2681 2868 2796 2900 non
2831 2846 2952 2899 male

1954 2930 2214 3002 profecto.
2242 2932 2506 2983 Omissum
2531 2928 2677 2980 malit
2705 2940 2760 2979 et
2790 2926 2951 2979 Loch-

1955 3026 2212 3073 mannus,
2245 3007 2316 3057 ob
2352 3025 2542 3059 sonum
2572 3008 2862 3058 insuavem.
2890 3032 2953 3044 --

1957 3088 2077 3136 Jum
2107 3087 2364 3136 omittitur
2388 3102 2601 3155 quoque
2627 3086 2680 3136 in
2706 3087 2816 3136 BR.
2845 3102 2888 3147 ι,
2910 3082 2952 3135 5.

2031 3163 2080 3214 6.
2117 3164 2342 3232 Quum...
2375 3174 2702 3213 vocaverunt.
2739 3164 2794 3215 Si
2827 3174 2955 3213 recte

1959 3244 2276 3312 interpretor
2299 3259 2466 3292 uncos
2488 3259 2518 3292 a
2537 3242 2777 3293 Gesner-o
2799 3258 2958 3312 appo-

1962 3324 2123 3387 sitos,
2152 3321 2384 3373 diversos
2414 3340 2506 3373 eos
2531 3326 2570 3373 ε’
2585 3324 2751 3391 signis
2780 3339 2959 3393 paren-

1962 3399 2173 3451 theseos
2190 3439 2206 3465 ‚
2231 3399 2434 3451 diffisus
2457 3399 2547 3451 ille
2576 3413 2654 3452 est
2686 3398 2959 3473 appendici

1960 3479 2085 3530 huic
2110 3478 2500 3551 etymologiae,
2526 3496 2682 3549 quam
2710 3482 2960 3531 rationem

1959 3557 2152 3629 probat
2182 3556 2555 3608 Loehmaunus
2583 3558 2764 3627 Progr.
2806 3574 2959 3627 1790,

1960 3657 2015 3709 p.
2051 3638 2099 3703 4.
2140 3636 2241 3688 sed
2271 3655 2392 3687 mox
2421 3636 2653 3687 ostendit
2681 3640 2790 3704 Qu.
2809 3674 2828 3701 ‚
2859 3629 2976 3706 ipsa⁸

1969 3740 1991 3762 ιι
2010 3715 2377 3787 appellationis
2395 3726 2703 3787 paupertate
2720 3739 2745 3761 ιο
2779 3716 2960 3784 signifi·

1963 3799 2070 3848 cari
2090 3815 2246 3866 quam
2272 3799 2506 3865 angustis
2527 3794 2783 3846 limitibus
2804 3793 2965 3845 couti-

1963 3888 2147 3926 neatur
2180 3874 2289 3924 hwc
2318 3893 2432 3939 ars,
2462 3891 2576 3942 quae
2607 3872 2809 3924 litteras
2835 3870 2962 3922 soh·

1963 3968 2165 4005 tractet.
2193 3956 2307 4004 Hoc
2332 3955 2472 4004 enim
2493 3954 2676 4004 Graeeo
2697 3969 2962 4023 qmmma-

1964 4032 2081 4083 tices
2102 4031 2394 4097 vocabulo,
2418 4033 2505 4082 cui
2529 4034 2787 4099 majorem
2812 4030 2965 4099 signi-

1914 4148 1926 4157 .
1962 4111 2220 4163 ficationis
2237 4109 2490 4161 ambitum
2505 4108 2736 4160 tribuere
2751 4125 2967 4159 consue·

1961 4202 2145 4243 verant
2162 4191 2314 4243 Rom.
2327 4226 2345 4259 ,
2362 4206 2474 4241 non
2491 4206 2638 4260 oeque
2658 4186 2963 4261 appareba-
