3200 5150
651 470 1586 540 INS‘I'ITUTIONIS‘ORAT.
1627 474 1786 539 LIB.
1826 476 1887 553 Ι,
1939 496 2034 540 12.
2252 480 2379 565 249

295 600 652 700 'quidque¹
692 620 831 671 arte
871 598 1130 697 optime
1173 598 1444 670 faciant.
1485 601 1570 669 Et
1600 600 1966 698 patientior
1997 620 2096 670 est
2128 600 2382 672 laboris
2423 621 2489 657 1⁰

310 737 552 787 natura
591 713 856 813 pueris,
897 738 1112 813 quam
1140 712 1555 812 juvenibus:
1593 713 1941 803 videlicet,
1987 734 2063 786 ut
2099 742 2387 813 corpora

307 827 678 901 infantium
714 855 842 899 nec
879 854 1111 918 casuS,
1147 853 1286 926 quo
1327 828 1398 898 in
1437 848 1687 899 terram
1724 830 1916 900 toties
1956 829 2386 918 deferuntur,

305 963 444 1015 tam
478 943 767 1042 graviter
794 942 1074 1039 affligit,
1117 969 1245 1013 nec
1277 941 1397 1013 illa
1429 969 1553 1040 per
1586 965 1937 1022 manuffet
1973 970 2205 1043 genua
2239 970 2392 1042 rep-

309 1058 508 1146 tatio,
552 1085 682 1129 nec
720 1078 872 1156 post
912 1057 1116 1127 breve
1158 1077 1432 1155 tempus
1472 1056 1783 1128 continui
1819 1057 2046 1146 lusus,
2087 1080 2155 1130 et
2190 1058 2395 1129 totius

309 1174 442 1247 diei
476 1175 861 1262 discursuS,
897 1174 1062 1271 quia
1094 1174 1367 1271 pondus
1403 1173 1534 1244 illis
1561 1174 1789 1263 abest‘,
1824 1202 1950 1246 nec
1979 1201 2048 1245 se
2083 1173 2212 1273 ipsi
2245 1200 2398 1271 gra-

303 1310 503 1377 vant3
553 1290 648 1360 sic
697 1288 916 1360 animi
959 1315 1282 1388 quoque,
1326 1288 1572 1377 credo,
1623 1289 1787 1387 quia
1830 1289 2095 1359 minore
2142 1306 2396 1361 conatu

309 1424 699 1490 moventur,
735 1429 865 1473 nec
901 1429 1026 1474 suo
1062 1404 1218 1475 nisu
1252 1401 1491 1475 studiis
1526 1403 1883 1492 insistunt,
1921 1404 2041 1475 sed
2078 1404 2398 1474 forman-

313 1516 435 1588 dos
464 1543 535 1587 se
564 1518 1054 1588 tantummodo
1089 1538 1443 1616 praestant,
1480 1545 1623 1589 non
1658 1517 1970 1588 similiter
2001 1517 2394 1615 fatigantur.

307 1634 673 1719 Praeterea,
708 1632 1100 1702 secundum
1131 1632 1339 1704 aliam
1367 1632 1576 1703 aetatis
1607 1631 1789 1702 illius
1824 1630 2252 1718 facilitatem,
2277 1658 2399 1703 ve-

304 1746 409 1818 lut
453 1746 839 1844 simplicius
877 1747 1199 1817 docentes
1238 1768 1650 1845 sequuntur,
1688 1774 1815 1819 nec
1850 1774 2003 1846 quae
2037 1746 2189 1846 jam
2235 1772 2400 1845 ege-

311 1861 480 1949 rint,
526 1861 930 1933 metiuntur.
968 1861 1181 1933 Abest
1222 1860 1355 1931 illis
1398 1860 1605 1933 etiam
1646 1862 1874 1933 adhuc
1917 1860 2170 1933 laboris
2200 1860 2403 1961 judi-

308 1975 537 2047 cium:
573 2003 814 2075 porro,
850 1995 927 2046 ut
958 1976 1357 2073 frequenter
1384 1976 1640 2074 experti
1675 2002 1952 2065 sumus,
1990 1977 2223 2047 minus
2251 1977 2407 2047 affi-

314 2090 406 2161 cit
435 2115 675 2161 sensus
708 2089 1050 2187 fatigatio,
1090 2117 1305 2187 quam
1345 2090 1663 2188 cogitatio
1683 2103 1735 2161 ².
1777 2090 1910 2162 Sed
1954 2117 2042 2162 ne
2078 2089 2406 2188 temporis

314 2204 597 2304 quidem
633 2230 950 2301 unquam
987 2204 1144 2302 plus
1180 2205 1306 2275 erit
1328 2262 1347 2294 ,
1383 2205 1547 2303 quia
1581 2204 1688 2274 his
1727 2204 2036 2275 aetatibus
2071 2203 2301 2274 omnis
2334 2204 2405 2276 in

312 2320 663 2391 audiendo
684 2320 1032 2417 profectus
1055 2340 1174 2390 est.
1199 2319 1449 2409 Quum
1471 2319 1559 2390 ad
1579 2318 1836 2416 stylum
1857 2318 2157 2406 secedet,
2182 2346 2408 2416 quum

313 2434 666 2533 generabit
700 2433 844 2531 ipse
885 2433 1150 2532 aliquid
1194 2453 1399 2530 atque
1439 2453 1850 2531 componet3
1891 2453 2042 2503 tum
2081 2432 2407 2504 inchoare

312 2547 458 2621 baec
493 2548 718 2620 studia
741 2547 848 2621 vel
883 2575 1028 2620 non
1053 2547 1354 2636 vacabit,
1376 2547 1483 2620 vel
1513 2575 1658 2620 non
1686 2546 1948 2619 libebit.
1976 2549 2158 2646 Ergo
2183 2572 2408 2646 quum

316 2663 809 2763 grammaticus
839 2684 1062 2735 totum
1098 2662 1286 2734 diem
1321 2689 1662 2761 occupare
1688 2689 1832 2734 non
1858 2662 2103 2761 possit,
2134 2689 2262 2734 nec
2293 2662 2411 2735 de-

312 2777 472 2848 beat
489 2832 507 2865 ,
537 2803 627 2848 ne
658 2776 977 2848 discentis
1002 2776 1324 2849 animum
1349 2775 1550 2848 taedio
1579 2797 1871 2862 avertat;
1900 2777 2156 2875 quibus
2182 2776 2408 2874 potius

312 2890 554 2962 studiis
604 2890 748 2963 haec
800 2911 1201 2989 temporum
1248 2891 1437 2963 velut
1485 2889 1886 2964 subseciva3
1940 2891 2410 2963 donabimus?

311 3077 415 3130 vol.
442 3082 508 3143 V,
532 3079 643 3149 Bip.
674 3096 727 3148 p.
766 3077 891 3144 143,
912 3073 992 3130 τὺ
1018 3075 1132 3145 etp}
1157 3079 1320 3130 ταῦτα

312 3154 578 3222 φιλοτιμίαν
609 3152 912 3223 ἀπειρόκαλόν
939 3175 995 3225 σς
1026 3154 1106 3206 καὶ
1140 3155 1321 3221 ὀψιμα-

313 3235 425 3287 θῗ...
463 3238 615 3301 offam·
655 3228 783 3289 οἷναι.
822 3238 1070 3288 Horatius
1105 3254 1320 3308 quoque

313 3327 392 3369 est
424 3316 688 3381 imitatus,
718 3315 823 3368 Sat.
858 3316 938 3382 X,
974 3333 1031 3368 21
1058 3338 1069 3366 ε
1113 3338 1134 3361 ι
1160 3317 1206 3368 Ο
1225 3315 1323 3367 seri

321 3415 345 3439 a
366 3394 692 3446 studiorum!
716 3419 738 3441 a

395 3489 439 3524 1.
464 3474 531 3523 In
550 3490 641 3524 sua
665 3471 906 3544 quidque.
932 3474 995 3524 R.
1020 3472 1152 3523 Cod.
1184 3490 1203 3524 1
1228 3471 1321 3524 ha-

316 3547 410 3600 bet
438 3550 492 3600 in
521 3570 613 3602 sua
647 3569 869 3623 quaque.
909 3552 1103 3602 Nescio
1143 3569 1322 3603 annon

322 3628 524 3680 melius.
552 3634 642 3682 En.

393 3725 439 3758 2.
468 3709 780 3781 Fatigatio...
806 3710 1065 3782 cogitatio.
1093 3710 1261 3763 Video
1292 3730 1322 3762 a

315 3784 631 3856 quibusdam
651 3805 837 3858 parurn
857 3788 1090 3858 intelligi.
1119 3789 1322 3861 Coqita-

316 3865 391 3915 tio
415 3877 494 3915 est
518 3868 631 3935 ejus
646 3903 663 3931 ,
688 3867 778 3934 qui
803 3867 917 3935 ipse
941 3865 1140 3937 aliquid
1165 3885 1323 3918 cxco-

316 3945 483 4014 gitat;
513 3943 765 4015 fatigatio
802 3947 948 4014 ejus,
986 3949 1076 4015 qui
1112 3948 1323 3999 nonnisi

316 4022 567 4074 mandata
586 4022 815 4094 peragit,
835 4023 942 4073 sive
959 4041 1203 4094 corpore,
1218 4027 1323 4077 sive

321 4116 512 4155 mente.

395 4183 445 4234 3.
470 4181 753 4237 Subseciva.
778 4181 953 4235 Guelf.
978 4181 1208 4235 subit-ina
1221 4220 1239 4249 ,
1269 4184 1326 4236 in

1403 3096 1514 3149 'qua
1530 3076 1828 3149 corruptela
1843 3077 1967 3129 latet
1981 3088 2216 3146 recepta,
2233 3094 2410 3146 quam-

1410 3174 1569 3227 quam
1603 3156 1868 3225 vulgatam
1899 3153 2146 3205 vocabuli
2182 3155 2410 3225 scriptu-

1408 3252 1518 3285 ram
1534 3253 1710 3286 veram
1724 3252 1832 3284 non
1848 3246 1980 3304 puto
1992 3270 2008 3298 ,
2030 3231 2121 3284 sed
2137 3232 2406 3297 succisiva,

1411 3333 1441 3366 a
1467 3313 1769 3366 succidendo
1787 3351 1802 3376 ,
1831 3310 2182 3364 scribendum.
2217 3314 2412 3380 Magna

1409 3410 1633 3468 receptae
1658 3394 1859 3447 accedit
1882 3396 2166 3446 auctoritas
2190 3413 2251 3445 ex
2274 3393 2408 3445 libro

1411 3476 1742 3540 Florentino,
1765 3487 2008 3526 narrante
2032 3476 2211 3542 Regio,
2233 3475 2406 3525 Turic.

1410 3554 1653 3606 subsiciva
1669 3572 1803 3604 corr.
1818 3552 2087 3605 subseciva.
2108 3550 2269 3620 Quod
2288 3550 2407 3603 edd.

1387 3632 1674 3704 -pleraeque
1707 3645 1830 3683 vett.
1870 3629 2031 3682 dant:
2064 3629 2281 3682 subsidia
2298 3667 2316 3693 ,
2355 3631 2410 3681 in

1413 3709 1560 3778 nullo
1575 3748 1592 3772 ,
1616 3723 1748 3781 puto
1765 3747 1781 3775 ,
1807 3723 1885 3760 est
1908 3708 2121 3761 Codice.
2145 3736 2217 3746 -
2237 3707 2413 3759 Subse-

1412 3791 1540 3841 civa.
1567 3789 1824 3841 Videntur
1856 3802 2031 3840 autem
2061 3787 2238 3858 plures
2275 3800 2411 3838 stare

1413 3883 1655 3921 auctores
1680 3870 1747 3920 ab
1769 3887 1951 3920 eorum
1974 3880 2150 3938 parte,
2176 3868 2266 3935 qui
2285 3867 2413 3916 scri-

1383 3979 1390 3982 ·
1411 3947 1545 3999 bunt
1565 3946 1845 4006 subseciva,
1862 3946 1943 3997 vel
1965 3945 2144 4016 potius
2168 3943 2411 3996 subsiciva

1412 4026 1555 4095 (nam
1574 4028 1648 4076 sic
1668 4027 1723 4076 in
1740 4024 1915 4096 lapide
1932 4023 2286 4095 Gruteriano),
2302 4042 2409 4095 quo

1413 4117 1466 4155 et
1501 4103 1587 4154 hic
1620 4115 1671 4154 et
1705 4102 1827 4154 alibi
1858 4103 1964 4154 fere
1996 4101 2213 4155 deducit
2238 4102 2404 4155 codd.

1413 4184 1687 4254 scriptura.
1703 4179 1834 4233 vide
1851 4183 2180 4252 Dausquium
2193 4183 2249 4234 in
2260 4180 2314 4234 h.
2332 4202 2381 4235 v.
2393 4220 2411 4248 ,

2442 1658 2497 1693 11

2446 2115 2505 2152 12

2450 2563 2511 2614 13
