3200 5150
838 511 959 589 114

1399 505 1492 569 M.
1535 502 1763 568 FABII
1800 502 1920 585 QU
1930 502 2356 567 INTILIANI

827 629 1119 729 guisque
1154 627 1424 716 doctor,
1459 648 1580 700 aut
1601 626 1743 698 illic
1768 625 2261 699 detractionem
2282 684 2300 716 ,
2326 645 2445 698 aut
2467 624 2581 697 hic
2606 622 2925 726 adjectio-

822 771 989 816 nem
1016 741 1304 842 putabit.
1343 740 1582 832 Quid?
1605 740 1798 839 quod
1819 741 2141 838 quaedarn
2162 797 2181 830 ‚
2207 767 2362 840 quae
2387 739 2661 839 singula
2684 739 2922 837 procul

824 856 1039 929 dubio
1064 856 1300 928 vitiosa
1328 876 1492 927 sunt
1508 912 1527 943 ‚
1551 855 1804 956 juncta
1825 855 1973 927 sine
2000 854 2534 954 reprehensione
2558 853 2923 940 dicuntur?

634 996 643 1003 “
722 982 784 1036 15
820 978 1002 1047 Nam
1048 975 1185 1045 dua
1229 994 1298 1045 et
1341 989 1438 1045 tre
1471 992 1548 1044 'et
1579 974 1814 1072 pondo
1840 987 1858 1016 ¹

820 1137 942 1188 dem
972 1134 1127 1186 nimis
1149 1133 1356 1185 videtur
1391 1151 1506 1185 esse
1539 1152 1605 1185 ex
1634 1135 1828 1185 nostris

819 1213 1057 1266 moribus
1107 1230 1281 1283 neque
1330 1214 1393 1263 iis
1416 1250 1433 1276 ‚
1487 1229 1601 1282 quae
1653 1211 1828 1263 adhuc

821 1293 981 1359 dixit,
1014 1305 1442 1344 consentaneum.
1480 1291 1650 1342 Pexus
1671 1292 1831 1360 igitur

818 1371 1029 1423 videtur
1045 1388 1160 1422 esse
1179 1366 1381 1435 κομψὰ,
1404 1368 1473 1421 de
1493 1371 1646 1441 cujus
1671 1387 1829 1420 sensu

818 1453 1024 1503 ironico
1047 1449 1167 1501 vide
1183 1447 1462 1501 Ruhnken.
1490 1448 1555 1500 ad
1576 1451 1830 1501 Timaeum

818 1549 873 1604 p.
923 1529 1036 1581 161.
1090 1532 1149 1580 ln
1194 1528 1353 1601 hujus
1391 1542 1567 1580 autem
1603 1529 1792 1580 vicinia
1813 1565 1831 1593 .,

816 1609 1029 1681 pinquis
1048 1609 1143 1660 erit
1163 1609 1571 1677 significatione,
1592 1624 1709 1678 quoe
1727 1607 1830 1658 fre-

822 1704 990 1758 quens
1028 1699 1108 1738 est
1140 1687 1281 1758 apud
1307 1687 1614 1752 Horatium,
1645 1684 1827 1750 nitidi,

819 1764 1092 1839 eleyantis,
1132 1766 1226 1818 sed
1256 1769 1312 1818 in
1334 1780 1445 1818 arte
1478 1783 1607 1832 sua,
1643 1783 1753 1817 non
1775 1767 1831 1816 in

819 1847 964 1898 victu
989 1859 1041 1897 et
1063 1846 1271 1897 vestitu.

898 1940 944 1976 1.
978 1925 1121 1976 Nam
1153 1924 1315 1975 dua...
1346 1923 1658 1975 barban-imi.
1690 1924 1832 1974 Inter

819 2020 947 2054 nam
976 2016 1030 2053 et
1054 2002 1161 2053 dua
1183 2002 1358 2055 Guelf.
1384 2003 1567 2054 inserit
1593 2010 1677 2064 et,
1706 2018 1829 2051 cum

819 2079 1000 2133 multis
1037 2079 1205 2132 Codd.
1245 2093 1297 2132 et
1336 2079 1457 2131 edd.
1492 2078 1712 2143 Adhuc,
1739 2079 1830 2148 qui

822 2162 1113 2225 omitteret,
1137 2175 1304 2209 unum
1331 2156 1437 2209 vidi
1459 2155 1591 2208 Cod.
1622 2154 1828 2208 Gothu-

819 2256 977 2304 num‚
1000 2236 1093 2289 sed
1115 2250 1249 2309 puto
1268 2235 1557 2287 multorum
1577 2236 1635 2285 in
1651 2232 1752 2285 hac
1771 2252 1827 2285 re

818 2318 1125 2368 varietatem
1149 2313 1444 2384 neglectam
1468 2330 1582 2365 esse
1601 2328 1634 2363 a
1651 2312 1830 2383 eonfe-

820 2393 1076 2447 rentibus.
1134 2391 1266 2445 Edd.
1321 2389 1536 2462 quidem
1589 2390 1827 2462 plurime

822 2475 1104 2524 omittunt:
1124 2472 1305 2522 Lucet.
1326 2472 1485 2521 Ruso.
1497 2474 1684 2521 Venet.
1704 2467 1825 2521 Ald.

819 2553 985 2605 Viart.
1006 2548 1130 2602 Bad.
1151 2546 1350 2621 Gryph.
1368 2550 1563 2602 Gonu-a
1582 2558 1658 2613 et,
1683 2546 1829 2619 quod

822 2643 904 2682 est
938 2632 1076 2681 inter
1110 2638 1186 2678 tre
1221 2640 1273 2678 et
1307 2628 1512 2699 pondo,
1557 2627 1625 2679 ad
1661 2645 1827 2678 unum

816 2717 1008 2760 *omnes
1050 2717 1266 2757 tuentur
1298 2705 1466 2758 Codd.
1509 2719 1571 2757 ut
1611 2718 1662 2757 et
1704 2705 1824 2758 edd.

821 2787 1099 2839 Gesnerus»
1138 2797 1420 2854 utrumque
1469 2783 1827 2854 ainciendum

822 2864 1327 2936 censet;.posterius
1355 2862 1569 2933 quidem
1593 2861 1665 2913 ob
1685 2861 1826 2914 hane

820 2946 1109 3009 rationem,
1134 2944 1284 3013 quia,
1309 2942 1353 2992 si
1372 2943 1679 3007 retineatur,
1701 2940 1825 2993 bar·

821 3022 1081 3075 barisanus
1096 3020 1304 3072 dicatur
1316 3038 1432 3072 esse
1445 3022 1499 3071 in
1510 3019 1715 3091 pondo,
1735 3021 1827 3090 qui

821 3100 1000 3153 nullus
1015 3102 1098 3152 sit.
1114 3097 1374 3169 Equidem
1386 3101 1443 3150 in
1458 3111 1585 3150 nota
1600 3115 1827 3169 sequen·

820 3184 864 3233 ti
898 3193 1122 3232 conatus
1159 3196 1277 3230 sum
1313 3176 1517 3229 amoliri
1551 3175 1691 3228 hanc
1721 3175 1827 3228 dif-

816 3259 1138 3322 ficultatem,
1151 3274 1309 3326 quam
1320 3271 1567 3327 magnam
1582 3273 1699 3308 esse
1712 3243 1827 3308 ‘sen-

820 3340 915 3391 tio.
946 3340 1045 3389 Hie
1070 3354 1344 3407 promam,
1374 3353 1535 3405 quare
1561 3345 1615 3385 et
1637 3352 1826 3386 neces-

821 3418 960 3470 sario
1009 3412 1343 3467 retinendum
1392 3412 1601 3465 ducam.
1653 3412 1821 3465 codd.

824 3494 1038 3568 quidem
1085 3505 1140 3545 et
1183 3492 1304 3544 edd.
1351 3509 1669 3544 consensum
1713 3510 1823 3544 non

818 3591 1145 3644 magnopere
1182 3569 1398 3640 urgebo.
1433 3571 1486 3622 Si
1520 3584 1700 3623 autem
1734 3589 1824 3623 ex-

820 3654 1073 3727 punxeris
1107 3661 1186 3716 et,
1223 3648 1495 3722 quomodo
1526 3648 1784 3721 impedies
1803 3688 1820 3715 ‚

826 3751 933 3804 quo
970 3732 1144 3784 minus
1173 3727 1399 3798 legendo
1428 3727 1616 3799 aliquis
1647 3730 1822 3780 conti-

816 3823 953 3863 nuet
984 3820 1059 3860 tre
1083 3807 1287 3879 pondo,
1318 3808 1373 3856 in
1400 3803 1574 3858 vetere
1599 3824 1821 3877 praeser-

821 3892 919 3941 tim
958 3889 1217 3958 scriptura
1251 3884 1533 3936 intervallis
1569 3886 1823 3937 carente?

822 3967 985 4037 Quod
1008 3968 1052 4018 si
1076 3967 1172 4028 sit,
1198 3963 1334 4015 falso
1361 3963 1554 4015 dicitur
1575 3962 1821 4035 trepondo

818 4066 939 4099 esse
966 4044 1336 4097 barbarismum
1367 4040 1509 4110 Quid
1539 4055 1823 4113 preterea,

816 4128 870 4177 si
891 4124 1095 4176 nullum
1116 4135 1194 4174 est
1211 4123 1401 4193 inipso
1416 4121 1593 4193 pondo
1611 4123 1823 4188 vitium,

822 4202 1110 4269 attinebat,
1132 4207 1256 4272 post
1282 4198 1388 4250 dua
1411 4212 1465 4251 et
1488 4210 1586 4266 tre,
1613 4199 1679 4254 de
1704 4202 1824 4272 qui·

1909 972 2338 1045 diversorum
2380 997 2722 1071 generum
2766 994 2925 1044 sunt

1917 1132 2019 1185 bus
2044 1134 2171 1186 solis
2194 1147 2308 1185 tum
2333 1135 2520 1203 agitur,
2544 1151 2746 1203 ponere
2769 1136 2922 1185 etiam

1914 1211 2129 1283 pondo?
2162 1214 2329 1277 Sane,
2371 1213 2414 1263 si
2449 1210 2697 1282 abjicitur
2739 1221 2815 1276 et,
2859 1230 2924 1264 ne

1914 1289 2093 1361 pondo
2132 1290 2346 1361 quidem
2380 1303 2461 1341 est
2492 1308 2556 1341 ex
2589 1289 2691 1342 hac
2718 1293 2924 1362 jactura

1919 1369 2271 1421 eximendum.
2301 1371 2498 1421 Durior
2519 1369 2607 1420 illa
2630 1369 2924 1438 medicina,

1887 1504 1892 1511 ,
1920 1465 2081 1518 quam
2110 1449 2491 1519 pro-Gesneri,
2523 1459 2615 1500 aut
2646 1448 2806 1501 ullius
2839 1468 2924 1502 sa-

1918 1528 2083 1579 nioris
2128 1528 2328 1592 critici,
2371 1528 2602 1601 ingenio.
2650 1530 2892 1599 Denique
2907 1568 2923 1596 ‚

1917 1604 2067 1676 quod
2108 1618 2446 1658 ostensurum
2487 1623 2544 1657 se
2583 1606 2927 1677 promittebat

1917 1683 2024 1751 Qu.
2037 1681 2123 1748 ‚id
2143 1701 2254 1735 non
2274 1684 2483 1750 effecit,
2503 1685 2604 1736 nisi
2619 1684 2703 1737 vel
2717 1685 2924 1756 pondo,

1919 1765 2219 1833 separatim,
2228 1761 2613 1815 barbarismum
2623 1762 2768 1816 dixit.
2781 1764 2927 1833 Quid

1915 1842 2059 1892 enim
2072 1853 2179 1907 est,
2192 1840 2400 1915 singula
2417 1841 2598 1895 vitiosa
2609 1852 2730 1895 mi
2738 1847 2926 1915 ‚june-

1920 1930 1974 1970 ta
1995 1920 2103 1972 sine
2126 1918 2511 1990 reprehensione
2530 1919 2794 1985 dicunntur,
2825 1924 2927 1974 nisi

1918 1997 2059 2050 hoc:
2098 2016 2162 2050 ea
2194 2000 2342 2070 ipsa,
2376 2016 2603 2068 quorum
2639 2012 2925 2071 utrumque

1920 2077 2139 2128 seorsim
2182 2078 2371 2127 vitiose
2416 2074 2639 2142 dicitur,
2683 2079 2825 2130 inter
2869 2097 2926 2130 se

1912 2158 2098 2226 juncta
2122 2167 2247 2205 sunt
2269 2155 2383 2206 eine
2403 2155 2532 2209 vitio
2549 2158 2573 2205 't'
2599 2158 2723 2208 Non
2746 2170 2926 2209 autem

1910 2236 2209 2305 junguntur
2228 2232 2336 2285 dua
2358 2246 2411 2285 et
2436 2240 2510 2285 tre
2535 2235 2592 2285 in
2619 2252 2781 2287 unam
2805 2254 2925 2288 rec·

1917 2326 2024 2364 tam
2041 2313 2298 2379 formam,
2317 2312 2412 2365 sed
2428 2311 2536 2364 dua
2554 2314 2831 2385 etpondo‚
2853 2325 2928 2366 tre

1917 2404 1972 2444 et
1997 2390 2192 2462 pondo.
2232 2392 2324 2444 Sin
2354 2390 2712 2460 Quintilianus
2728 2394 2926 2466 juncta

1916 2468 2243 2540 intelligebat
2257 2469 2598 2542 abiisjunoea,
2618 2490 2728 2523 non
2741 2486 2925 2525 autem

1915 2549 2055 2601 inter
2078 2551 2360 2622 sejuncta,
2389 2549 2583 2604 addere
2610 2550 2846 2605 debebat
2871 2548 2928 2605 τὲ

1916 2628 2034 2681 aliis
2045 2628 2129 2680 vel
2144 2629 2312 2681 simile
2328 2628 2456 2699 quid
2475 2629 2545 2681 td
2561 2629 2705 2682 istud
2707 2634 2926 2704 juncta

1915 2709 2103 2779 Neque
2117 2720 2230 2760 tum
2241 2707 2480 2760 dicturus¹
2489 2709 2680 2761 fuisset
2689 2709 2925 2783 singula,

1916 2785 2011 2839 sed
2040 2785 2150 2839 sola
2179 2786 2265 2838 vel
2297 2797 2549 2858 separata.
2587 2790 2653 2841 Et
2686 2791 2775 2842 vix
2812 2803 2929 2842 erat

1917 2884 2089 2938 operae
2111 2868 2336 2937 pretium
2359 2865 2417 2918 id
2439 2866 2750 2933 observare,
2774 2868 2928 2940 quod

1915 2946 2117 3008 existit,
2159 2946 2205 2997 si
2244 2940 2628 2997 barbarismum
2662 2948 2719 2998 in
2758 2946 2930 3000 altera

1911 3037 2062 3096 parte
2084 3028 2394 3095 junctorum
2421 3023 2605 3075 talium
2637 3024 2816 3078 noluit
2843 3029 2932 3078 in·

1913 3101 2094 3173 telligi.
2117 3102 2450 3155 'Pi-alatitium
2482 3105 2626 3155 enim
2655 3101 2782 3156 hoe.
2820 3104 2933 3158 Sed

1914 3198 1944 3232 e
1984 3183 2361 3252 conjunctione
2401 3180 2632 3232 duorum
2670 3183 2931 3235 vitiorum

1913 3258 2110 3310 bonam
2149 3260 2375 3311 formam
2417 3260 2574 3325 oriri,
2609 3257 2666 3311 id
2701 3258 2931 3314 demum

1915 3336 2195 3391 observatu
2224 3336 2459 3408 dignum.
2487 3340 2635 3392 Prius
2663 3353 2850 3392 autem
2880 3351 2936 3391 et

1913 3429 2039 3488 post
2060 3434 2184 3467 nam
2209 3416 2429 3488 abjicio,
2454 3419 2651 3487 quia-et
2670 3431 2753 3470 ter
2773 3421 2932 3490 posi-

1911 3508 2027 3546 tum
2052 3495 2272 3547 mirifice
2298 3494 2560 3567 displicet.
2589 3498 2634 3548 E
2662 3496 2931 3551 Gothano

1911 3591 2022 3625 non
2062 3572 2240 3626 retulit
2278 3574 2471 3639 Gesn.‚
2516 3584 2658 3645 post‘
2685 3578 2932 3646 primum

1905 3652 2083 3724 pondo
2123 3653 2378 3705 continuo
2419 3652 2496 3704 ibi
2534 3654 2698 3724 sequi·
2717 3674 2894 3728 unque
2911 3693 2932 3720 ,

1911 3732 2143 3794 omissis,
2173 3730 2380 3783 solenni
2405 3729 2739 3785 librariorum
2767 3753 2934 3786 erro·

1909 3827 1997 3875 re,
2026 3807 2272 3860 omnibus
2306 3808 2484 3861 hisee:
2518 3808 2569 3860 d.
2608 3828 2663 3882 9.
2701 3830 2740 3863 s.
2782 3813 2834 3864 b.
2875 3834 2928 3863 a.

1910 3886 1962 3938 d.
1992 3906 2048 3958 p.
2082 3906 2126 3939 e.
2161 3898 2197 3938 t.
2227 3906 2284 3959 p.
2305 3891 2460 3939 Vetat
2479 3901 2659 3940 ‘tamen
2686 3892 2810 3961 ipse
2837 3890 2936 3943 hie

1911 3984 2059 4018 error
2105 3968 2334 4035 cogitare
2383 3965 2452 4018 de
2495 3966 2802 4038 abjiciendo
2857 3971 2940 4038 τᾷ

1907 4044 2111 4115 pondo,
2133 4045 2279 4116 quod
2296 4048 2350 4097 in
2368 4047 2688 4100 Gesner-iana
2707 4050 2936 4101 ratione

1909 4140 2022 4174 non
2045 4141 2489 4195 supervacaneum
2514 4125 2716 4193 solum,
2741 4127 2851 4180 sed
2877 4142 2934 4180 et

1912 4201 2146 4274 alienum„
2191 4203 2486 4258 ostendisse
2531 4205 2664 4258 mihi
2709 4206 2936 4260 videor.
