3200 5150
932 514 1058 597 452

1496 512 1590 575 M.
1631 510 1855 575 FABII
1892 510 2446 592 QUINTILIANI

920 660 1149 711 turam
1184 649 1473 709 movet¹.
1532 638 1825 734 Semper
1854 656 2089 706 autem
2126 636 2396 707 firmius
2428 655 2529 706 est
2561 660 2694 707 non
2711 635 2949 734 fecisse3

916 753 1215 851 ideoque
1251 751 1323 823 in
1357 778 1440 823 eo
1475 771 1728 822 statum
1768 775 1912 822 esse
1936 749 2310 850 judicabo,
2351 750 2544 849 quod
2576 749 2886 840 dicerem,
2912 752 2951 822 si

822 893 840 926 ¹
857 894 877 929 ι
919 868 1095 940 mihi
1119 866 1276 966 plus
1294 922 1313 954 ,
1339 893 1554 966 quam
1576 890 1806 937 unum
1824 922 1844 955 ‚
1873 863 2097 936 dicere
2118 891 2262 936 non
2286 865 2538 938 liceret.
2574 866 2773 936 Recte
2791 865 2953 963 igitur

916 1002 1016 1053 est
1056 979 1396 1080 appellata
1444 1005 1804 1051 causarum
1845 977 2072 1076 prima
2103 977 2487 1068 conflictio,
2530 1004 2672 1050 non
2712 984 2955 1079 qttoestio-

915 1122 1103 1168 num.
1135 1098 1318 1167 Nam
1339 1115 1406 1166 et
1429 1120 1556 1192 pro
1573 1093 1859 1165 Rabirio
1874 1096 2206 1165 Postumo
2223 1093 2508 1167 Cicero²
2534 1092 2789 1193 prima³
2807 1114 2953 1192 parte

911 1279 1155 1334 librarius
1179 1294 1272 1333 aut
1294 1279 1496 1332 dederit
1521 1284 1614 1331 aut
1631 1278 1757 1330 dare
1777 1294 1918 1331 certe

909 1360 1136 1412 voluerit
1158 1359 1347 1423 adicit,
1376 1378 1489 1430 quae
1513 1362 1631 1429 ipsa
1659 1360 1919 1429 scriptura

909 1437 1041 1491 nihil
1061 1437 1206 1489 aliud
1226 1438 1483 1507 significat
1503 1439 1602 1489 nisi
1625 1437 1805 1509 adjicit
1821 1436 1919 1507 (vi-

907 1516 977 1569 de
998 1519 1093 1583 111,
1115 1516 1495 1589 3‚9,su12jicit;
1515 1517 1641 1567 item
1661 1517 1710 1581 1,
1730 1514 1790 1581 4,
1815 1531 1833 1567 1
1852 1514 1913 1585 ι).

907 1596 965 1648 Si
991 1606 1168 1649 autem
1196 1615 1294 1668 pro
1322 1596 1407 1648 sed
1436 1615 1611 1648 merus
1641 1609 1721 1648 est
1754 1613 1915 1662 error,

908 1689 1178 1728 correctus
1213 1675 1299 1727 ille
1329 1677 1384 1727 in
1411 1676 1704 1728 Turiceusi.
1735 1675 1919 1726 Restat

908 1767 968 1806 ut
979 1753 1254 1806 exhibeam
1264 1768 1531 1825 receptam
1542 1754 1916 1826 plerarumque

905 1832 1026 1885 edd.
1054 1846 1107 1884 et
1131 1831 1333 1903 aliquot
1362 1831 1531 1884 codd.
1564 1834 1912 1903 scripturam:

906 1912 1059 1975 dicit,
1081 1912 1223 1963 Non.
1249 1913 1359 1963 Hac
1385 1911 1490 1963 loci
1510 1914 1914 1977 constitutione,

910 2009 1026 2061 quae
1051 2003 1132 2042 est
1155 1991 1314 2042 etiam
1337 1989 1481 2062 apud
1499 1992 1661 2042 Gesn.
1675 2028 1693 2056 ‚
1712 2004 1917 2041 tantum

908 2062 1087 2135 abest,
1111 2081 1172 2120 ut
1201 2090 1223 2114 ο
1238 2079 1419 2140 pateat
1439 2093 1462 2116 a
1488 2069 1634 2139 quod
1654 2068 1763 2120 vult
1784 2070 1917 2137 Qu.‚

907 2162 968 2200 ut
990 2167 1057 2199 ne
1083 2147 1190 2199 ulla
1217 2147 1429 2219 quidem
1454 2148 1544 2201 lux
1570 2149 1915 2218 relinquatur.

908 2227 1043 2279 Vide
1083 2227 1243 2279 finem
1283 2242 1438 2280 notae.
1477 2258 1551 2269 —
1585 2228 1683 2280 Ed.
1723 2230 1883 2280 Curr-
1901 2266 1917 2293 ,

915 2308 1091 2377 Quum
1120 2306 1328 2380 afficit,
1359 2307 1446 2360 sed
1473 2326 1578 2359 non
1597 2308 1727 2379 feci.
1760 2308 1821 2359 R.
1853 2306 1918 2374 4,

916 2389 1092 2458 Quum
1119 2386 1244 2437 dicit
1253 2425 1270 2451 ,
1295 2386 1383 2440 sed
1404 2387 1446 2439 .ςὶ
1470 2403 1576 2437 non
1587 2386 1717 2457 feci.
1740 2388 1842 2439 RR.
1873 2403 1919 2451 ι,

915 2486 978 2533 2,
1018 2468 1080 2530 5,
1113 2469 1261 2520 Cm.
1302 2480 1355 2518 et
1388 2466 1471 2519 ed.
1507 2466 1706 2533 Hack„
1744 2460 1917 2537 Quum

913 2547 1073 2612 dicit,
1100 2564 1207 2598 non
1221 2547 1349 2618 feci.
1372 2548 1466 2601 En.
1491 2577 1562 2586 -
1590 2548 1762 2616 Quum
1786 2547 1921 2621 aciji-

914 2628 1014 2690 cit,
1038 2626 1140 2679 sed.
1168 2628 1405 2698 Apparet
1428 2625 1589 2678 verbo
1615 2626 1823 2699 adjicit,
1849 2629 1923 2679 af—

914 2710 1037 2761 ferri
1080 2707 1149 2759 ab
1189 2726 1282 2758 reo
1324 2722 1607 2777 utrumque
1644 2710 1698 2760 in
1736 2708 1919 2760 eadem

915 2806 1090 2840 causa.
1114 2787 1233 2838 Jam
1251 2790 1432 2857 negari
1450 2790 1660 2859 nequit,
1679 2787 1815 2840 duos
1835 2787 1922 2841 hic

918 2882 1228 2938 comparere
1246 2875 1408 2917 status
1421 2868 1474 2918 in
1491 2884 1596 2917 una
1612 2884 1793 2928 causa,
1810 2879 1924 2918 tum

918 2944 1204 3018 qualitatis,
1223 2956 1334 2995 tum
1350 2947 1669 3016 conjectum.
1687 2947 1816 2996 Uter
1829 2946 1924 3015 igi-

919 3038 1003 3076 tur
1020 3040 1187 3075 causoe
1202 3021 1558 3096 appellabitur
1576 3037 1742 3075 status
1754 3025 1778 3074 ’τ’
1798 3026 1925 3076 Con-

905 3101 1178 3175 jecturalis
1197 3103 1440 3174 profecto
1453 3140 1469 3168 ,
1487 3103 1737 3173 quoniam
1759 3124 1780 3147 κ
1797 3120 1927 3154 sem-

922 3204 946 3228 «
966 3200 1117 3253 per...
1147 3177 1362 3253 finnius
1400 3194 1480 3232 est
1521 3199 1632 3232 non
1667 3182 1872 3233 fecisse.
1894 3205 1917 3227 ι

922 3259 1200 3330 Qualitatis
1219 3270 1378 3312 status
1404 3257 1472 3310 ad
1500 3258 1668 3311 solam
1696 3262 1925 3332 pertinet

919 3340 1250 3412 quaestionem
1266 3377 1283 3405 ,
1327 3338 1413 3390 An
1457 3350 1587 3391 recte
1614 3341 1831 3411 feccrit,
1873 3354 1925 3392 et

919 3432 1000 3470 est
1043 3428 1203 3469 status
1248 3418 1542 3490 quoestionis
1557 3456 1574 3482 ‚
1626 3416 1927 3488 cujusmodi

920 3496 1081 3548 ullam
1105 3515 1218 3549 esse
1241 3498 1353 3549 sine
1377 3507 1512 3549 statu
1534 3495 1780 3566 negabat,
1800 3498 1846 3566 ς.
1875 3515 1921 3568 7.

919 3573 1022 3628 Sed
1039 3577 1358 3647 conjectura,
1380 3586 1439 3625 ut
1457 3576 1729 3645 potentior
1749 3574 1815 3626 ad
1836 3574 1925 3628 de-

919 3650 1247 3705 fendendum
1265 3670 1441 3717 reum,
1460 3653 1621 3703 faciet
1641 3662 1831 3704 statum
1850 3654 1927 3724 ip-

922 3750 1027 3784 sius
1050 3747 1231 3782 causoe.

999 3826 1016 3859 ι
1031 3850 1041 3859 .
1082 3810 1438 3880 (bnjecturam
1477 3818 1664 3858 movet.
1689 3809 1823 3861 Vide
1857 3808 1924 3861 ad

917 3890 1015 3953 m,
1047 3905 1094 3952 ι,
1118 3888 1180 3940 8:
1208 3887 1473 3938 movisse...
1500 3886 1851 3957 Empedocles.

993 3984 1041 4017 π.
1078 3966 1182 4015 Pro
1214 3962 1419 4016 Rabirio
1453 3964 1702 4016 Postumo
1736 3968 1921 4019 Cicero.

915 4042 1051 4095 Vide
1087 4045 1380 4094 orationem
1414 4044 1582 4114 ipsam
1606 4061 1720 4114 quae
1758 4058 1925 4099 exstat

917 4123 972 4172 in
985 4122 1107 4174 Em.
1130 4121 1212 4173 ed.
1228 4120 1334 4173 vol.
1350 4123 1423 4186 Π,
1439 4134 1588 4193 parte
1607 4139 1665 4188 2,
1682 4141 1737 4193 p.
1764 4125 1923 4191 1386,

913 4198 1088 4271 prima
1113 4198 1203 4252 illa
1230 4217 1352 4269 pars
1380 4202 1632 4274 pertingit
1665 4200 1733 4252 ad
1765 4203 1922 4257 finem

2009 1298 2177 1350 usque
2205 1298 2252 1330 c.
2285 1298 2333 1350 7.
2364 1282 2444 1331 Fit
2473 1282 2630 1351 igitur
2656 1297 2812 1332 causae
2834 1277 2955 1350 hujus

2009 1372 2177 1415 status
2207 1361 2530 1429 conjectura,
2563 1377 2754 1429 quum,
2785 1362 2823 1411 si
2847 1361 2956 1429 prius

2008 1438 2180 1492 solum
2204 1452 2479 1491 tractasset
2500 1440 2610 1491 (Σο.
2624 1477 2642 1505 ,
2664 1440 2833 1491 fuisset
2852 1438 2957 1488 futu·

2006 1537 2065 1571 ra
2094 1518 2394 1584 translatio,
2423 1538 2528 1590 qua
2554 1519 2609 1571 id
2637 1522 2875 1591 quaeritur,
2885 1521 2959 1591 ju-

2005 1616 2125 1650 rene
2156 1598 2291 1648 actio
2326 1598 2644 1651 intendatur.
2670 1599 2793 1652 Vide
2824 1598 2862 1669 §.
2886 1598 2958 1663 84,

2009 1676 2102 1742 85,
2136 1675 2220 1730 86.
2256 1678 2428 1745 Negat
2456 1691 2636 1729 autem
2664 1689 2805 1749 parte
2828 1677 2960 1750 prim

2006 1758 2145 1823 Cic.‚
2172 1772 2330 1827 posse
2358 1755 2473 1827 lege
2500 1758 2644 1810 Julia
2668 1758 2735 1811 de
2756 1772 2960 1830 repetun-

2008 1833 2087 1887 dia
2129 1837 2394 1886 actionem
2434 1836 2639 1889 intendi
2682 1840 2735 1889 in
2777 1839 2960 1908 equite-

2004 1916 2312 1985 magistratu
2337 1914 2484 1966 nullo
2508 1916 2769 1967 functum.

2076 1993 2127 2045 3.
2165 1994 2347 2044 Prima
2373 2004 2540 2065 parte.
2574 1994 2750 2047 Guelf.
2779 1994 2960 2066 primun

2003 2083 2233 2144 par-tm,
2259 2090 2384 2123 curn
2406 2072 2513 2124 Bal.
2528 2077 2687 2128 Voss.
2715 2092 2760 2139 ι,
2782 2074 2825 2126 3.
2848 2075 2960 2125 Beni

2009 2170 2132 2203 cum
2159 2149 2280 2202 edd.
2311 2164 2434 2203 ante
2463 2151 2589 2204 Bad.
2617 2154 2739 2225 (qui
2762 2153 2853 2206 ahl.
2879 2171 2963 2205 etse

2010 2233 2063 2282 in
2086 2229 2319 2283 Vallensi
2342 2229 2477 2283 libro
2506 2234 2705 2305 refert)
2737 2231 2961 2296 omnibus,

2009 2321 2198 2382 praeter
2230 2308 2351 2361 Ald.
2368 2348 2385 2375 ‚
2420 2312 2648 2382 proclivi
2682 2313 2964 2365 librariorum

2010 2406 2203 2441 errore.
2225 2390 2351 2440 Non
2367 2388 2629 2446 ablativus
2649 2392 2787 2444 solus
2807 2392 2964 2463 placet,

2012 2468 2102 2538 qui
2126 2479 2205 2518 est
2226 2468 2283 2518 in
2305 2466 2465 2519 Goth.
2492 2482 2545 2521 et
2568 2472 2725 2523 Voss.
2753 2488 2797 2523 2.
2819 2471 2963 2539 Neque

2012 2558 2090 2599 est
2113 2545 2417 2616 infrequens
2441 2565 2569 2600 usus
2598 2547 2882 2602 intendendi
2897 2545 2964 2598 ab·

2011 2624 2217 2677 solutus
2238 2643 2338 2695 pro
2363 2626 2647 2693 tendendo,
2673 2629 2821 2680 etiam
2842 2643 2966 2697 quum

2011 2704 2117 2756 loci
2145 2702 2393 2756 adverbio
2423 2719 2482 2756 ut
2513 2707 2663 2778 apud
2688 2708 2966 2768 Terentium,

2011 2781 2174 2836 Andr.
2208 2785 2287 2848 11,
2319 2801 2346 2835 2
2364 2822 2381 2849 ‚
2408 2783 2443 2836 6
2469 2782 2622 2854 (vide
2654 2784 2893 2839 Drakenb.
2919 2781 2967 2834 nd

2011 2863 2123 2926 Liv‚
2142 2862 2216 2927 X,
2236 2862 2761 2930 43;xmetXXXV‚
2786 2860 2968 2930 nent)

2012 2938 2159 3012 apud
2180 2942 2433 3004 Nostrum
2450 2944 2572 3009 vn,
2604 2961 2650 3009 1,
2676 2944 2775 3008 30,
2795 2956 2843 2995 et
2861 2938 2969 3013 apud

2014 3018 2222 3074 Sallust.
2248 3018 2543 3090 aliquoties.
2569 3025 2776 3075 Nostra
2796 3035 2970 3075 sunctu-

2014 3117 2080 3150 rae
2119 3098 2380 3152 simillima
2416 3100 2562 3172 apud
2598 3102 2848 3155 Senecam
2881 3103 2971 3153 Nat.

2013 3179 2208 3246 Quest.
2230 3177 2265 3229 l.
2295 3196 2342 3244 1,
2360 3181 2505 3250 praef.
2531 3179 2719 3250 (quem
2741 3180 2897 3233 locum
2914 3177 2973 3229 af·

2012 3255 2115 3307 fert
2129 3256 2288 3309 Gesn.
2310 3259 2368 3309 in
2385 3257 2569 3328 Thes.)
2591 3281 2615 3304 ι
2636 3262 2781 3312 Deus
2800 3272 2919 3310 totus
2933 3256 2971 3305 in

2021 3353 2113 3386 use
2136 3334 2505 3387 intendatan-
2535 3349 2637 3388 ete.
2666 3339 2971 3407 Quareinre

2015 3426 2168 3485 cepta
2192 3415 2553 3484 acquiescam,
2574 3418 2677 3469 etsi
2700 3429 2971 3487 magnopere

2014 3493 2215 3543 variant
2252 3492 2387 3545 libri.
2425 3493 2567 3547 Alm.
2605 3508 2661 3546 et
2696 3497 2864 3547 Tur-ic.
2891 3493 2973 3544 hae

2015 3569 2173 3622 dant:
2194 3572 2423 3641 primam
2442 3582 2705 3643 partem...
2728 3574 2781 3625 in
2800 3572 2973 3623 hocten-

2013 3649 2091 3699 dit
2125 3649 2278 3719 (vide
2314 3663 2425 3702 not.
2463 3670 2613 3722 prox.
2637 3691 2655 3717 ‚
2695 3667 2749 3704 et
2788 3650 2975 3705 similiter

2014 3732 2236 3783 confusa
2262 3732 2459 3783 intend.
2486 3745 2540 3785 et
2564 3733 2704 3784 tend.
2725 3730 2839 3784 vide
2866 3727 2973 3803 apud

2012 3808 2279 3862 Drakenb.
2300 3810 2353 3862 ll.
2376 3830 2454 3863 cc.
2473 3830 2797 3885 quamquam
2808 3813 2976 3885 plaeere

2012 3902 2192 3960 potest
2218 3888 2328 3942 haec
2358 3893 2647 3963 scriptura,
2678 3892 2838 3944 modo
2863 3890 2974 3942 dele·

2015 3971 2145 4021 veris
2167 3971 2342 4041 apices
2361 3972 2417 4021 in
2429 3972 2657 4041 primam
2679 3983 2896 4043 partem,
2910 3970 2976 4040 qui

2014 4065 2079 4101 ex
2092 4048 2197 4100 abl.
2214 4049 2350 4102 male
2365 4051 2601 4103 fecerunt
2614 4055 2773 4124 aec.).
2786 4056 2921 4104 Voss.
2935 4065 2957 4100 ι
2966 4086 2976 4106 ,

2011 4127 2170 4180 Goth.
2195 4141 2246 4180 et
2263 4128 2383 4181 ΑΜ.
2406 4130 2578 4201 prima
2591 4142 2800 4201 pane...
2820 4130 2904 4181 hoe
2918 4129 2975 4177 in·

2012 4206 2206 4272 tendit,
2241 4207 2332 4260 ubi
2370 4203 2529 4262 Gesnss
2566 4208 2719 4262 malit
2751 4209 2878 4268 lucc,-
2910 4202 2978 4259 sd
