3200 5150
678 506 1327 583 INSTITUTIONIS
1365 506 1622 572 ORAT.
1666 509 1825 573 LIB.
1868 509 1961 587 ΙΙ,
2010 508 2107 577 15.
2310 512 2437 601 349

340 631 601 703 stantiae
625 644 642 675 ¹
683 630 984 702 maxime
1023 628 1346 700 convenit
1378 629 1636 718 finitio,
1672 629 2059 703 rhetoricen
2100 658 2231 705 esse
2271 630 2441 706 bene

342 746 610 817 dicendi
629 749 1066 829 scientiam²;
1092 770 1258 814 nam
1295 763 1361 813 et
1394 742 1720 814 orationis
1750 770 1994 816 omnes
2020 745 2299 817 virtutes
2324 772 2438 818 se-

340 859 482 931 mel
532 858 1044 957 complectitur,
1093 878 1160 928 et
1203 855 1516 956 protinus
1569 883 1798 929 mores
1851 859 2059 930 etiam
2111 861 2434 952 oratoris,

336 1001 562 1072 quum
607 973 788 1047 bene
828 974 1052 1046 dicere
1095 998 1239 1046 non
1282 973 1531 1072 possit,
1575 973 1708 1045 nisi
1749 974 1852 1044 vir
1893 975 2121 1046 bonus
2141 972 2194 1047 3.
2236 975 2433 1048 Idem
2472 994 2540 1051 35

333 1088 514 1162 valet
546 1087 967 1187 Chrysippi4
1005 1089 1164 1163 finis
1206 1082 1322 1160 ille
1363 1089 1611 1160 ductus
1653 1116 1695 1159 a
1735 1088 2113 1180 Cleanthe,
2152 1096 2435 1164 scientia

333 1219 513 1275 recte
544 1204 813 1275 dicendi
825 1235 851 1288 ;
884 1223 1046 1274 sunt
1071 1201 1306 1301 plures
1341 1201 1657 1302 ejusdem
1680 1259 1699 1289 ,
1733 1203 1855 1274 sed
1887 1204 1977 1275 ad
2010 1203 2176 1275 alias
2204 1231 2436 1305 quaes-

331 1318 554 1389 tiones
575 1316 603 1362 5
635 1318 856 1415 magis
884 1317 1264 1415 pertinent:
1292 1316 1480 1389 idem
1507 1315 1835 1390 sentiret⁶
1860 1317 2021 1390 finis
2050 1317 2185 1391 hoc
2220 1318 2433 1390 modo

329 1431 876 1529 comprehensus
903 1487 923 1519 ,
973 1432 1381 1531 persuadere
1427 1432 1620 1531 quod
1655 1448 2009 1530 oporteat,
2058 1433 2192 1504 nisi
2243 1432 2436 1530 quod

327 1566 547 1617 artem
592 1545 681 1617 ad
716 1546 976 1618 exitum
1020 1545 1320 1644 alligat7.
1365 1548 1553 1618 Bene
1586 1544 1892 1636 Areusss,
1928 1547 2150 1618 dicere
2183 1574 2432 1620 secun-
2468 1568 2538 1623 36

323 1705 447 1745 cum
475 1688 726 1758 superiori
750 1687 989 1740 Isocratis
1019 1688 1280 1760 opinione.
1303 1711 1326 1736 ι

323 1763 526 1817 Vellem
559 1765 866 1818 Turnebum
899 1767 1074 1818 locum
1113 1784 1332 1818 accura-

323 1846 430 1904 tius
459 1845 613 1898 nobis
643 1847 934 1909 iudicasse3
968 1849 1017 1898 ei
1046 1859 1218 1898 tamen
1249 1865 1333 1897 as-

322 1927 526 1976 sentior
549 1946 562 1975 ε
613 1938 665 1976 et
709 1925 1025 1995 praetulerim
1064 1927 1294 1978 Socrates
1310 1962 1328 1988 ,

321 2021 450 2054 nam
473 2000 539 2053 de
567 2003 687 2053 loco
717 2006 960 2055 Isocratis
975 2041 994 2069 ‚
1019 2003 1113 2055 ubi
1140 2003 1331 2055 dicitur

319 2081 623 2134 rhetoricen
673 2101 785 2135 esse
837 2098 1041 2155 partem
1084 2083 1330 2155 philoso-

319 2160 462 2232 phi‘ae
490 2179 597 2212 non
622 2159 830 2213 dicitur.
856 2165 948 2214 En.

399 2255 444 2290 1.
484 2239 626 2289 Huic
660 2240 769 2311 ejus
801 2239 1108 2292 substantiae.
1151 2240 1326 2293 Guelf.

316 2319 516 2368 omittit
552 2319 660 2389 ejus
700 2336 822 2369 cum
857 2318 1033 2371 multis
1066 2317 1233 2371 Codd.
1273 2331 1327 2372 et

314 2395 441 2447 edd.
461 2395 571 2448 fere
590 2409 713 2448 vett.
731 2399 999 2450 Tarvisina
1022 2415 1121 2468 pro
1145 2397 1289 2451 hisce
1307 2420 1321 2449 :

309 2473 507 2546 philos.
528 2494 577 2547 q.
603 2495 646 2527 e.
668 2477 925 2528 Isocrates.
947 2476 1090 2528 Huic
1107 2495 1149 2527 e.
1170 2495 1209 2529 s.
1233 2475 1324 2529 dat

309 2554 416 2605 ista
434 2574 450 2603 ε
469 2553 657 2626 philos.
683 2554 783 2606 Sed
808 2555 1044 2608 Isocratis
1067 2555 1190 2607 huic
1211 2575 1254 2608 e.
1278 2575 1317 2610 s.

310 2632 616 2705 eujusmodi
634 2633 765 2685 nihil
782 2636 837 2686 in
848 2635 1186 2687 Jensoniana.
1208 2633 1322 2705 (vi-

308 2711 379 2764 de
413 2725 596 2763 notam
627 2712 803 2778 adn,
839 2712 903 2779 5,
940 2713 1001 2764 16
1034 2714 1118 2763 An
1153 2713 1323 2784 vero.)

310 2793 468 2842 Hanc
513 2792 834 2862 scripturam
865 2795 1118 2862 expressit
1158 2791 1285 2845 Obr.
1304 2829 1322 2858 ,

307 2871 539 2921 fortasse
560 2888 622 2920 ex
641 2871 1083 2939 Argentoratensi.
1110 2869 1247 2922 Alm.
1269 2883 1320 2922 et

306 2947 491 3000 Turio.
507 2969 519 2997 :
533 2946 864 3019 philosophia
881 2947 967 3000 sed
988 2949 1237 2999 Isocratis.
1249 2977 1321 2987 ——

304 3025 771 3080 Substantioe.Vide
783 3029 1003 3080 Prooem.
1018 3039 1112 3077 tot.
1129 3044 1216 3096 op.
1233 3044 1260 3078 2
1273 3043 1291 3078 ι
1301 3062 1318 3092 ,

307 3121 364 3162 et
388 3107 489 3171 111,
513 3105 574 3170 6,
599 3106 695 3175 39,
718 3106 803 3173 4ο.

385 3204 436 3238 2.
476 3183 837 3237 Rhetoricen...
872 3183 1154 3236 scientiam.
1193 3184 1316 3236 Haec

306 3263 519 3315 videtur
541 3265 870 3333 Hermagorae
892 3263 1055 3314 fuisse
1078 3262 1313 3314 definitio

303 3342 432 3396 vide
470 3342 538 3395 ad
573 3344 620 3409 S.
664 3343 745 3396 23.
785 3341 890 3396 Sed
919 3356 973 3395 et
1002 3344 1313 3394 Xenocratis

305 3425 416 3475 fuit
434 3435 488 3474 et
511 3425 826 3486 stoicorum
853 3421 971 3475 vide
996 3423 1133 3475 Sext.
1159 3424 1309 3493 Emp.

306 3522 346 3573 P
383 3580 434 3630 3.
457 3581 573 3632 Nisi
593 3580 672 3631 vir
688 3582 862 3634 bonus.
883 3579 1056 3633 Guelf.
1082 3592 1136 3632 et
1151 3580 1311 3633 Goth.

305 3677 436 3709 cum
448 3660 589 3709 Jens.
608 3657 730 3728 (tac.
748 3660 933 3730 Gesn.)
948 3660 1198 3712 omittunt
1217 3660 1312 3724 vir,

303 3755 437 3788 cum
461 3739 611 3787 voss.
643 3753 663 3786 1
683 3775 698 3800 ,
723 3757 750 3789 2
768 3775 786 3803 ,
814 3740 869 3788 it.
900 3736 982 3789 ed.
1008 3741 1160 3791 Tarv.
1181 3742 1312 3792 Ven.

304 3820 439 3869 Loc.
461 3818 615 3867 Rusc.
637 3815 761 3868 Bad.
785 3817 960 3869 Placet
975 3817 1313 3890 ola-majorem

303 3894 739 3948 concinnitatem.
767 3925 841 3934 -—
866 3898 1130 3949 Omittunt
1157 3900 1314 3948 etiam

304 3977 421 4028 BR.
456 3991 502 4039 ¹,
529 3991 587 4039 2,
611 3974 644 4025 3
670 3988 722 4025 et
744 3974 902 4026 Cam.
929 3973 1029 4025 Ed.

382 4053 438 4118 4.
464 4052 788 4124 Chrysippi...
815 4051 1073 4104 Cleanthe.
1103 4075 1124 4099 ι
1144 4055 1315 4127 Scrip-

309 4156 336 4181 ι
358 4134 431 4185 sit
464 4145 628 4184 artem
659 4131 972 4184 rhetoricam
1004 4133 1315 4203 CleantheS,

309 4233 335 4258 a
357 4210 685 4285 Chrysippus
708 4212 862 4264 etiam
879 4248 896 4277 ,
925 4210 1018 4266 sed
1045 4213 1119 4263 sic
1136 4249 1154 4280 ,
1185 4224 1243 4262 ut
1272 4215 1315 4265 si

1430 1710 1452 1733 α
1474 1689 1590 1758 quis
1607 1686 1975 1739 obmutescere
1989 1690 2338 1759 concupierit,
2352 1692 2432 1742 ni-

1429 1788 1451 1812 ·
1472 1765 1546 1818 hil
1570 1765 1717 1817 aliud
1741 1766 1914 1835 legere
1942 1766 2148 1818 debeat.
2173 1791 2194 1814 u
2225 1768 2332 1821 Cic.
2363 1768 2431 1821 de

1420 1846 1533 1896 Fin.
1556 1847 1644 1909 IV,
1666 1845 1714 1896 3.
1742 1847 1866 1896 Emt
1884 1847 1939 1895 in
1959 1862 2141 1896 eorum
2167 1844 2430 1898 definitio-

1419 1942 1487 1975 ne
1509 1921 1657 1974 haud
1675 1921 1836 1973 dubie
1854 1922 1996 1990 ὀρθᾶς
2013 1917 2187 1987 λέγω,
2213 1942 2312 1995 pro
2332 1943 2428 1992 eo,

1422 1999 1568 2071 quod
1601 2014 1681 2053 est
1712 2000 1855 2072 apud
1886 2000 2022 2052 Sext.
2058 2003 2210 2072 Emp.
2246 2001 2310 2071 (Ι.
2347 2002 2428 2075 c.)

1420 2093 1473 2131 et
1498 2081 1765 2132 Laertium
1786 2080 1907 2145 Vll,
1932 2079 1997 2145 42
2013 2071 2122 2145 (εὖ.
2151 2079 2288 2131 Illud
2313 2099 2426 2151 qui·

1416 2157 1541 2210 dem
1560 2177 1590 2209 a
1610 2157 1954 2231 scriptoribus
1974 2158 2197 2211 relatum
2212 2178 2324 2211 non
2342 2162 2426 2212 in-

1416 2256 1588 2289 vento.

1487 2316 1537 2369 5.
1573 2316 1660 2369 Ad
1689 2316 1821 2370 alias
1852 2317 2167 2388 quoestiones.
2202 2320 2324 2370 Non
2354 2317 2425 2370 ad

1411 2394 1550 2448 hanc
1561 2435 1578 2462 ,
1595 2410 1773 2448 utrum
1786 2396 1888 2448 soli
1900 2399 2012 2448 viro
2026 2396 2172 2448 bono
2191 2397 2421 2449 tribuen-

1412 2474 1479 2528 da
1504 2476 1843 2546 eloquentia?

1481 2556 1531 2610 6.
1552 2557 1788 2610 Sentiret.
1808 2560 1962 2610 Voss.
1992 2575 2037 2624 ι,
2058 2557 2119 2625 3,
2140 2559 2422 2611 sentiet.—

1408 2637 1556 2688 Idem
1569 2639 1792 2690 sentiret.
1810 2641 1992 2691 Haereo
2008 2641 2062 2691 in
2077 2643 2417 2710 conjunctivo

1410 2717 1734 2786 imperfecti,
1760 2734 1914 2786 quem
1942 2736 2125 2770 omnes
2155 2718 2261 2769 fere
2289 2718 2419 2769 dant

1408 2793 1546 2848 libri.
1572 2794 1676 2847 Sed
1699 2794 1846 2846 nulla
1870 2794 2019 2847 adest
2043 2796 2307 2863 conditi0,
2330 2816 2419 2848 cu-

1404 2876 1494 2944 jus
1518 2873 1655 2925 solet
1679 2875 1722 2926 is
1747 2893 1859 2925 esse
1882 2874 2067 2940 index,
2093 2894 2255 2946 quum
2280 2895 2418 2947 prae-

1409 2954 1588 3003 sertim
1618 2967 1869 3022 sequatur
1895 2953 2110 3025 alliqat,
2146 2975 2257 3008 non
2288 2954 2415 3005 alli-

1402 3042 1565 3103 qaret.
1585 3030 1719 3083 Vide
1744 3045 1927 3083 notam
1948 3033 2018 3084 ad
2040 3036 2063 3084 1
2076 3071 2093 3097 ,
2125 3034 2156 3084 8
2173 3072 2189 3099 ,
2220 3033 2251 3085 5
2304 3036 2415 3086 Ne-

1410 3126 1512 3178 que
1525 3110 1803 3161 verisimile
1818 3112 2171 3181 excogitatum
2187 3110 2414 3181 aliquem

1405 3187 1564 3239 finem
1581 3225 1598 3254 ,
1625 3190 1714 3259 qui
1744 3207 1854 3240 non
1881 3206 2263 3259 usquequaque
2292 3190 2413 3260 pla-

1405 3280 1574 3332 ceret,
1598 3285 1630 3318 a
1655 3269 1910 3338 scriptore
1929 3282 2112 3321 nostro
2133 3268 2256 3339 (qui
2274 3271 2413 3322 foret

1404 3344 1556 3397 labor
1569 3345 1826 3417 infinitus)
1840 3365 1950 3398 non
1964 3349 2144 3418 potius
2161 3348 2411 3418 relatum,

1405 3442 1562 3494 quem
1595 3443 1773 3477 revera
1807 3426 1995 3495 aliquis
2030 3426 2210 3481 rhetor
2236 3425 2413 3481 dedis—

1402 3519 1496 3557 set.
1528 3506 1658 3573 Quae
1689 3524 1851 3576 quum
1876 3508 1952 3556 ita
1980 3506 2115 3572 sint,
2143 3506 2413 3559 lenissima

1406 3587 1695 3638 mutatione
1720 3584 1822 3654 legi
1844 3584 2053 3636 malim:
2078 3586 2233 3638 sentit
2253 3598 2330 3652 et,
2353 3600 2413 3638 ut

1404 3665 1472 3716 sit
1497 3677 1673 3715 certus
1702 3663 1979 3735 cujusdam
2008 3664 2233 3718 rhetoris
2260 3666 2411 3732 finis,

1405 3755 1503 3793 etsi
1528 3757 1744 3794 auctore
1769 3761 1877 3794 non
1902 3756 2211 3795 memorato.

1476 3840 1524 3891 7.
1547 3820 1766 3893 Alligat.
1788 3823 1944 3873 Bene.
1964 3821 2139 3875 Gu'elf.
2162 3835 2213 3872 et
2231 3822 2406 3872 Turic.

1403 3899 1605 3971 alligat.
1649 3901 1723 3950 At
1762 3900 1885 3951 bene
1925 3918 2047 3950 curn
2082 3897 2231 3949 Bodl.
2270 3898 2407 3950 Alm.

1402 3978 1509 4029 Bal.
1540 3992 1592 4030 et
1617 3978 1880 4050 plerisque
1910 3975 2031 4029 edd.
2055 3989 2212 4043 vett,
2234 3995 2412 4048 neque

1406 4057 1706 4127 spreverim.

1475 4136 1525 4187 8.
1556 4135 1734 4187 Areus.
1764 4134 1939 4187 Guelf.
1974 4152 2070 4186 ars.
2104 4135 2246 4187 Jens.
2271 4132 2405 4205 (tac.

1404 4214 1596 4284 Gesn.)
1625 4214 1779 4279 artis,
1811 4216 1901 4285 qui
1931 4227 2010 4265 est
2037 4216 2275 4266 omnium
2300 4215 2409 4267 fere
