3200 5150
657 461 1310 576 msTITUTloms
1346 507 1605 573 onA'r.
1649 506 1810 571 Lm.
1853 506 1952 583 11,
2003 528 2099 570 η.
2308 503 2446 572 315-

331 657 570 704 rorum
592 644 611 675 ¹
644 632 758 720 sit,
790 631 863 703 in
894 658 1069 730 quos
1104 657 1223 720 ea,
1249 654 1444 729 quae,
1474 628 1623 701 aliis
1659 626 2247 719 declamantibus,
2282 627 2439 701 lau·-

334 747 494 822 data
524 769 725 838 sunt,
762 761 1169 847 regerunt²z
1205 772 1495 844 magnas
1528 766 1767 818 tamen
1801 744 2205 834 sententiam,
2237 766 2306 818 et
2332 772 2437 817 res

331 863 551 938 bonas
576 864 706 960 (ita
732 864 925 938 enim
962 862 1235 961 gloriari
1265 860 1524 959 solent)
1557 859 1912 950 elidunt³;
1944 859 2156 936 nam4
2189 880 2257 935 et
2282 861 2439 933 bar-

329 979 481 1053 bari
505 1000 572 1053 et
592 980 805 1069 servi;
833 1001 931 1068 et,
956 979 1012 1052 si
1037 980 1171 1052 hoc
1197 1000 1299 1052 sat
1326 999 1458 1067 est,
1483 978 1682 1051 nulla
1706 998 1808 1050 est
1829 977 1998 1051 ratio
2015 975 2045 1022 ⁵
2071 976 2372 1051 dicendi.

430 1097 600 1170 CAP.
629 1097 785 1168 XII.
814 1097 918 1167 Ne
948 1095 1082 1166 hoc
1108 1095 1396 1195 quidem
1423 1093 1822 1193 negaverim
1841 1151 1861 1184 ‚
1890 1092 2089 1193 sequi
2116 1092 2437 1192 plerum-

329 1208 514 1310 que⁶
545 1211 729 1282 hanc
764 1210 1208 1309 opinionem,
1241 1231 1319 1282 ut
1349 1209 1632 1282 fortius?
1670 1210 1896 1283 dicere
1922 1206 2291 1282 videantur
2320 1208 2438 1280 in-

330 1325 515 1397 docti
550 1352 564 1395 :
611 1324 927 1424 primum
960 1324 1125 1397 vitio
1171 1325 1356 1397 male
1387 1324 1898 1427 judicantium,
1933 1324 2057 1425 qui
2096 1322 2437 1426 majorem

326 1441 590 1512 habere
618 1440 764 1511 vim
799 1440 1095 1514 credunt
1127 1468 1244 1533 ea,
1280 1467 1435 1540 quae
1463 1468 1609 1513 non
1637 1439 1904 1516 habent
1928 1460 2185 1528 artem3
2222 1460 2300 1511 ut
2330 1439 2440 1511 ef-

327 1557 632 1653 fringere
685 1582 901 1655 quarn
953 1556 1220 1657 aperire
1247 1612 1266 1645 ‚
1323 1581 1649 1656 rumpere
1696 1581 1913 1655 quam
1961 1552 2222 1626 solvere
2241 1609 2261 1642 ‚
2308 1574 2444 1626 tra-

328 1670 497 1742 here
531 1696 748 1769 quam
786 1669 1074 1757 ducere,
1100 1691 1352 1769 putant
1374 1669 1743 1744 robustius,
1775 1671 1958 1741 Nam
1992 1689 2061 1740 et
2081 1665 2440 1766 gladiator,

333 1785 456 1886 qui
490 1811 852 1884 armorum
885 1785 1143 1857 inscius
1173 1786 1245 1857 in
1277 1783 1641 1885 pugnam8
1675 1784 1846 1874 ruit;
1884 1804 1953 1856 et
1978 1782 2295 1874 luctator,
2319 1782 2444 1883 qui

406 2015 452 2050 1.
492 1999 883 2054 Commenmriis
910 2018 1210 2071 puerorum.
1241 2000 1342 2054 So-

325 2076 511 2132 lebam
548 2081 736 2149 pueri,
776 2092 835 2130 ut
870 2077 1053 2132 scribit
1088 2081 1305 2133 Tacitus
1323 2117 1343 2147 ‚

1503 2000 1555 2067 4.
1592 2001 1755 2053 Nam.
1794 2000 2114 2072 conjunctio
2148 2015 2441 2070 suppresse

1432 2083 1704 2134 sententiae
1726 2079 1911 2146 index,
1933 2077 2101 2150 qualis
2119 2076 2232 2130 haec
2251 2079 2410 2130 fuerit
2427 2099 2444 2130 ε

330 2173 496 2226 quum
514 2155 584 2208 ad
604 2155 814 2209 scholas
833 2156 1237 2212 declamator-ias
1254 2178 1343 2212 ve·

328 2249 517 2290 nerant
530 2274 548 2301 ‚
589 2239 877 2290 sententias
917 2240 1248 2290 venustiores
1290 2251 1344 2290 et

329 2313 481 2370 locos
500 2314 812 2372 illustriores
829 2315 1230 2372 declamationis
1248 2336 1345 2389 per

333 2394 575 2448 colonias
600 2411 652 2448 et
680 2401 979 2469 provincias
1005 2397 1263 2468 quasdam
1289 2401 1346 2452 in

333 2474 523 2530 libellis
543 2479 653 2530 suis
672 2477 902 2531 scribere
915 2515 933 2544 ,
952 2490 1006 2530 et
1022 2477 1243 2531 domum
1261 2496 1346 2530 re-

330 2554 486 2609 fene.
505 2557 673 2609 Tutin.

404 2652 453 2688 2.
486 2636 763 2710 Reqerunt.
800 2636 977 2691 Guelf.
1013 2637 1210 2709 rigent,
1242 2655 1342 2709 per

331 2731 563 2766 errorem
578 2750 596 2779 ‚
621 2727 680 2766 ut
700 2718 887 2769 Venet.
916 2726 1131 2787 oeqeoet,
1157 2718 1342 2767 Tarvi-

332 2795 447 2846 sina
485 2805 726 2867 reperent.
762 2798 997 2866 Recepta
1030 2799 1187 2849 unice
1219 2814 1343 2849 vera

332 2886 389 2924 et
406 2870 577 2924 Codd.
605 2875 764 2926 etiam
790 2873 1027 2927 defensa.
1048 2872 1184 2927 Vide
1211 2874 1343 2926 lexi-

331 2969 392 3004 ea
431 2949 501 3003 de
536 2952 827 3023 reqeoendo.
868 2981 937 2994 -
972 2955 1078 3005 RR.
1125 2969 1180 3019 1,
1220 2951 1251 3005 5
1289 2966 1344 3006 et

329 3031 523 3095 Cum,
546 3041 800 3103 mqerunt.
827 3034 887 3085 R.
916 3050 976 3097 2,
1000 3031 1270 3105 νεάίφιηες
1290 3044 1343 3084 et

238 3142 246 3149 ·
330 3112 511 3164 forsan
522 3129 583 3163 en
596 3109 755 3163 lectio
766 3125 846 3165 est
855 3112 970 3164 sola
979 3114 1228 3181 genuina.
1246 3114 1339 3165 En.

400 3189 454 3242 3.
480 3188 721 3241 Elidunt.
747 3192 1030 3242 Verissima
1054 3191 1343 3260 scriptura,

332 3287 448 3341 qum
476 3281 554 3322 est
584 3269 821 3321 omnium
849 3267 1020 3321 Codd.
1055 3270 1345 3337 Imaginem

329 3349 553 3420 petitam
586 3346 749 3400 credo
786 3366 819 3398 a
854 3345 1087 3401 nubibus
1120 3346 1345 3401 fulmina

331 3426 677 3492 elidenfihm,
697 3429 835 3480 sieut
858 3426 1021 3479 modo
1031 3425 1349 3500 jaculantur

331 3524 363 3557 a
387 3504 522 3557 telis.
548 3507 634 3559 sic
655 3506 809 3560 ovid.
835 3508 1051 3559 Metam.
1076 3509 1147 3559 Vl
1162 3543 1181 3571 ‚
1203 3505 1344 3574 696,

339 3604 365 3633 ι
383 3586 524 3636 cavis
555 3584 667 3637 elisi
699 3586 933 3639 nubibus
968 3589 1134 3656 ignes.
1157 3609 1181 3633 ι·
1210 3584 1345 3639 Vide

332 3663 410 3717 ibi
443 3665 615 3713 Burm-
649 3664 780 3716 Plin.
817 3667 946 3717 Hist.
983 3679 1090 3717 nat.
1126 3666 1203 3731 Π,
1234 3664 1341 3730 43·
1328 3704 1342 3717 .

340 3763 366 3792 ι
384 3745 545 3794 Posse
552 3740 840 3814 (spiritum)
854 3744 1106 3799 conflictu
1120 3742 1346 3797 nubium

340 3822 512 3875 «elidi
545 3835 606 3874 ut
640 3822 866 3874 duorum
904 3824 1168 3897 lapidum,
1202 3827 1345 3879 scin-

340 3923 364 3949 ·
384 3900 678 3954 tillnntibus
702 3900 958 3971 fulgetris.
979 3928 1002 3952 n
1024 3905 1256 3969 Seneca,
1277 3902 1346 3957 de

334 3980 573 4047 Provid.⁹
596 3998 643 4033 c.
678 3996 725 4043 ι,
754 4001 778 4027 ιι
797 3980 1038 4033 elisorum
1062 3983 1347 4035 fulminum

339 4083 366 4108 c
378 4065 574 4133 jactus.
594 4085 617 4110 a·
633 4061 879 4115 Alienum
889 4076 1068 4116 autem
1081 4064 1149 4116 ab
1164 4067 1346 4117 incon·

335 4142 563 4196 sidet-ata
576 4142 679 4195 hnc
695 4156 748 4196 et
760 4144 981 4195 fortuita
990 4143 1316 4214 jaculatione
1326 4182 1344 4214 ,

336 4220 568 4297 eligunt,
594 4222 741 4296 quod
765 4226 1030 4294 conjectat
1054 4224 1227 4277 Bul-m.

1421 2162 1629 2233 fateor.-
1644 2175 1704 2214 ut
1714 2164 1777 2228 11,
1795 2179 1881 2229 2ο,
1900 2177 1979 2212 ιο.
1995 2159 2101 2214 Sed
2115 2173 2299 2212 nomm
2315 2159 2441 2213 hoc.

1504 2239 1554 2293 5.
1585 2241 1755 2293 Ratio.
1782 2239 1984 2308 Θεωρία..
2005 2238 2140 2302 Vide
2165 2241 2242 2304 Π,
2267 2239 2328 2305 3,
2353 2238 2403 2291 6.

1505 2318 1557 2371 6.
1599 2319 1760 2392 Sequi
1798 2319 2124 2391 plerumque.
2163 2316 2447 2372 Librorum

1436 2396 1652 2468 quidem
1678 2397 1826 2450 nulla
1852 2399 2108 2461 varietas,
2139 2414 2315 2468 neque
2341 2394 2442 2450 hn-

1433 2474 1559 2541 bet,
1584 2493 1692 2546 quo
1721 2495 1779 2528 se
1806 2474 2060 2528 defendat
2080 2477 2287 2527 Francii
2309 2492 2444 2526 con-

1429 2559 1663 2628 jectum,
1688 2574 1799 2609 non
1821 2573 2012 2626 magna
2031 2555 2275 2627 profecto
2296 2573 2448 2609 men-

1431 2637 1498 2689 tin
1526 2638 1871 2689 contentione
1895 2637 2221 2706 excogitata,
2243 2634 2444 2708 pleros·

1430 2713 2269 2806 que.1ntelligunturautem,qpos
2282 2714 2444 2765 modo

1430 2792 1627 2863 (neque
1642 2796 1783 2846 enim
1795 2795 1912 2865 ipse
1931 2796 2106 2865 capita
2126 2796 2201 2846 sic
2216 2793 2444 2858 diremit,

1430 2873 1553 2927 vide
1579 2887 1764 2925 notam
1792 2872 1861 2925 ad
1889 2876 1942 2940 1,
1973 2872 2033 2940 5,
2069 2892 2088 2926 ι
2106 2912 2124 2940 ,
2155 2872 2445 2944 examinet)

1432 2952 1798 3022 designaverat
1821 2955 1878 3007 in
1899 2952 2119 3005 elidunt.
2148 2953 2308 3025 Sequi
2329 2953 2444 3023 opi-

1432 3031 1644 3082 nionem
1672 3031 1727 3083 h.
1760 3031 1793 3083 l.
1826 3044 1906 3085 est
1940 3054 1964 3079 αι
1984 3031 2161 3103 aliqua
2190 3035 2444 3103 opinione

1439 3130 1461 3155 σι
1480 3109 1643 3179 vulgo
1667 3122 1880 3181 recepta
1904 3128 1961 3162 se
1985 3112 2137 3162 tueri.
2161 3133 2184 3157 n

1506 3207 1553 3259 7.
1574 3189 1805 3254 Fortius,
1833 3210 1856 3234 ι
1871 3188 2266 3254 vehementius,
2285 3191 2446 3258 majo-

1440 3287 1539 3320 ere
1576 3286 1700 3321 cum
1736 3270 1828 3320 vi»
1869 3267 1977 3340 (sic
2010 3282 2063 3320 et
2095 3268 2231 3321 infra
2262 3270 2313 3335 5.
2343 3266 2445 3339 9),

1435 3348 1581 3420 quod
1621 3348 1820 3403 docent
1860 3367 1984 3401 mox
2025 3350 2338 3418 sequentia,
2378 3366 2446 3401 ne

1435 3431 1552 3499 quis
1573 3429 1819 3483 hocloco
1842 3427 2038 3481 tribuat
2057 3427 2322 3481 vocabulo
2342 3429 2444 3498 sig-

1432 3509 1794 3563 nificationem
1795 3508 2006 3578 ‚dequa
2018 3508 2276 3577 egimuss,
2293 3506 2443 3577 5,·72.

1425 3638 1429 3642 ,
1506 3588 1556 3641 8.
1590 3588 1659 3641 In
1689 3605 1945 3660 pugnam,
1979 3587 2154 3639 Guelf.
2186 3600 2240 3639 et
2265 3588 2443 3639 Turic.

1435 3666 1491 3718 in
1516 3667 1713 3730 rixam,
1740 3681 1794 3721 et
1821 3669 1897 3719 sie
1927 3685 2111 3720 omnes
2138 3666 2251 3719 fere
2273 3663 2442 3719 Codd.

1433 3747 1537 3799 nisi
1552 3745 1700 3816 quod
1713 3764 1742 3798 a
1757 3748 2058 3799 Bur-manno
2075 3745 2294 3798 silentur
2306 3748 2447 3798 Vos-

1434 3826 1568 3880 siani
1597 3838 1652 3877 et
1679 3826 1990 3890 Rex-nensis,
2022 3842 2054 3877 a
2081 3823 2321 3877 Gibsono
2349 3840 2445 3875 au·-

1436 3919 1541 3957 tem
1557 3906 1752 3959 Joann.
1774 3917 1828 3957 et
1847 3903 2172 3955 Baliolensis.
2194 3903 2447 3955 Britanni-

1433 4002 1528 4035 cos
1559 3983 1773 4053 quidem
1799 3981 1967 4036 Codd.
2000 3983 2282 4054 suspiceris
2311 3982 2447 4035 tueri

1432 4074 1735 4132 receptam,
1765 4079 1930 4131 quum
1962 4079 1993 4113 e
2025 4058 2225 4117 Bodlei.
2257 4060 2448 4113 afferat

1432 4140 1579 4197 Gihs.
1606 4140 1662 4191 in
1682 4140 1879 4204 rixam,
1901 4157 2024 4193 mox
2043 4152 2220 4193 autem
2233 4138 2357 4210 (hac
2371 4141 2455 4213 ip-

1436 4239 1494 4277 sa
1510 4220 1561 4293 S)
1579 4219 1649 4277 ad
1667 4220 1920 4275 incumbit
1931 4220 2239 4277 varietatem
2247 4222 2278 4275 J
2283 4240 2444 4275 oann.
