<?xml version="1.0" encoding="UTF-8"?>
<!DOCTYPE html PUBLIC "-//W3C//DTD XHTML 1.0 Transitional//EN"
    "http://www.w3.org/TR/xhtml1/DTD/xhtml1-transitional.dtd">
<html xmlns="http://www.w3.org/1999/xhtml" xml:lang="en" lang="en">
 <head>
  <title>
</title>
<meta http-equiv="Content-Type" content="text/html;charset=utf-8" />
  <meta name='ocr-system' content='tesseract 3.04.00' />
  <meta name='ocr-capabilities' content='ocr_page ocr_carea ocr_par ocr_line ocrx_word'/>
</head>
<body>
  <div class='ocr_page' id='page_1' title='image "./deinstitutioneo12quingoog_0094.png"; bbox 0 0 3200 5150; ppageno 0'>
   <div class='ocr_carea' id='block_1_1' title="bbox 66 3508 67 4588">
    <p class='ocr_par' dir='ltr' id='par_1_1' title="bbox 66 3508 67 4588">
     <span class='ocr_line' id='line_1_1' title="bbox 66 3508 67 4588; baseline 0 0"><span class='ocrx_word' id='word_1_1' title='bbox 66 3508 67 4588; x_wconf 95' lang='lat' dir='ltr'><strong> </strong></span> 
     </span>
    </p>
   </div>
   <div class='ocr_carea' id='block_1_2' title="bbox 822 476 964 549">
    <p class='ocr_par' dir='ltr' id='par_1_2' title="bbox 822 476 964 549">
     <span class='ocr_line' id='line_1_2' title="bbox 822 476 964 549; baseline 0.007 -1"><span class='ocrx_word' id='word_1_2' title='bbox 822 476 964 549; x_wconf 51' lang='lat'><strong>26⁸</strong></span> 
     </span>
    </p>
   </div>
   <div class='ocr_carea' id='block_1_3' title="bbox 1446 477 2394 563">
    <p class='ocr_par' dir='ltr' id='par_1_3' title="bbox 1446 477 2394 563">
     <span class='ocr_line' id='line_1_3' title="bbox 1446 477 2394 563; baseline -0.007 -14"><span class='ocrx_word' id='word_1_3' title='bbox 1446 482 1539 549; x_wconf 78' lang='lat' dir='ltr'><strong>M,</strong></span> <span class='ocrx_word' id='word_1_4' title='bbox 1578 481 1804 547; x_wconf 69' lang='lat' dir='ltr'><strong>men</strong></span> <span class='ocrx_word' id='word_1_5' title='bbox 1840 477 2394 563; x_wconf 70' lang='lat' dir='ltr'><strong>QUmTlem</strong></span> 
     </span>
    </p>
   </div>
   <div class='ocr_carea' id='block_1_4' title="bbox 772 582 2962 2509">
    <p class='ocr_par' dir='ltr' id='par_1_4' title="bbox 772 582 2962 2509">
     <span class='ocr_line' id='line_1_4' title="bbox 876 582 2951 684; baseline 0.001 -27"><span class='ocrx_word' id='word_1_6' title='bbox 876 585 1170 658; x_wconf 88' lang='lat' dir='ltr'><strong>maticus</strong></span> <span class='ocrx_word' id='word_1_7' title='bbox 1201 611 1482 684; x_wconf 91' lang='lat' dir='ltr'><strong>quoque</strong></span> <span class='ocrx_word' id='word_1_8' title='bbox 1516 584 1603 656; x_wconf 91' lang='lat' dir='ltr'><strong>de</strong></span> <span class='ocrx_word' id='word_1_9' title='bbox 1639 584 1898 655; x_wconf 89' lang='lat' dir='ltr'><strong>ratione</strong></span> <span class='ocrx_word' id='word_1_10' title='bbox 1931 582 2264 681; x_wconf 90' lang='lat' dir='ltr'><strong>loquendi</strong></span> <span class='ocrx_word' id='word_1_11' title='bbox 2298 583 2354 654; x_wconf 87' lang='lat' dir='ltr'><strong>si</strong></span> <span class='ocrx_word' id='word_1_12' title='bbox 2387 582 2703 674; x_wconf 78' lang='lat' dir='ltr'><strong>disserat,</strong></span> <span class='ocrx_word' id='word_1_13' title='bbox 2736 609 2951 682; x_wconf 63' lang='lat' dir='ltr'><strong>quaesn</strong></span> 
     </span>
     <span class='ocr_line' id='line_1_5' title="bbox 874 697 2945 799; baseline -0.001 -28"><span class='ocrx_word' id='word_1_14' title='bbox 874 700 1095 771; x_wconf 88' lang='lat' dir='ltr'><strong>tiones</strong></span> <span class='ocrx_word' id='word_1_15' title='bbox 1131 699 1454 799; x_wconf 85' lang='lat' dir='ltr'>explicet,</span> <span class='ocrx_word' id='word_1_16' title='bbox 1500 697 1813 771; x_wconf 79' lang='lat' dir='ltr'>historias</span> <span class='ocrx_word' id='word_1_17' title='bbox 1857 718 2186 797; x_wconf 85' lang='lat' dir='ltr'><strong>exponat,</strong></span> <span class='ocrx_word' id='word_1_18' title='bbox 2227 717 2545 796; x_wconf 82' lang='lat' dir='ltr'><strong>poemata</strong></span> <span class='ocrx_word' id='word_1_19' title='bbox 2586 719 2853 770; x_wconf 89' lang='lat' dir='ltr'><strong>enarret</strong></span> <span class='ocrx_word' id='word_1_20' title='bbox 2873 712 2896 743; x_wconf 59' lang='grc' dir='ltr'><strong>Ἰ</strong></span> <span class='ocrx_word' id='word_1_21' title='bbox 2931 725 2945 768; x_wconf 87' lang='grc'>;</span> 
     </span>
     <span class='ocr_line' id='line_1_6' title="bbox 774 802 2949 911; baseline -0.002 -24"><span class='ocrx_word' id='word_1_22' title='bbox 774 835 837 887; x_wconf 79' lang='grc' dir='ltr'><strong>ι5</strong></span> <span class='ocrx_word' id='word_1_23' title='bbox 875 834 973 885; x_wconf 92' lang='lat' dir='ltr'><strong>tot</strong></span> <span class='ocrx_word' id='word_1_24' title='bbox 1022 813 1141 884; x_wconf 89' lang='lat' dir='ltr'><strong>illa</strong></span> <span class='ocrx_word' id='word_1_25' title='bbox 1192 802 1493 901; x_wconf 82' lang='lat' dir='ltr'><strong>discent,</strong></span> <span class='ocrx_word' id='word_1_26' title='bbox 1536 832 1707 911; x_wconf 91' lang='lat' dir='ltr'><strong>quot</strong></span> <span class='ocrx_word' id='word_1_27' title='bbox 1751 811 2056 884; x_wconf 88' lang='lat' dir='ltr'><strong>audient.</strong></span> <span class='ocrx_word' id='word_1_28' title='bbox 2105 815 2195 883; x_wconf 90' lang='lat' dir='ltr'><strong>At</strong></span> <span class='ocrx_word' id='word_1_29' title='bbox 2244 811 2433 883; x_wconf 87' lang='lat' dir='ltr'><strong>enim</strong></span> <span class='ocrx_word' id='word_1_30' title='bbox 2486 811 2949 884; x_wconf 85' lang='lat' dir='ltr'><strong>emendationi</strong></span> 
     </span>
     <span class='ocr_line' id='line_1_7' title="bbox 874 925 2950 1026; baseline -0 -28"><span class='ocrx_word' id='word_1_31' title='bbox 874 927 1431 1026; x_wconf 74' lang='lat' dir='ltr'><strong>praelectionique</strong></span> <span class='ocrx_word' id='word_1_32' title='bbox 1495 953 1835 999; x_wconf 89' lang='lat' dir='ltr'><strong>numerus</strong></span> <span class='ocrx_word' id='word_1_33' title='bbox 1900 928 2118 999; x_wconf 86' lang='lat' dir='ltr'><strong>obstat</strong></span> <span class='ocrx_word' id='word_1_34' title='bbox 2142 941 2195 997; x_wconf 84' lang='lat'><strong>².</strong></span> <span class='ocrx_word' id='word_1_35' title='bbox 2262 926 2362 999; x_wconf 90' lang='lat' dir='ltr'><strong>Sit</strong></span> <span class='ocrx_word' id='word_1_36' title='bbox 2424 925 2950 998; x_wconf 90' lang='lat' dir='ltr'><strong>incommodum</strong></span> 
     </span>
     <span class='ocr_line' id='line_1_8' title="bbox 873 1040 2954 1142; baseline 0 -29"><span class='ocrx_word' id='word_1_37' title='bbox 873 1044 1081 1139; x_wconf 88' lang='lat' dir='ltr'><strong>(nam</strong></span> <span class='ocrx_word' id='word_1_38' title='bbox 1115 1042 1284 1142; x_wconf 90' lang='lat' dir='ltr'><strong>quid</strong></span> <span class='ocrx_word' id='word_1_39' title='bbox 1316 1043 1460 1112; x_wconf 91' lang='lat' dir='ltr'><strong>fere</strong></span> <span class='ocrx_word' id='word_1_40' title='bbox 1489 1041 1804 1138; x_wconf 90' lang='lat' dir='ltr'><strong>undique</strong></span> <span class='ocrx_word' id='word_1_41' title='bbox 1835 1040 2173 1139; x_wconf 82' lang='lat' dir='ltr'><strong>placet?),</strong></span> <span class='ocrx_word' id='word_1_42' title='bbox 2205 1067 2367 1113; x_wconf 83' lang='lat' dir='ltr'><strong>mox</strong></span> <span class='ocrx_word' id='word_1_43' title='bbox 2399 1040 2572 1113; x_wconf 91' lang='lat' dir='ltr'><strong>illud</strong></span> <span class='ocrx_word' id='word_1_44' title='bbox 2601 1064 2954 1140; x_wconf 86' lang='lat' dir='ltr'><strong>compara-</strong></span> 
     </span>
     <span class='ocr_line' id='line_1_9' title="bbox 870 1153 2952 1254; baseline -0.001 -26"><span class='ocrx_word' id='word_1_45' title='bbox 870 1156 1107 1228; x_wconf 84' lang='lat' dir='ltr'>bimus</span> <span class='ocrx_word' id='word_1_46' title='bbox 1161 1153 1570 1227; x_wconf 89' lang='lat' dir='ltr'><strong>commodis.</strong></span> <span class='ocrx_word' id='word_1_47' title='bbox 1630 1156 1774 1226; x_wconf 90' lang='lat' dir='ltr'><strong>Nec</strong></span> <span class='ocrx_word' id='word_1_48' title='bbox 1830 1180 1958 1252; x_wconf 82' lang='lat' dir='ltr'><strong>ego</strong></span> <span class='ocrx_word' id='word_1_49' title='bbox 2015 1174 2248 1226; x_wconf 87' lang='lat' dir='ltr'><strong>tamen</strong></span> <span class='ocrx_word' id='word_1_50' title='bbox 2306 1180 2389 1225; x_wconf 93' lang='lat' dir='ltr'><strong>eo</strong></span> <span class='ocrx_word' id='word_1_51' title='bbox 2436 1154 2610 1226; x_wconf 89' lang='lat' dir='ltr'><strong>mitti</strong></span> <span class='ocrx_word' id='word_1_52' title='bbox 2656 1181 2952 1254; x_wconf 87' lang='lat' dir='ltr'><strong>puerum</strong></span> 
     </span>
     <span class='ocr_line' id='line_1_10' title="bbox 869 1268 2955 1368; baseline -0 -28"><span class='ocrx_word' id='word_1_53' title='bbox 869 1270 1063 1360; x_wconf 83' lang='lat' dir='ltr'><strong>volo,</strong></span> <span class='ocrx_word' id='word_1_54' title='bbox 1098 1268 1221 1341; x_wconf 92' lang='lat' dir='ltr'><strong>ubi</strong></span> <span class='ocrx_word' id='word_1_55' title='bbox 1254 1268 1682 1368; x_wconf 76' lang='lat' dir='ltr'><strong>negligatur:</strong></span> <span class='ocrx_word' id='word_1_56' title='bbox 1728 1268 1848 1340; x_wconf 86' lang='lat' dir='ltr'><strong>sed</strong></span> <span class='ocrx_word' id='word_1_57' title='bbox 1883 1294 2110 1367; x_wconf 92' lang='lat' dir='ltr'><strong>neque</strong></span> <span class='ocrx_word' id='word_1_58' title='bbox 2145 1289 2519 1368; x_wconf 84' lang='lat' dir='ltr'><strong>praeceptor</strong></span> <span class='ocrx_word' id='word_1_59' title='bbox 2549 1269 2777 1340; x_wconf 88' lang='lat' dir='ltr'><strong>bonus</strong></span> <span class='ocrx_word' id='word_1_60' title='bbox 2811 1294 2955 1339; x_wconf 90' lang='lat' dir='ltr'><strong>ma-</strong></span> 
     </span>
     <span class='ocr_line' id='line_1_11' title="bbox 860 1381 2955 1485; baseline -0 -30"><span class='ocrx_word' id='word_1_61' title='bbox 860 1383 1013 1485; x_wconf 86' lang='lat' dir='ltr'><strong>jore</strong></span> <span class='ocrx_word' id='word_1_62' title='bbox 1046 1410 1117 1456; x_wconf 86' lang='lat' dir='ltr'><strong>se</strong></span> <span class='ocrx_word' id='word_1_63' title='bbox 1150 1384 1387 1473; x_wconf 89' lang='lat' dir='ltr'><strong>turba,</strong></span> <span class='ocrx_word' id='word_1_64' title='bbox 1429 1408 1646 1482; x_wconf 89' lang='lat' dir='ltr'><strong>quam</strong></span> <span class='ocrx_word' id='word_1_65' title='bbox 1680 1404 1758 1454; x_wconf 93' lang='lat' dir='ltr'><strong>ut</strong></span> <span class='ocrx_word' id='word_1_66' title='bbox 1789 1381 2122 1454; x_wconf 84' lang='lat' dir='ltr'><strong>sustinere</strong></span> <span class='ocrx_word' id='word_1_67' title='bbox 2157 1408 2313 1453; x_wconf 88' lang='lat' dir='ltr'><strong>eam</strong></span> <span class='ocrx_word' id='word_1_68' title='bbox 2349 1382 2594 1482; x_wconf 86' lang='lat' dir='ltr'><strong>possit,</strong></span> <span class='ocrx_word' id='word_1_69' title='bbox 2636 1409 2955 1457; x_wconf 83' lang='lat' dir='ltr'><strong>onerave-</strong></span> 
     </span>
     <span class='ocr_line' id='line_1_12' title="bbox 871 1495 2952 1597; baseline 0 -28"><span class='ocrx_word' id='word_1_70' title='bbox 871 1499 995 1587; x_wconf 89' lang='lat' dir='ltr'><strong>rit;</strong></span> <span class='ocrx_word' id='word_1_71' title='bbox 1029 1518 1096 1569; x_wconf 93' lang='lat' dir='ltr'><strong>et</strong></span> <span class='ocrx_word' id='word_1_72' title='bbox 1126 1496 1445 1597; x_wconf 84' lang='lat' dir='ltr'><strong>inprimis</strong></span> <span class='ocrx_word' id='word_1_73' title='bbox 1474 1524 1556 1571; x_wconf 88' lang='lat' dir='ltr'><strong>ea</strong></span> <span class='ocrx_word' id='word_1_74' title='bbox 1581 1496 1907 1570; x_wconf 90' lang='lat' dir='ltr'><strong>habenda</strong></span> <span class='ocrx_word' id='word_1_75' title='bbox 1929 1522 2094 1569; x_wconf 88' lang='lat' dir='ltr'><strong>cura</strong></span> <span class='ocrx_word' id='word_1_76' title='bbox 2122 1518 2257 1587; x_wconf 88' lang='lat' dir='ltr'><strong>est,</strong></span> <span class='ocrx_word' id='word_1_77' title='bbox 2282 1517 2360 1569; x_wconf 91' lang='lat' dir='ltr'><strong>ut</strong></span> <span class='ocrx_word' id='word_1_78' title='bbox 2391 1497 2449 1568; x_wconf 83' lang='lat' dir='ltr'><strong>is</strong></span> <span class='ocrx_word' id='word_1_79' title='bbox 2475 1497 2671 1569; x_wconf 92' lang='lat' dir='ltr'><strong>omni</strong></span> <span class='ocrx_word' id='word_1_80' title='bbox 2701 1497 2911 1569; x_wconf 88' lang='lat' dir='ltr'><strong>modo</strong></span> <span class='ocrx_word' id='word_1_81' title='bbox 2927 1495 2952 1542; x_wconf 87' lang='lat'>³</span> 
     </span>
     <span class='ocr_line' id='line_1_13' title="bbox 870 1609 2954 1699; baseline 0 -16"><span class='ocrx_word' id='word_1_82' title='bbox 870 1612 990 1683; x_wconf 83' lang='lat' dir='ltr'><strong>fiat</strong></span> <span class='ocrx_word' id='word_1_83' title='bbox 1017 1611 1217 1683; x_wconf 91' lang='lat' dir='ltr'><strong>nobis</strong></span> <span class='ocrx_word' id='word_1_84' title='bbox 1239 1609 1670 1683; x_wconf 85' lang='lat' dir='ltr'><strong>familiariter</strong></span> <span class='ocrx_word' id='word_1_85' title='bbox 1698 1610 1964 1683; x_wconf 88' lang='lat' dir='ltr'><strong>amicus</strong></span> <span class='ocrx_word' id='word_1_86' title='bbox 1986 1665 2006 1699; x_wconf 87' lang='lat'><strong>,</strong></span> <span class='ocrx_word' id='word_1_87' title='bbox 2040 1636 2170 1683; x_wconf 90' lang='lat' dir='ltr'><strong>nec</strong></span> <span class='ocrx_word' id='word_1_88' title='bbox 2200 1610 2515 1683; x_wconf 89' lang='lat' dir='ltr'><strong>officium</strong></span> <span class='ocrx_word' id='word_1_89' title='bbox 2545 1611 2618 1683; x_wconf 94' lang='lat' dir='ltr'><strong>in</strong></span> <span class='ocrx_word' id='word_1_90' title='bbox 2644 1610 2954 1684; x_wconf 89' lang='lat' dir='ltr'><strong>docendo</strong></span> 
     </span>
     <span class='ocr_line' id='line_1_14' title="bbox 871 1724 2951 1825; baseline 0.001 -29"><span class='ocrx_word' id='word_1_91' title='bbox 871 1746 1164 1825; x_wconf 85' lang='lat' dir='ltr'><strong>spectet,</strong></span> <span class='ocrx_word' id='word_1_92' title='bbox 1199 1724 1320 1797; x_wconf 92' lang='lat' dir='ltr'><strong>sed</strong></span> <span class='ocrx_word' id='word_1_93' title='bbox 1365 1726 1741 1799; x_wconf 87' lang='lat' dir='ltr'><strong>affectum:</strong></span> <span class='ocrx_word' id='word_1_94' title='bbox 1788 1725 1880 1796; x_wconf 91' lang='lat' dir='ltr'><strong>ita</strong></span> <span class='ocrx_word' id='word_1_95' title='bbox 1920 1750 2289 1824; x_wconf 88' lang='lat' dir='ltr'><strong>nunquam</strong></span> <span class='ocrx_word' id='word_1_96' title='bbox 2329 1725 2589 1797; x_wconf 89' lang='lat' dir='ltr'><strong>erimus</strong></span> <span class='ocrx_word' id='word_1_97' title='bbox 2623 1725 2696 1797; x_wconf 91' lang='lat' dir='ltr'><strong>in</strong></span> <span class='ocrx_word' id='word_1_98' title='bbox 2732 1728 2951 1798; x_wconf 86' lang='lat' dir='ltr'><strong>turba.</strong></span> 
     </span>
     <span class='ocr_line' id='line_1_15' title="bbox 772 1837 2953 1939; baseline 0 -29"><span class='ocrx_word' id='word_1_99' title='bbox 772 1858 835 1910; x_wconf 79' lang='lat'><strong>16</strong></span> <span class='ocrx_word' id='word_1_100' title='bbox 871 1842 1014 1911; x_wconf 89' lang='lat' dir='ltr'><strong>Nec</strong></span> <span class='ocrx_word' id='word_1_101' title='bbox 1067 1865 1232 1911; x_wconf 89' lang='lat' dir='ltr'><strong>sane</strong></span> <span class='ocrx_word' id='word_1_102' title='bbox 1281 1839 1695 1939; x_wconf 85' lang='lat' dir='ltr'><strong>quisquam,</strong></span> <span class='ocrx_word' id='word_1_103' title='bbox 1745 1837 1983 1911; x_wconf 88' lang='lat' dir='ltr'><strong>litteris</strong></span> <span class='ocrx_word' id='word_1_104' title='bbox 2031 1837 2274 1911; x_wconf 89' lang='lat' dir='ltr'><strong>saltem</strong></span> <span class='ocrx_word' id='word_1_105' title='bbox 2320 1837 2557 1911; x_wconf 88' lang='lat' dir='ltr'><strong>leviter</strong></span> <span class='ocrx_word' id='word_1_106' title='bbox 2596 1839 2953 1929; x_wconf 89' lang='lat' dir='ltr'><strong>imbutus,</strong></span> 
     </span>
     <span class='ocr_line' id='line_1_16' title="bbox 869 1952 2962 2053; baseline -0 -27"><span class='ocrx_word' id='word_1_107' title='bbox 869 1981 1034 2026; x_wconf 91' lang='lat' dir='ltr'><strong>eum</strong></span> <span class='ocrx_word' id='word_1_108' title='bbox 1054 2010 1074 2044; x_wconf 91' lang='lat'><strong>,</strong></span> <span class='ocrx_word' id='word_1_109' title='bbox 1100 1953 1174 2024; x_wconf 90' lang='lat' dir='ltr'><strong>in</strong></span> <span class='ocrx_word' id='word_1_110' title='bbox 1199 1980 1340 2052; x_wconf 92' lang='lat' dir='ltr'><strong>quo</strong></span> <span class='ocrx_word' id='word_1_111' title='bbox 1364 1952 1676 2026; x_wconf 90' lang='lat' dir='ltr'><strong>studium</strong></span> <span class='ocrx_word' id='word_1_112' title='bbox 1702 1952 2208 2052; x_wconf 74' lang='lat' dir='ltr'><strong>ingeniumque</strong></span> <span class='ocrx_word' id='word_1_113' title='bbox 2238 1952 2687 2053; x_wconf 83' lang='lat' dir='ltr'><strong>perspexerit,</strong></span> <span class='ocrx_word' id='word_1_114' title='bbox 2714 1976 2860 2026; x_wconf 93' lang='lat' dir='ltr'><strong>non</strong></span> <span class='ocrx_word' id='word_1_115' title='bbox 2885 1952 2962 2025; x_wconf 74' lang='lat' dir='ltr'><strong>in-</strong></span> 
     </span>
     <span class='ocr_line' id='line_1_17' title="bbox 868 2065 2956 2167; baseline 0 -28"><span class='ocrx_word' id='word_1_116' title='bbox 868 2094 1069 2139; x_wconf 88' lang='lat' dir='ltr'><strong>suam</strong></span> <span class='ocrx_word' id='word_1_117' title='bbox 1113 2094 1394 2167; x_wconf 89' lang='lat' dir='ltr'><strong>quoque</strong></span> <span class='ocrx_word' id='word_1_118' title='bbox 1441 2067 1732 2167; x_wconf 88' lang='lat' dir='ltr'><strong>gloriam</strong></span> <span class='ocrx_word' id='word_1_119' title='bbox 1770 2066 2206 2166; x_wconf 85' lang='lat' dir='ltr'><strong>peculiariter</strong></span> <span class='ocrx_word' id='word_1_120' title='bbox 2248 2065 2540 2156; x_wconf 83' lang='lat' dir='ltr'><strong>fovebit3</strong></span> <span class='ocrx_word' id='word_1_121' title='bbox 2583 2067 2703 2140; x_wconf 83' lang='lat' dir='ltr'><strong>sed</strong></span> <span class='ocrx_word' id='word_1_122' title='bbox 2739 2088 2818 2140; x_wconf 91' lang='lat' dir='ltr'><strong>ut</strong></span> <span class='ocrx_word' id='word_1_123' title='bbox 2849 2069 2956 2139; x_wconf 90' lang='lat' dir='ltr'><strong>fu-</strong></span> 
     </span>
     <span class='ocr_line' id='line_1_18' title="bbox 869 2178 2956 2280; baseline 0 -28"><span class='ocrx_word' id='word_1_124' title='bbox 869 2182 1137 2280; x_wconf 84' lang='lat' dir='ltr'><strong>giendae</strong></span> <span class='ocrx_word' id='word_1_125' title='bbox 1183 2181 1322 2254; x_wconf 89' lang='lat' dir='ltr'><strong>sint</strong></span> <span class='ocrx_word' id='word_1_126' title='bbox 1366 2207 1637 2279; x_wconf 85' lang='lat' dir='ltr'><strong>magnae</strong></span> <span class='ocrx_word' id='word_1_127' title='bbox 1680 2178 1929 2253; x_wconf 84' lang='lat' dir='ltr'><strong>scholae</strong></span> <span class='ocrx_word' id='word_1_128' title='bbox 1971 2180 2126 2280; x_wconf 93' lang='lat' dir='ltr'><strong>(cui</strong></span> <span class='ocrx_word' id='word_1_129' title='bbox 2167 2207 2256 2252; x_wconf 93' lang='lat' dir='ltr'><strong>ne</strong></span> <span class='ocrx_word' id='word_1_130' title='bbox 2299 2179 2428 2280; x_wconf 92' lang='lat' dir='ltr'><strong>ipsi</strong></span> <span class='ocrx_word' id='word_1_131' title='bbox 2469 2180 2756 2279; x_wconf 89' lang='lat' dir='ltr'><strong>quidem</strong></span> <span class='ocrx_word' id='word_1_132' title='bbox 2805 2178 2956 2253; x_wconf 74' lang='lat' dir='ltr'><strong>rei4</strong></span> 
     </span>
     <span class='ocr_line' id='line_1_19' title="bbox 869 2295 2954 2394; baseline -0.001 -25"><span class='ocrx_word' id='word_1_133' title='bbox 869 2296 1222 2388; x_wconf 88' lang='lat' dir='ltr'><strong>assentior,</strong></span> <span class='ocrx_word' id='word_1_134' title='bbox 1244 2296 1300 2368; x_wconf 89' lang='lat' dir='ltr'><strong>si</strong></span> <span class='ocrx_word' id='word_1_135' title='bbox 1324 2296 1414 2368; x_wconf 89' lang='lat' dir='ltr'><strong>ad</strong></span> <span class='ocrx_word' id='word_1_136' title='bbox 1437 2295 1746 2394; x_wconf 89' lang='lat' dir='ltr'><strong>aliquem</strong></span> <span class='ocrx_word' id='word_1_137' title='bbox 1771 2295 2018 2369; x_wconf 89' lang='lat' dir='ltr'><strong>merito</strong></span> <span class='ocrx_word' id='word_1_138' title='bbox 2043 2295 2523 2392; x_wconf 84' lang='lat' dir='ltr'><strong>concurritur),</strong></span> <span class='ocrx_word' id='word_1_139' title='bbox 2548 2321 2692 2368; x_wconf 91' lang='lat' dir='ltr'><strong>non</strong></span> <span class='ocrx_word' id='word_1_140' title='bbox 2720 2317 2954 2367; x_wconf 87' lang='lat' dir='ltr'><strong>tamen</strong></span> 
     </span>
     <span class='ocr_line' id='line_1_20' title="bbox 869 2408 2958 2509; baseline -0.001 -25"><span class='ocrx_word' id='word_1_141' title='bbox 869 2411 1004 2484; x_wconf 88' lang='lat' dir='ltr'><strong>hoc</strong></span> <span class='ocrx_word' id='word_1_142' title='bbox 1047 2438 1128 2483; x_wconf 90' lang='lat' dir='ltr'><strong>eo</strong></span> <span class='ocrx_word' id='word_1_143' title='bbox 1170 2410 1380 2503; x_wconf 85' lang='lat' dir='ltr'><strong>valet,</strong></span> <span class='ocrx_word' id='word_1_144' title='bbox 1423 2431 1502 2483; x_wconf 88' lang='lat' dir='ltr'><strong>ut</strong></span> <span class='ocrx_word' id='word_1_145' title='bbox 1533 2408 1884 2509; x_wconf 67' lang='lat' dir='ltr'><strong>fugiendae</strong></span> <span class='ocrx_word' id='word_1_146' title='bbox 1925 2409 2062 2482; x_wconf 91' lang='lat' dir='ltr'><strong>sint</strong></span> <span class='ocrx_word' id='word_1_147' title='bbox 2102 2409 2396 2505; x_wconf 75' lang='lat' dir='ltr'><strong>omnino</strong></span> <span class='ocrx_word' id='word_1_148' title='bbox 2433 2409 2704 2482; x_wconf 84' lang='lat' dir='ltr'><strong>scholae.</strong></span> <span class='ocrx_word' id='word_1_149' title='bbox 2747 2410 2958 2485; x_wconf 87' lang='lat' dir='ltr'><strong>Aliud</strong></span> 
     </span>
    </p>
   </div>
   <div class='ocr_carea' id='block_1_5' title="bbox 867 2598 1878 4088">
    <p class='ocr_par' dir='ltr' id='par_1_5' title="bbox 869 2598 1877 3378">
     <span class='ocr_line' id='line_1_21' title="bbox 950 2598 1873 2671; baseline -0.002 -20"><span class='ocrx_word' id='word_1_150' title='bbox 950 2616 992 2652; x_wconf 81' lang='grc' dir='ltr'><em>ι.</em></span> <span class='ocrx_word' id='word_1_151' title='bbox 1040 2598 1292 2651; x_wconf 71' lang='lat' dir='ltr'><strong>Historias</strong></span> <span class='ocrx_word' id='word_1_152' title='bbox 1329 2608 1585 2671; x_wconf 76' lang='lat' dir='ltr'><strong>exponat,</strong></span> <span class='ocrx_word' id='word_1_153' title='bbox 1629 2606 1873 2669; x_wconf 80' lang='lat' dir='ltr'><strong>poemata</strong></span> 
     </span>
     <span class='ocr_line' id='line_1_22' title="bbox 869 2674 1873 2748; baseline -0.002 -19"><span class='ocrx_word' id='word_1_154' title='bbox 869 2688 1086 2729; x_wconf 83' lang='lat' dir='ltr'><strong>enarret.</strong></span> <span class='ocrx_word' id='word_1_155' title='bbox 1130 2677 1376 2747; x_wconf 71' lang='lat' dir='ltr'><strong>Exponat</strong></span> <span class='ocrx_word' id='word_1_156' title='bbox 1413 2676 1569 2748; x_wconf 86' lang='lat' dir='ltr'><strong>plane</strong></span> <span class='ocrx_word' id='word_1_157' title='bbox 1610 2688 1689 2728; x_wconf 84' lang='lat' dir='ltr'><strong>est</strong></span> <span class='ocrx_word' id='word_1_158' title='bbox 1726 2674 1873 2746; x_wconf 86' lang='lat' dir='ltr'><strong>quod</strong></span> 
     </span>
     <span class='ocr_line' id='line_1_23' title="bbox 869 2756 1873 2825; baseline 0 -19"><span class='ocrx_word' id='word_1_159' title='bbox 869 2765 1075 2820; x_wconf 70' lang='lat' dir='ltr'><strong>nari-et,</strong></span> <span class='ocrx_word' id='word_1_160' title='bbox 1105 2758 1180 2806; x_wconf 73' lang='lat' dir='ltr'><strong>sic</strong></span> <span class='ocrx_word' id='word_1_161' title='bbox 1204 2757 1291 2820; x_wconf 85' lang='lat' dir='ltr'><strong>w,</strong></span> <span class='ocrx_word' id='word_1_162' title='bbox 1317 2773 1345 2806; x_wconf 66' lang='grc' dir='ltr'><strong>ει</strong></span> <span class='ocrx_word' id='word_1_163' title='bbox 1362 2792 1380 2821; x_wconf 87' lang='lat'><strong>,</strong></span> <span class='ocrx_word' id='word_1_164' title='bbox 1406 2756 1687 2825; x_wconf 63' lang='lat' dir='ltr'><strong>saepissime</strong></span> <span class='ocrx_word' id='word_1_165' title='bbox 1709 2756 1873 2807; x_wconf 78' lang='lat' dir='ltr'><strong>variat</strong></span> 
     </span>
     <span class='ocr_line' id='line_1_24' title="bbox 871 2832 1872 2903; baseline -0.001 -19"><span class='ocrx_word' id='word_1_166' title='bbox 871 2835 1168 2885; x_wconf 85' lang='lat' dir='ltr'><strong>orationem</strong></span> <span class='ocrx_word' id='word_1_167' title='bbox 1185 2835 1394 2899; x_wconf 78' lang='lat' dir='ltr'><strong>Noster,</strong></span> <span class='ocrx_word' id='word_1_168' title='bbox 1413 2833 1575 2883; x_wconf 88' lang='lat' dir='ltr'><strong>modo</strong></span> <span class='ocrx_word' id='word_1_169' title='bbox 1593 2832 1872 2903; x_wconf 70' lang='lat' dir='ltr'><strong>expositio-</strong></span> 
     </span>
     <span class='ocr_line' id='line_1_25' title="bbox 870 2912 1871 2984; baseline 0 -21"><span class='ocrx_word' id='word_1_170' title='bbox 870 2931 990 2964; x_wconf 81' lang='lat' dir='ltr'><strong>nem</strong></span> <span class='ocrx_word' id='word_1_171' title='bbox 1005 2912 1276 2984; x_wconf 77' lang='lat' dir='ltr'><strong>appellans</strong></span> <span class='ocrx_word' id='word_1_172' title='bbox 1286 2952 1303 2979; x_wconf 88' lang='lat'><strong>,</strong></span> <span class='ocrx_word' id='word_1_173' title='bbox 1318 2912 1477 2966; x_wconf 86' lang='lat' dir='ltr'><strong>modo</strong></span> <span class='ocrx_word' id='word_1_174' title='bbox 1494 2913 1842 2966; x_wconf 72' lang='lat' dir='ltr'><strong>narrationem</strong></span> <span class='ocrx_word' id='word_1_175' title='bbox 1852 2933 1871 2972; x_wconf 62' lang='grc' dir='ltr'><strong><em>ι</em></strong></span> 
     </span>
     <span class='ocr_line' id='line_1_26' title="bbox 871 2991 1874 3066; baseline -0.003 -20"><span class='ocrx_word' id='word_1_176' title='bbox 871 3012 939 3046; x_wconf 89' lang='lat' dir='ltr'><strong>ne</strong></span> <span class='ocrx_word' id='word_1_177' title='bbox 965 2997 1080 3064; x_wconf 83' lang='lat' dir='ltr'><strong>quis</strong></span> <span class='ocrx_word' id='word_1_178' title='bbox 1092 2993 1238 3047; x_wconf 73' lang='lat' dir='ltr'><strong>&#39;falso</strong></span> <span class='ocrx_word' id='word_1_179' title='bbox 1259 2991 1325 3046; x_wconf 89' lang='lat' dir='ltr'><strong>de</strong></span> <span class='ocrx_word' id='word_1_180' title='bbox 1345 2993 1764 3066; x_wconf 75' lang='lat' dir='ltr'><strong>interpretatione</strong></span> <span class='ocrx_word' id='word_1_181' title='bbox 1779 3009 1874 3044; x_wconf 88' lang='lat' dir='ltr'><strong>co-</strong></span> 
     </span>
     <span class='ocr_line' id='line_1_27' title="bbox 871 3070 1874 3142; baseline -0.003 -18"><span class='ocrx_word' id='word_1_182' title='bbox 871 3075 1017 3142; x_wconf 78' lang='lat' dir='ltr'><strong>gitet.</strong></span> <span class='ocrx_word' id='word_1_183' title='bbox 1042 3075 1265 3124; x_wconf 76' lang='lat' dir='ltr'><strong>Eum-ret</strong></span> <span class='ocrx_word' id='word_1_184' title='bbox 1285 3086 1460 3124; x_wconf 80' lang='lat' dir='ltr'><strong>autem</strong></span> <span class='ocrx_word' id='word_1_185' title='bbox 1478 3070 1764 3142; x_wconf 70' lang='lat' dir='ltr'><strong>significat:</strong></span> <span class='ocrx_word' id='word_1_186' title='bbox 1788 3070 1874 3121; x_wconf 77' lang='lat' dir='ltr'><strong>in-</strong></span> 
     </span>
     <span class='ocr_line' id='line_1_28' title="bbox 876 3150 1872 3222; baseline 0.001 -21"><span class='ocrx_word' id='word_1_187' title='bbox 876 3160 1185 3222; x_wconf 70' lang='lat' dir='ltr'><strong>terpretetur.</strong></span> <span class='ocrx_word' id='word_1_188' title='bbox 1236 3150 1546 3220; x_wconf 78' lang='lat' dir='ltr'><strong>Quoestiones</strong></span> <span class='ocrx_word' id='word_1_189' title='bbox 1588 3160 1713 3202; x_wconf 78' lang='lat' dir='ltr'><strong>sunt</strong></span> <span class='ocrx_word' id='word_1_190' title='bbox 1751 3166 1834 3202; x_wconf 72' lang='lat' dir='ltr'><strong>ree</strong></span> <span class='ocrx_word' id='word_1_191' title='bbox 1853 3185 1872 3216; x_wconf 84' lang='lat'>‚</span> 
     </span>
     <span class='ocr_line' id='line_1_29' title="bbox 874 3227 1877 3301; baseline -0.001 -21"><span class='ocrx_word' id='word_1_192' title='bbox 874 3228 942 3280; x_wconf 86' lang='lat' dir='ltr'><strong>de</strong></span> <span class='ocrx_word' id='word_1_193' title='bbox 985 3228 1176 3301; x_wconf 79' lang='lat' dir='ltr'><strong>quibus</strong></span> <span class='ocrx_word' id='word_1_194' title='bbox 1217 3227 1557 3280; x_wconf 76' lang='lat' dir='ltr'><strong>Grammatict&#39;</strong></span> <span class='ocrx_word' id='word_1_195' title='bbox 1588 3236 1788 3278; x_wconf 74' lang='lat' dir='ltr'><strong>cer-tant</strong></span> <span class='ocrx_word' id='word_1_196' title='bbox 1824 3237 1877 3279; x_wconf 81' lang='lat' dir='ltr'><strong>et</strong></span> 
     </span>
     <span class='ocr_line' id='line_1_30' title="bbox 874 3304 1539 3378; baseline 0.002 -21"><span class='ocrx_word' id='word_1_197' title='bbox 874 3306 1047 3359; x_wconf 80' lang='lat' dir='ltr'><strong>adhuc</strong></span> <span class='ocrx_word' id='word_1_198' title='bbox 1069 3304 1347 3378; x_wconf 74' lang='lat' dir='ltr'><strong>subjudice</strong></span> <span class='ocrx_word' id='word_1_199' title='bbox 1371 3305 1433 3357; x_wconf 74' lang='lat' dir='ltr'><strong>la‘s</strong></span> <span class='ocrx_word' id='word_1_200' title='bbox 1452 3315 1539 3358; x_wconf 75' lang='lat' dir='ltr'><strong>est.</strong></span> 
     </span>
    </p>

    <p class='ocr_par' dir='ltr' id='par_1_6' title="bbox 867 3384 1878 4088">
     <span class='ocr_line' id='line_1_31' title="bbox 949 3384 1877 3456; baseline -0.003 -17"><span class='ocrx_word' id='word_1_201' title='bbox 949 3405 998 3439; x_wconf 81' lang='lat'><strong>2.</strong></span> <span class='ocrx_word' id='word_1_202' title='bbox 1040 3385 1468 3456; x_wconf 80' lang='lat' dir='ltr'><strong>Proelectionique</strong></span> <span class='ocrx_word' id='word_1_203' title='bbox 1504 3401 1749 3436; x_wconf 74' lang='lat' dir='ltr'><strong>numerus</strong></span> <span class='ocrx_word' id='word_1_204' title='bbox 1785 3384 1877 3436; x_wconf 80' lang='lat' dir='ltr'><strong>ob-</strong></span> 
     </span>
     <span class='ocr_line' id='line_1_32' title="bbox 873 3464 1877 3533; baseline -0.004 -14"><span class='ocrx_word' id='word_1_205' title='bbox 873 3477 989 3519; x_wconf 78' lang='lat' dir='ltr'><strong>stat.</strong></span> <span class='ocrx_word' id='word_1_206' title='bbox 1016 3468 1138 3518; x_wconf 86' lang='lat' dir='ltr'><strong>Non</strong></span> <span class='ocrx_word' id='word_1_207' title='bbox 1161 3465 1335 3514; x_wconf 79' lang='lat' dir='ltr'><strong>statim</strong></span> <span class='ocrx_word' id='word_1_208' title='bbox 1360 3467 1608 3532; x_wconf 80' lang='lat' dir='ltr'><strong>apparet,</strong></span> <span class='ocrx_word' id='word_1_209' title='bbox 1633 3464 1723 3532; x_wconf 86' lang='lat' dir='ltr'><strong>qui</strong></span> <span class='ocrx_word' id='word_1_210' title='bbox 1741 3479 1877 3533; x_wconf 78' lang='lat' dir='ltr'><strong>proe-</strong></span> 
     </span>
     <span class='ocr_line' id='line_1_33' title="bbox 875 3542 1878 3612; baseline -0.001 -15"><span class='ocrx_word' id='word_1_211' title='bbox 875 3545 1086 3598; x_wconf 76' lang='lat' dir='ltr'><strong>lectioni</strong></span> <span class='ocrx_word' id='word_1_212' title='bbox 1106 3562 1354 3595; x_wconf 80' lang='lat' dir='ltr'><strong>numerus</strong></span> <span class='ocrx_word' id='word_1_213' title='bbox 1376 3542 1574 3609; x_wconf 84' lang='lat' dir='ltr'><strong>obstet,</strong></span> <span class='ocrx_word' id='word_1_214' title='bbox 1594 3557 1759 3612; x_wconf 79' lang='lat' dir='ltr'><strong>quum</strong></span> <span class='ocrx_word' id='word_1_215' title='bbox 1778 3561 1878 3596; x_wconf 77' lang='lat' dir='ltr'><strong>vox</strong></span> 
     </span>
     <span class='ocr_line' id='line_1_34' title="bbox 875 3618 1876 3696; baseline 0.001 -23"><span class='ocrx_word' id='word_1_216' title='bbox 875 3622 972 3696; x_wconf 64' lang='lat' dir='ltr'><strong>illa</strong></span> <span class='ocrx_word' id='word_1_217' title='bbox 990 3620 1060 3672; x_wconf 83' lang='lat' dir='ltr'><strong>ad</strong></span> <span class='ocrx_word' id='word_1_218' title='bbox 1077 3639 1252 3675; x_wconf 78' lang='lat' dir='ltr'><strong>omnes</strong></span> <span class='ocrx_word' id='word_1_219' title='bbox 1267 3618 1505 3673; x_wconf 81' lang='lat' dir='ltr'><strong>videatur</strong></span> <span class='ocrx_word' id='word_1_220' title='bbox 1517 3620 1876 3693; x_wconf 60' lang='lat' dir='ltr'><strong>perferti.,Sed</strong></span> 
     </span>
     <span class='ocr_line' id='line_1_35' title="bbox 873 3698 1876 3770; baseline -0.002 -17"><span class='ocrx_word' id='word_1_221' title='bbox 873 3700 1179 3770; x_wconf 80' lang='lat' dir='ltr'><strong>intelligitur</strong></span> <span class='ocrx_word' id='word_1_222' title='bbox 1201 3698 1318 3750; x_wconf 83' lang='lat' dir='ltr'><strong>talis</strong></span> <span class='ocrx_word' id='word_1_223' title='bbox 1336 3698 1622 3770; x_wconf 70' lang='lat' dir='ltr'><strong>praelectio,</strong></span> <span class='ocrx_word' id='word_1_224' title='bbox 1645 3716 1749 3769; x_wconf 89' lang='lat' dir='ltr'><strong>qua</strong></span> <span class='ocrx_word' id='word_1_225' title='bbox 1767 3701 1876 3751; x_wconf 81' lang='lat' dir='ltr'><strong>sin-</strong></span> 
     </span>
     <span class='ocr_line' id='line_1_36' title="bbox 873 3778 1875 3849; baseline 0 -20"><span class='ocrx_word' id='word_1_226' title='bbox 873 3778 1008 3848; x_wconf 77' lang='lat' dir='ltr'><strong>gulis</strong></span> <span class='ocrx_word' id='word_1_227' title='bbox 1026 3779 1227 3849; x_wconf 83' lang='lat' dir='ltr'><strong>pueris,</strong></span> <span class='ocrx_word' id='word_1_228' title='bbox 1244 3793 1358 3846; x_wconf 85' lang='lat' dir='ltr'><strong>quae</strong></span> <span class='ocrx_word' id='word_1_229' title='bbox 1376 3778 1477 3847; x_wconf 80' lang='lat' dir='ltr'><strong>ipsi</strong></span> <span class='ocrx_word' id='word_1_230' title='bbox 1497 3789 1619 3827; x_wconf 79' lang='lat' dir='ltr'><strong>sunt</strong></span> <span class='ocrx_word' id='word_1_231' title='bbox 1637 3795 1875 3848; x_wconf 86' lang='lat' dir='ltr'><strong>pronun-</strong></span> 
     </span>
     <span class='ocr_line' id='line_1_37' title="bbox 873 3857 1874 3928; baseline -0.001 -18"><span class='ocrx_word' id='word_1_232' title='bbox 873 3860 1090 3924; x_wconf 79' lang='lat' dir='ltr'><strong>ciatur-i,</strong></span> <span class='ocrx_word' id='word_1_233' title='bbox 1119 3857 1394 3926; x_wconf 67' lang='lat' dir='ltr'><strong>diligenter</strong></span> <span class='ocrx_word' id='word_1_234' title='bbox 1418 3870 1655 3928; x_wconf 68' lang='lat' dir='ltr'><strong>preeunt</strong></span> <span class='ocrx_word' id='word_1_235' title='bbox 1680 3859 1874 3926; x_wconf 73' lang='lat' dir='ltr'><strong>magis-</strong></span> 
     </span>
     <span class='ocr_line' id='line_1_38' title="bbox 867 3935 1873 4008; baseline 0.002 -20"><span class='ocrx_word' id='word_1_236' title='bbox 867 3940 971 4004; x_wconf 73' lang='lat' dir='ltr'><strong>‘tx-i,</strong></span> <span class='ocrx_word' id='word_1_237' title='bbox 1009 3935 1155 4008; x_wconf 87' lang='lat' dir='ltr'><strong>quod</strong></span> <span class='ocrx_word' id='word_1_238' title='bbox 1192 3955 1316 3989; x_wconf 78' lang='lat' dir='ltr'><strong>sane</strong></span> <span class='ocrx_word' id='word_1_239' title='bbox 1350 3938 1435 3989; x_wconf 74' lang='lat' dir='ltr'><strong>vix</strong></span> <span class='ocrx_word' id='word_1_240' title='bbox 1470 3936 1682 3989; x_wconf 76' lang='lat' dir='ltr'><strong>duobus</strong></span> <span class='ocrx_word' id='word_1_241' title='bbox 1717 3938 1873 3990; x_wconf 75' lang='lat' dir='ltr'><strong>simul</strong></span> 
     </span>
     <span class='ocr_line' id='line_1_39' title="bbox 872 4012 1870 4088; baseline 0.002 -22"><span class='ocrx_word' id='word_1_242' title='bbox 872 4028 1048 4088; x_wconf 76' lang='lat' dir='ltr'><strong>potest</strong></span> <span class='ocrx_word' id='word_1_243' title='bbox 1066 4017 1313 4086; x_wconf 65' lang='lat' dir='ltr'><strong>praestari.</strong></span> <span class='ocrx_word' id='word_1_244' title='bbox 1329 4012 1448 4066; x_wconf 84' lang='lat' dir='ltr'><strong>vid.</strong></span> <span class='ocrx_word' id='word_1_245' title='bbox 1472 4014 1517 4084; x_wconf 72' lang='grc' dir='ltr'><em>ς.</em></span> <span class='ocrx_word' id='word_1_246' title='bbox 1545 4032 1606 4068; x_wconf 76' lang='lat' dir='ltr'><strong>ta</strong></span> <span class='ocrx_word' id='word_1_247' title='bbox 1626 4037 1638 4065; x_wconf 89' lang='lat'>:</span> <span class='ocrx_word' id='word_1_248' title='bbox 1666 4014 1870 4068; x_wconf 76' lang='lat' dir='ltr'><strong>lectio...</strong></span> 
     </span>
    </p>
   </div>
   <div class='ocr_carea' id='block_1_6' title="bbox 858 4092 1875 4245">
    <p class='ocr_par' dir='ltr' id='par_1_7' title="bbox 858 4092 1875 4245">
     <span class='ocr_line' id='line_1_40' title="bbox 865 4092 1875 4167; baseline 0.003 -22"><span class='ocrx_word' id='word_1_249' title='bbox 865 4105 1184 4167; x_wconf 66' lang='lat' dir='ltr'><strong>praeeunte...</strong></span> <span class='ocrx_word' id='word_1_250' title='bbox 1209 4106 1334 4167; x_wconf 65' lang='lat' dir='ltr'><strong>eget.</strong></span> <span class='ocrx_word' id='word_1_251' title='bbox 1350 4092 1484 4147; x_wconf 85' lang='lat' dir='ltr'><strong>Vide</strong></span> <span class='ocrx_word' id='word_1_252' title='bbox 1507 4097 1666 4148; x_wconf 83' lang='lat' dir='ltr'><strong>etiam</strong></span> <span class='ocrx_word' id='word_1_253' title='bbox 1685 4094 1773 4148; x_wconf 86' lang='lat' dir='ltr'><strong>lib.</strong></span> <span class='ocrx_word' id='word_1_254' title='bbox 1797 4097 1841 4148; x_wconf 90' lang='lat'><strong>11</strong></span> <span class='ocrx_word' id='word_1_255' title='bbox 1856 4131 1875 4160; x_wconf 78' lang='lat'><strong>‚</strong></span> 
     </span>
     <span class='ocr_line' id='line_1_41' title="bbox 858 4170 1542 4245; baseline 0 -22"><span class='ocrx_word' id='word_1_256' title='bbox 858 4190 919 4233; x_wconf 69' lang='lat'><strong>,⁶-</strong></span> <span class='ocrx_word' id='word_1_257' title='bbox 948 4170 1011 4237; x_wconf 85' lang='lat'><strong>5;</strong></span> <span class='ocrx_word' id='word_1_258' title='bbox 1037 4186 1088 4225; x_wconf 86' lang='lat' dir='ltr'><strong>et</strong></span> <span class='ocrx_word' id='word_1_259' title='bbox 1110 4172 1200 4225; x_wconf 88' lang='lat' dir='ltr'><strong>lib.</strong></span> <span class='ocrx_word' id='word_1_260' title='bbox 1228 4175 1325 4243; x_wconf 85' lang='lat' dir='ltr'><strong>ul,</strong></span> <span class='ocrx_word' id='word_1_261' title='bbox 1350 4191 1466 4245; x_wconf 86' lang='lat' dir='ltr'><strong>cap.</strong></span> <span class='ocrx_word' id='word_1_262' title='bbox 1495 4173 1542 4241; x_wconf 96' lang='lat'><strong>4.</strong></span> 
     </span>
    </p>
   </div>
   <div class='ocr_carea' id='block_1_7' title="bbox 1959 2592 2965 4251">
    <p class='ocr_par' dir='ltr' id='par_1_8' title="bbox 1959 2592 2963 3141">
     <span class='ocr_line' id='line_1_42' title="bbox 2034 2592 2959 2651; baseline -0.004 0"><span class='ocrx_word' id='word_1_263' title='bbox 2034 2598 2083 2651; x_wconf 87' lang='grc'><em>3.</em></span> <span class='ocrx_word' id='word_1_264' title='bbox 2117 2597 2187 2650; x_wconf 82' lang='lat' dir='ltr'><strong>Ut</strong></span> <span class='ocrx_word' id='word_1_265' title='bbox 2208 2596 2250 2650; x_wconf 80' lang='lat' dir='ltr'><strong>t&#39;s</strong></span> <span class='ocrx_word' id='word_1_266' title='bbox 2271 2596 2419 2649; x_wconf 77' lang='lat' dir='ltr'><strong>omni</strong></span> <span class='ocrx_word' id='word_1_267' title='bbox 2440 2592 2610 2649; x_wconf 77' lang='lat' dir='ltr'><strong>modo·</strong></span> <span class='ocrx_word' id='word_1_268' title='bbox 2633 2595 2829 2649; x_wconf 82' lang='lat' dir='ltr'><strong>Rollin.</strong></span> <span class='ocrx_word' id='word_1_269' title='bbox 2856 2614 2959 2649; x_wconf 74' lang='lat' dir='ltr'><strong>onr-</strong></span> 
     </span>
     <span class='ocr_line' id='line_1_43' title="bbox 1961 2674 2960 2746; baseline 0 -19"><span class='ocrx_word' id='word_1_270' title='bbox 1961 2675 2105 2727; x_wconf 78' lang='lat' dir='ltr'><strong>m‘no.</strong></span> <span class='ocrx_word' id='word_1_271' title='bbox 2142 2677 2219 2727; x_wconf 81' lang='lat' dir='ltr'><strong>Ita</strong></span> <span class='ocrx_word' id='word_1_272' title='bbox 2251 2693 2465 2746; x_wconf 84' lang='lat' dir='ltr'><strong>quoque</strong></span> <span class='ocrx_word' id='word_1_273' title='bbox 2501 2674 2625 2727; x_wconf 85' lang='lat' dir='ltr'><strong>edit.</strong></span> <span class='ocrx_word' id='word_1_274' title='bbox 2659 2674 2927 2727; x_wconf 78' lang='lat' dir='ltr'><strong>Hackiana</strong></span> <span class='ocrx_word' id='word_1_275' title='bbox 2943 2714 2960 2741; x_wconf 85' lang='lat'><strong>,</strong></span> 
     </span>
     <span class='ocr_line' id='line_1_44' title="bbox 1967 2752 2962 2819; baseline -0.001 -13"><span class='ocrx_word' id='word_1_276' title='bbox 1967 2753 2128 2819; x_wconf 82' lang='lat'><strong>1665,</strong></span> <span class='ocrx_word' id='word_1_277' title='bbox 2155 2755 2267 2805; x_wconf 82' lang='lat' dir='ltr'><strong>sine</strong></span> <span class='ocrx_word' id='word_1_278' title='bbox 2291 2755 2618 2805; x_wconf 70' lang='lat' dir='ltr'><strong>auctoritate.</strong></span> <span class='ocrx_word' id='word_1_279' title='bbox 2646 2752 2882 2819; x_wconf 81' lang='lat' dir='ltr'><strong>Deinde,</strong></span> <span class='ocrx_word' id='word_1_280' title='bbox 2904 2764 2962 2806; x_wconf 78' lang='lat' dir='ltr'><strong>ut</strong></span> 
     </span>
     <span class='ocr_line' id='line_1_45' title="bbox 1961 2828 2962 2904; baseline 0 -20"><span class='ocrx_word' id='word_1_281' title='bbox 1961 2828 2129 2904; x_wconf 75' lang='lat' dir='ltr'><strong>isfiat.</strong></span> <span class='ocrx_word' id='word_1_282' title='bbox 2150 2831 2294 2884; x_wconf 84' lang='lat' dir='ltr'><strong>Idem</strong></span> <span class='ocrx_word' id='word_1_283' title='bbox 2312 2835 2412 2884; x_wconf 78' lang='lat' dir='ltr'><strong>ait:</strong></span> <span class='ocrx_word' id='word_1_284' title='bbox 2439 2834 2519 2885; x_wconf 88' lang='lat' dir='ltr'><strong>De</strong></span> <span class='ocrx_word' id='word_1_285' title='bbox 2538 2831 2775 2904; x_wconf 80' lang='lat' dir='ltr'><strong>patribus</strong></span> <span class='ocrx_word' id='word_1_286' title='bbox 2794 2832 2962 2903; x_wconf 76' lang='lat' dir='ltr'><strong>loqui·</strong></span> 
     </span>
     <span class='ocr_line' id='line_1_46' title="bbox 1962 2909 2961 2982; baseline 0.001 -20"><span class='ocrx_word' id='word_1_287' title='bbox 1962 2922 2066 2975; x_wconf 84' lang='lat' dir='ltr'><strong>tur,</strong></span> <span class='ocrx_word' id='word_1_288' title='bbox 2075 2909 2158 2962; x_wconf 79' lang='lat' dir='ltr'><strong>vel</strong></span> <span class='ocrx_word' id='word_1_289' title='bbox 2174 2909 2240 2962; x_wconf 86' lang='lat' dir='ltr'><strong>de</strong></span> <span class='ocrx_word' id='word_1_290' title='bbox 2259 2912 2452 2982; x_wconf 74' lang='lat' dir='ltr'><strong>pneris.</strong></span> <span class='ocrx_word' id='word_1_291' title='bbox 2467 2910 2760 2982; x_wconf 83' lang='lat' dir='ltr'><strong>Utrobique</strong></span> <span class='ocrx_word' id='word_1_292' title='bbox 2777 2928 2961 2964; x_wconf 70' lang='lat' dir='ltr'><strong>sensus</strong></span> 
     </span>
     <span class='ocr_line' id='line_1_47' title="bbox 1961 2991 2963 3062; baseline 0.003 -22"><span class='ocrx_word' id='word_1_293' title='bbox 1961 3001 2184 3041; x_wconf 70' lang='lat' dir='ltr'><strong>constat.</strong></span> <span class='ocrx_word' id='word_1_294' title='bbox 2201 2992 2279 3043; x_wconf 89' lang='lat' dir='ltr'><strong>De</strong></span> <span class='ocrx_word' id='word_1_295' title='bbox 2291 2992 2468 3062; x_wconf 74' lang='lat' dir='ltr'><strong>pueris</strong></span> <span class='ocrx_word' id='word_1_296' title='bbox 2481 2992 2661 3061; x_wconf 79' lang='lat' dir='ltr'><strong>potius</strong></span> <span class='ocrx_word' id='word_1_297' title='bbox 2678 3009 2800 3043; x_wconf 86' lang='lat' dir='ltr'><strong>enm</strong></span> <span class='ocrx_word' id='word_1_298' title='bbox 2820 2991 2963 3043; x_wconf 82' lang='lat' dir='ltr'><strong>locu-</strong></span> 
     </span>
     <span class='ocr_line' id='line_1_48' title="bbox 1959 3068 2908 3141; baseline 0.005 -21"><span class='ocrx_word' id='word_1_299' title='bbox 1959 3081 2073 3120; x_wconf 85' lang='lat' dir='ltr'><strong>tum</strong></span> <span class='ocrx_word' id='word_1_300' title='bbox 2095 3088 2236 3135; x_wconf 77' lang='lat' dir='ltr'><strong>esse,</strong></span> <span class='ocrx_word' id='word_1_301' title='bbox 2259 3072 2437 3141; x_wconf 80' lang='lat' dir='ltr'><strong>potius</strong></span> <span class='ocrx_word' id='word_1_302' title='bbox 2462 3068 2786 3123; x_wconf 83' lang='lat' dir='ltr'><strong>crediderim.</strong></span> <span class='ocrx_word' id='word_1_303' title='bbox 2813 3075 2908 3125; x_wconf 85' lang='lat' dir='ltr'><strong>En.</strong></span> 
     </span>
    </p>

    <p class='ocr_par' dir='ltr' id='par_1_9' title="bbox 1959 3144 2965 4251">
     <span class='ocr_line' id='line_1_49' title="bbox 2030 3144 2963 3222; baseline 0.002 -22"><span class='ocrx_word' id='word_1_304' title='bbox 2030 3148 2081 3214; x_wconf 77' lang='grc'><em>4.</em></span> <span class='ocrx_word' id='word_1_305' title='bbox 2102 3144 2187 3200; x_wconf 83' lang='lat' dir='ltr'><strong>Ne</strong></span> <span class='ocrx_word' id='word_1_306' title='bbox 2205 3148 2301 3219; x_wconf 70' lang='lat' dir='ltr'><strong>ipsi</strong></span> <span class='ocrx_word' id='word_1_307' title='bbox 2313 3147 2523 3220; x_wconf 77' lang='lat' dir='ltr'><strong>quidem</strong></span> <span class='ocrx_word' id='word_1_308' title='bbox 2542 3147 2630 3199; x_wconf 80' lang='lat' dir='ltr'><strong>rei.</strong></span> <span class='ocrx_word' id='word_1_309' title='bbox 2651 3149 2850 3221; x_wconf 84' lang='lat' dir='ltr'><strong>Recepi</strong></span> <span class='ocrx_word' id='word_1_310' title='bbox 2870 3151 2963 3222; x_wconf 72' lang='lat' dir='ltr'><strong>ipsi</strong></span> 
     </span>
     <span class='ocr_line' id='line_1_50' title="bbox 1959 3225 2960 3298; baseline 0.005 -21"><span class='ocrx_word' id='word_1_311' title='bbox 1959 3244 2058 3297; x_wconf 84' lang='lat' dir='ltr'><strong>pro</strong></span> <span class='ocrx_word' id='word_1_312' title='bbox 2079 3227 2207 3298; x_wconf 74' lang='lat' dir='ltr'><strong>ipse,</strong></span> <span class='ocrx_word' id='word_1_313' title='bbox 2231 3225 2374 3297; x_wconf 85' lang='lat' dir='ltr'><strong>qnod</strong></span> <span class='ocrx_word' id='word_1_314' title='bbox 2395 3240 2473 3279; x_wconf 82' lang='lat' dir='ltr'><strong>est</strong></span> <span class='ocrx_word' id='word_1_315' title='bbox 2490 3228 2545 3278; x_wconf 90' lang='lat' dir='ltr'><strong>in</strong></span> <span class='ocrx_word' id='word_1_316' title='bbox 2569 3227 2815 3280; x_wconf 70' lang='lat' dir='ltr'><strong>omnibus</strong></span> <span class='ocrx_word' id='word_1_317' title='bbox 2840 3229 2960 3283; x_wconf 82' lang='lat' dir='ltr'><strong>edd.</strong></span> 
     </span>
     <span class='ocr_line' id='line_1_51' title="bbox 1960 3305 2959 3378; baseline 0.006 -21"><span class='ocrx_word' id='word_1_318' title='bbox 1960 3320 2149 3378; x_wconf 67' lang='lat' dir='ltr'><strong>preter</strong></span> <span class='ocrx_word' id='word_1_319' title='bbox 2168 3305 2297 3360; x_wconf 78' lang='lat' dir='ltr'><strong>Obr.</strong></span> <span class='ocrx_word' id='word_1_320' title='bbox 2323 3326 2353 3359; x_wconf 89' lang='lat' dir='ltr'><strong>e</strong></span> <span class='ocrx_word' id='word_1_321' title='bbox 2373 3305 2549 3360; x_wconf 84' lang='lat' dir='ltr'><strong>Guelf.</strong></span> <span class='ocrx_word' id='word_1_322' title='bbox 2572 3306 2710 3359; x_wconf 80' lang='lat' dir='ltr'><strong>Alm.</strong></span> <span class='ocrx_word' id='word_1_323' title='bbox 2730 3311 2885 3361; x_wconf 75' lang='lat' dir='ltr'><strong>Voss.</strong></span> <span class='ocrx_word' id='word_1_324' title='bbox 2912 3311 2959 3364; x_wconf 84' lang='lat'><strong>3.</strong></span> 
     </span>
     <span class='ocr_line' id='line_1_52' title="bbox 1961 3388 2964 3459; baseline 0.005 -21"><span class='ocrx_word' id='word_1_325' title='bbox 1961 3388 2057 3438; x_wconf 81' lang='lat' dir='ltr'><strong>Res</strong></span> <span class='ocrx_word' id='word_1_326' title='bbox 2072 3406 2161 3453; x_wconf 80' lang='lat' dir='ltr'><strong>ea,</strong></span> <span class='ocrx_word' id='word_1_327' title='bbox 2174 3390 2263 3439; x_wconf 83' lang='lat' dir='ltr'><strong>cui</strong></span> <span class='ocrx_word' id='word_1_328' title='bbox 2276 3407 2385 3440; x_wconf 92' lang='lat' dir='ltr'><strong>non</strong></span> <span class='ocrx_word' id='word_1_329' title='bbox 2404 3390 2683 3440; x_wconf 80' lang='lat' dir='ltr'><strong>assentitur</strong></span> <span class='ocrx_word' id='word_1_330' title='bbox 2698 3391 2803 3459; x_wconf 85' lang='lat' dir='ltr'><strong>Qu.</strong></span> <span class='ocrx_word' id='word_1_331' title='bbox 2816 3428 2834 3456; x_wconf 86' lang='lat'><strong>,</strong></span> <span class='ocrx_word' id='word_1_332' title='bbox 2855 3409 2964 3443; x_wconf 90' lang='lat' dir='ltr'><strong>non</strong></span> 
     </span>
     <span class='ocr_line' id='line_1_53' title="bbox 1962 3466 2965 3540; baseline 0.006 -22"><span class='ocrx_word' id='word_1_333' title='bbox 1962 3480 2042 3518; x_wconf 76' lang='lat' dir='ltr'><strong>est</strong></span> <span class='ocrx_word' id='word_1_334' title='bbox 2067 3484 2260 3539; x_wconf 72' lang='lat' dir='ltr'><strong>mayna</strong></span> <span class='ocrx_word' id='word_1_335' title='bbox 2286 3466 2464 3540; x_wconf 76' lang='lat' dir='ltr'><strong>aliqua</strong></span> <span class='ocrx_word' id='word_1_336' title='bbox 2491 3467 2696 3535; x_wconf 73' lang='lat' dir='ltr'><strong>schola,</strong></span> <span class='ocrx_word' id='word_1_337' title='bbox 2727 3468 2824 3522; x_wconf 76' lang='lat' dir='ltr'><strong>sed</strong></span> <span class='ocrx_word' id='word_1_338' title='bbox 2848 3489 2965 3524; x_wconf 74' lang='lat' dir='ltr'><strong>sen·-</strong></span> 
     </span>
     <span class='ocr_line' id='line_1_54' title="bbox 1964 3544 2965 3622; baseline 0.004 -26"><span class='ocrx_word' id='word_1_339' title='bbox 1964 3544 2123 3596; x_wconf 78' lang='lat' dir='ltr'><strong>tentt&#39;a</strong></span> <span class='ocrx_word' id='word_1_340' title='bbox 2146 3544 2243 3596; x_wconf 81' lang='lat' dir='ltr'><strong>illa</strong></span> <span class='ocrx_word' id='word_1_341' title='bbox 2255 3582 2273 3610; x_wconf 93' lang='lat'>‚</span> <span class='ocrx_word' id='word_1_342' title='bbox 2301 3562 2403 3615; x_wconf 79' lang='lat' dir='ltr'><strong>qua</strong></span> <span class='ocrx_word' id='word_1_343' title='bbox 2425 3544 2739 3599; x_wconf 72' lang='lat' dir='ltr'><strong>dicebantur</strong></span> <span class='ocrx_word' id='word_1_344' title='bbox 2759 3565 2965 3622; x_wconf 75' lang='lat' dir='ltr'><strong>maqnoe</strong></span> 
     </span>
     <span class='ocr_line' id='line_1_55' title="bbox 1961 3623 2964 3698; baseline 0.005 -22"><span class='ocrx_word' id='word_1_345' title='bbox 1961 3623 2148 3676; x_wconf 70' lang='lat' dir='ltr'><strong>scholoe</strong></span> <span class='ocrx_word' id='word_1_346' title='bbox 2173 3641 2272 3676; x_wconf 74' lang='lat' dir='ltr'><strong>esse</strong></span> <span class='ocrx_word' id='word_1_347' title='bbox 2286 3624 2575 3696; x_wconf 73' lang='lat' dir='ltr'><strong>fuqiendoe.</strong></span> <span class='ocrx_word' id='word_1_348' title='bbox 2605 3627 2723 3698; x_wconf 78' lang='lat' dir='ltr'><strong>Ipse</strong></span> <span class='ocrx_word' id='word_1_349' title='bbox 2752 3626 2964 3680; x_wconf 85' lang='lat' dir='ltr'><strong>defendi</strong></span> 
     </span>
     <span class='ocr_line' id='line_1_56' title="bbox 1963 3703 2962 3778; baseline 0.006 -24"><span class='ocrx_word' id='word_1_350' title='bbox 1963 3716 2076 3754; x_wconf 90' lang='lat' dir='ltr'><strong>tum</strong></span> <span class='ocrx_word' id='word_1_351' title='bbox 2093 3703 2255 3755; x_wconf 86' lang='lat' dir='ltr'><strong>modo</strong></span> <span class='ocrx_word' id='word_1_352' title='bbox 2273 3718 2479 3776; x_wconf 82' lang='lat' dir='ltr'><strong>posset,</strong></span> <span class='ocrx_word' id='word_1_353' title='bbox 2499 3707 2544 3757; x_wconf 78' lang='lat' dir='ltr'><strong>si</strong></span> <span class='ocrx_word' id='word_1_354' title='bbox 2563 3723 2668 3757; x_wconf 83' lang='lat' dir='ltr'><strong>rem</strong></span> <span class='ocrx_word' id='word_1_355' title='bbox 2685 3705 2755 3759; x_wconf 84' lang='lat' dir='ltr'><strong>de</strong></span> <span class='ocrx_word' id='word_1_356' title='bbox 2773 3727 2962 3778; x_wconf 78' lang='lat' dir='ltr'><strong>magua</strong></span> 
     </span>
     <span class='ocr_line' id='line_1_57' title="bbox 1962 3780 2959 3856; baseline 0.003 -22"><span class='ocrx_word' id='word_1_357' title='bbox 1962 3780 2145 3834; x_wconf 71' lang='lat' dir='ltr'><strong>schola</strong></span> <span class='ocrx_word' id='word_1_358' title='bbox 2175 3781 2486 3851; x_wconf 75' lang='lat' dir='ltr'><strong>intelligeres</strong></span> <span class='ocrx_word' id='word_1_359' title='bbox 2502 3820 2519 3849; x_wconf 88' lang='lat'><strong>‚</strong></span> <span class='ocrx_word' id='word_1_360' title='bbox 2543 3800 2702 3853; x_wconf 86' lang='lat' dir='ltr'><strong>quam</strong></span> <span class='ocrx_word' id='word_1_361' title='bbox 2731 3786 2836 3856; x_wconf 77' lang='lat' dir='ltr'><strong>ipse</strong></span> <span class='ocrx_word' id='word_1_362' title='bbox 2856 3787 2959 3855; x_wconf 89' lang='lat' dir='ltr'><strong>Qu.</strong></span> 
     </span>
     <span class='ocr_line' id='line_1_58' title="bbox 1961 3858 2965 3935; baseline 0.004 -23"><span class='ocrx_word' id='word_1_363' title='bbox 1961 3858 2308 3930; x_wconf 61' lang='lat' dir='ltr'><strong>improba-en</strong></span> <span class='ocrx_word' id='word_1_364' title='bbox 2325 3859 2418 3912; x_wconf 71' lang='lat' dir='ltr'><strong>sed</strong></span> <span class='ocrx_word' id='word_1_365' title='bbox 2430 3873 2542 3912; x_wconf 86' lang='lat' dir='ltr'><strong>tum</strong></span> <span class='ocrx_word' id='word_1_366' title='bbox 2557 3860 2659 3914; x_wconf 81' lang='lat' dir='ltr'><strong>alia</strong></span> <span class='ocrx_word' id='word_1_367' title='bbox 2675 3877 2811 3915; x_wconf 76' lang='lat' dir='ltr'><strong>esset</strong></span> <span class='ocrx_word' id='word_1_368' title='bbox 2825 3881 2965 3935; x_wconf 82' lang='lat' dir='ltr'><strong>opus</strong></span> 
     </span>
     <span class='ocr_line' id='line_1_59' title="bbox 1961 3940 2961 4005; baseline 0.005 -16"><span class='ocrx_word' id='word_1_369' title='bbox 1961 3940 2280 4005; x_wconf 86' lang='lat' dir='ltr'><strong>mutatione,</strong></span> <span class='ocrx_word' id='word_1_370' title='bbox 2307 3954 2366 3993; x_wconf 89' lang='lat' dir='ltr'><strong>ut</strong></span> <span class='ocrx_word' id='word_1_371' title='bbox 2388 3958 2512 3992; x_wconf 87' lang='lat' dir='ltr'><strong>cum</strong></span> <span class='ocrx_word' id='word_1_372' title='bbox 2534 3942 2831 3994; x_wconf 75' lang='lat' dir='ltr'><strong>But-manno</strong></span> <span class='ocrx_word' id='word_1_373' title='bbox 2859 3944 2961 3993; x_wconf 73' lang='lat' dir='ltr'><strong>im-</strong></span> 
     </span>
     <span class='ocr_line' id='line_1_60' title="bbox 1959 4019 2963 4093; baseline 0.004 -23"><span class='ocrx_word' id='word_1_374' title='bbox 1959 4020 2139 4071; x_wconf 77' lang='lat' dir='ltr'><strong>merito</strong></span> <span class='ocrx_word' id='word_1_375' title='bbox 2153 4019 2466 4073; x_wconf 81' lang='lat' dir='ltr'><strong>scriberetur</strong></span> <span class='ocrx_word' id='word_1_376' title='bbox 2476 4039 2576 4093; x_wconf 86' lang='lat' dir='ltr'><strong>pro</strong></span> <span class='ocrx_word' id='word_1_377' title='bbox 2591 4022 2790 4087; x_wconf 75' lang='lat' dir='ltr'><strong>merito,</strong></span> <span class='ocrx_word' id='word_1_378' title='bbox 2813 4022 2963 4076; x_wconf 83' lang='lat' dir='ltr'><strong>nullo</strong></span> 
     </span>
     <span class='ocr_line' id='line_1_61' title="bbox 1959 4095 2961 4166; baseline 0.004 -19"><span class='ocrx_word' id='word_1_379' title='bbox 1959 4095 2234 4149; x_wconf 77' lang='lat' dir='ltr'><strong>addicente</strong></span> <span class='ocrx_word' id='word_1_380' title='bbox 2243 4098 2556 4153; x_wconf 81' lang='lat' dir='ltr'><strong>eod.-RR.</strong></span> <span class='ocrx_word' id='word_1_381' title='bbox 2574 4114 2711 4153; x_wconf 84' lang='lat' dir='ltr'><strong>nost.</strong></span> <span class='ocrx_word' id='word_1_382' title='bbox 2723 4101 2893 4154; x_wconf 84' lang='lat' dir='ltr'><strong>codd.</strong></span> <span class='ocrx_word' id='word_1_383' title='bbox 2917 4117 2961 4166; x_wconf 79' lang='grc' dir='ltr'><strong>ι,</strong></span> 
     </span>
     <span class='ocr_line' id='line_1_62' title="bbox 1960 4174 2958 4251; baseline 0.007 -23"><span class='ocrx_word' id='word_1_384' title='bbox 1960 4174 2010 4241; x_wconf 86' lang='grc'><strong>5,</strong></span> <span class='ocrx_word' id='word_1_385' title='bbox 2022 4195 2142 4230; x_wconf 80' lang='lat' dir='ltr'><strong>eum</strong></span> <span class='ocrx_word' id='word_1_386' title='bbox 2152 4181 2213 4230; x_wconf 89' lang='lat' dir='ltr'><strong>V.</strong></span> <span class='ocrx_word' id='word_1_387' title='bbox 2227 4178 2283 4231; x_wconf 91' lang='lat' dir='ltr'><strong>C.</strong></span> <span class='ocrx_word' id='word_1_388' title='bbox 2302 4178 2477 4251; x_wconf 76' lang='lat' dir='ltr'><strong>Spald.</strong></span> <span class='ocrx_word' id='word_1_389' title='bbox 2493 4184 2851 4235; x_wconf 76' lang='lat' dir='ltr'><strong>consentiunt.</strong></span> <span class='ocrx_word' id='word_1_390' title='bbox 2866 4184 2958 4235; x_wconf 79' lang='lat' dir='ltr'><strong>Eu.</strong></span> 
     </span>
    </p>
   </div>
   <div class='ocr_carea' id='block_1_8' title="bbox 3136 1624 3139 2158">
    <p class='ocr_par' dir='ltr' id='par_1_10' title="bbox 3136 1624 3139 2158">
     <span class='ocr_line' id='line_1_63' title="bbox 3136 1624 3139 2158; baseline 0 0"><span class='ocrx_word' id='word_1_391' title='bbox 3136 1624 3139 2158; x_wconf 95' lang='lat' dir='ltr'><strong> </strong></span> 
     </span>
    </p>
   </div>
   <div class='ocr_carea' id='block_1_9' title="bbox 3133 3153 3134 3670">
    <p class='ocr_par' dir='ltr' id='par_1_11' title="bbox 3133 3153 3134 3670">
     <span class='ocr_line' id='line_1_64' title="bbox 3133 3153 3134 3670; baseline 0 0"><span class='ocrx_word' id='word_1_392' title='bbox 3133 3153 3134 3670; x_wconf 95' lang='lat' dir='ltr'><strong> </strong></span> 
     </span>
    </p>
   </div>
  </div>
 </body>
</html>
