3200 5150
679 482 1330 556 INSTITUTIONIS
1365 482 1622 550 ORAT.
1662 482 1822 550 LIB.
1863 481 1963 564 11,
2005 485 2064 565 4.
2285 485 2416 573 273

319 625 475 680 ‚tem
502 603 577 678 in
604 627 956 708 posterum
986 606 1241 680 minari
1278 603 1451 680 solet
1483 604 1796 704 protinus
1827 605 2160 679 omnibus
2192 632 2419 680 mem-

326 716 472 792 bris
503 746 856 822 expressus
875 736 894 768 ¹
931 723 1184 796 infans,
1209 719 1484 794 Audeat
1504 720 1652 793 haec
1676 740 1834 793 aetas
1865 720 2104 821 plura,
2134 743 2202 794 et
2229 722 2422 797 inve-

314 834 513 926 .niat,
538 858 607 909 et
626 836 920 911 inventis
943 836 1268 937 gaudeat,
1299 835 1437 908 sint
1461 834 1623 908 lieet
1646 834 1767 907 illa
1787 862 1933 909 non
1957 835 2114 909 satis
2138 836 2421 914 interim

328 950 512 1024 sicca
554 971 623 1024 et
656 978 925 1026 severa:
968 950 1167 1024 facile
1207 949 1599 1024 remedium
1635 971 1736 1023 est
1771 950 2132 1043 ubertatis3
2167 952 2425 1025 sterilia

326 1062 527 1138 nullo
556 1065 791 1139 labore
819 1065 1213 1139 vincuntur.
1256 1063 1386 1137 Illa
1410 1063 1589 1139 mihi
1623 1063 1696 1136 in
1733 1064 1966 1163 pueris
2000 1086 2249 1141 natura
2278 1066 2422 1140 mi-

327 1178 611 1252 nimum
647 1180 795 1280 spei
833 1179 1133 1269 dederit,
1175 1181 1248 1253 in
1282 1205 1424 1280 qua
1461 1180 1827 1279 ingenium
1860 1179 2130 1281 judicio
2166 1206 2425 1280 praesu-

325 1292 563 1367 mitur.
583 1293 949 1369 Materiam
964 1309 994 1343 ²
1019 1321 1161 1369 esse
1188 1296 1499 1395 primum
1522 1294 1678 1367 volo
1701 1295 1809 1368 vel
1839 1292 2424 1386 abundantiorem

326 1427 535 1505 atque
568 1407 784 1498 ultra,
818 1436 1033 1510 quam
1062 1430 1405 1511 oporteat,
1440 1410 1672 1483 fusam
1700 1437 1715 1481 :
1746 1409 2055 1483 multum
2094 1410 2258 1483 inde
2296 1412 2425 1486 de-

327 1544 632 1621 coquent
657 1524 825 1595 anni
840 1522 896 1614 ³,
920 1524 1231 1596 multum
1257 1525 1426 1597 ratio
1449 1525 1759 1613 limabit,
1785 1523 2051 1623 aliquid
2078 1524 2268 1598 velut
2295 1551 2428 1600 usu

325 1634 479 1733 ipso
508 1637 875 1727 deterant,
901 1637 986 1710 sit
1014 1638 1229 1711 modo
1258 1638 1446 1711 unde
1479 1635 1700 1711 excidi
1735 1638 1981 1737 possit,
2007 1660 2073 1711 et
2096 1639 2287 1737 quod
2318 1668 2434 1713 ex-

326 1751 611 1851 culpi43
656 1754 784 1827 erit
823 1775 1097 1844 autem,
1141 1754 1197 1827 si
1232 1782 1380 1827 non
1425 1754 1514 1825 ab
1553 1754 1748 1826 initio
1788 1776 2075 1827 tenuem
2125 1757 2432 1830 nimium

326 1863 669 1940 laminam
705 1868 1109 1941 duxerimus
1130 1924 1151 1956 ,
1186 1888 1256 1940 et
1290 1893 1507 1966 quam
1542 1866 1864 1940 caelatura
1899 1867 2099 1940 altior
2127 1860 2429 1969 rumpat.

325 1981 546 2072 Quod
569 2008 685 2054 me
712 1981 797 2054 de
826 1981 935 2054 his
959 1980 1272 2054 aetatibus
1298 1980 1550 2052 sentire
1581 1978 1862 2052 minus⁵
1899 1982 2286 2074 mirabitur,
2308 1986 2434 2085 qui
2484 2054 2495 2064 ,

324 2095 516 2195 apud
548 2094 1009 2169 Ciceronem⁶
1043 2094 1320 2194 legerit,
1359 2091 1538 2168 Volo
1568 2098 1755 2165 enim
1786 2119 1854 2165 se
1880 2095 2125 2192 efferat
2157 2102 2227 2168 in
2260 2100 2432 2173 ado-

331 2209 612 2284 lescente
629 2211 1053 2309 fecunditas·
1096 2211 1542 2308 Quapropter
1572 2207 1891 2307 inprimis
1924 2210 2323 2303 evitandus,
2364 2235 2432 2290 et

326 2326 399 2398 in
429 2325 660 2425 pueris
688 2326 1034 2429 praecipue
1050 2381 1070 2416 ,
1100 2325 1428 2426 magister
1452 2322 1718 2413 aridus;
1743 2350 1889 2397 non
1912 2325 2182 2418 minus,
2207 2355 2426 2430 quam

321 2542 773 2614 corpulentiores,
808 2542 1038 2616 ideoque
1078 2542 1326 2598 membris
1417 2558 1741 2613 quamquam
1779 2540 1862 2595 vel
1904 2539 1972 2594 de
2013 2541 2225 2596 metallo
2270 2543 2423 2597 deco-

320 2625 495 2674 minus
532 2624 788 2695 expressis
825 2636 879 2674 et
914 2624 1152 2675 formatis
1172 2661 1190 2690 ,
1232 2621 1329 2675 sed
1415 2618 1611 2691 quenda·
1631 2618 1952 2672 vocabulum
1975 2633 2272 2692 usurpatur.
2302 2625 2425 2695 Ipse

320 2700 576 2773 paulatim
616 2713 769 2753 oetate
808 2699 1145 2755 adolescente
1190 2703 1327 2754 inci·
1415 2698 1502 2751 hic
1522 2700 1850 2768 ergo-Nostri
1868 2699 2020 2751 locus
2039 2700 2308 2754 cacozelia
2323 2704 2425 2755 eri-

318 2781 475 2850 piunt
492 2777 744 2830 membra.
766 2779 928 2848 Quod
949 2782 993 2833 si
1015 2782 1164 2832 initio
1187 2779 1325 2832 bene
1415 2779 1556 2828 mine
1588 2795 1807 2848 prorsus
1839 2795 2017 2829 carere
2047 2776 2178 2830 mihi
2203 2798 2313 2831 non
2339 2782 2422 2832 vi-

318 2858 541 2926 figurata
579 2858 809 2924 fuerint,
847 2876 1009 2930 quum
1050 2873 1289 2912 crescent
1306 2897 1323 2925 ‚

316 2937 472 2992 exilia
487 2936 774 2991 reddentur
787 2951 839 2991 et
854 2938 1318 2993 imbecilliaffluau.

395 3033 440 3071 1.
474 3016 781 3089 Expressus,
818 3016 913 3069 ubi
950 3031 1093 3069 artus
1131 3016 1323 3087 singuli

317 3109 603 3169 apparent,
622 3113 796 3168 neque
812 3097 998 3168 pingui
1017 3113 1175 3148 carne
1195 3098 1323 3148 ami-

314 3178 544 3228 ciuntur.

279 3308 283 3315 ,
392 3274 440 3309 2.
484 3256 822 3306 Materiam...
864 3266 1088 3327 rumpat.
1132 3256 1324 3307 Fateor

319 3335 597 3408 displicere
634 3334 764 3387 mihi
794 3334 933 3387 hanc
964 3348 1072 3386 tam
1098 3334 1322 3405 diligen-

317 3428 425 3468 tem
452 3412 878 3480 similitudinem,
912 3432 1027 3485 quo
1054 3413 1181 3465 dum
1207 3416 1321 3475 sin-

316 3493 453 3564 gulis
484 3497 560 3545 rei
591 3507 906 3565 comparate
932 3493 1170 3565 panibus
1197 3511 1320 3547 suas

315 3574 571 3641 imagines
610 3572 828 3625 reddere
869 3586 1118 3640 conatur,
1146 3574 1203 3625 in
1240 3591 1321 3624 ar·

312 3651 490 3720 gutias
532 3649 737 3703 videtur
780 3649 942 3704 abire.
964 3650 1320 3705 ,obscuritate

317 3730 510 3793 etiam,
535 3745 649 3798 qum
676 3730 844 3799 prima
870 3733 1108 3781 omnium
1135 3729 1320 3782 abesse

319 3806 478 3860 debet
500 3824 530 3858 a
552 3810 974 3879 comparatione,
996 3809 1202 3861 laborat
1220 3808 1320 3861 ali-

322 3905 457 3958 qua,
495 3884 654 3952 dum,
688 3885 1023 3958 decoquentes
1055 3885 1259 3959 aliquid
1290 3906 1319 3938 e

318 3966 538 4017 materia
563 3964 695 4016 anni
722 3963 876 4016 oleris
901 3966 1080 4035 potius
1107 3964 1189 4018 vel
1218 3985 1318 4018 un-

315 4047 500 4116 guenti
523 4044 746 4116 alicujus
769 4044 1065 4115 coquendi,
1088 4047 1318 4116 speciem

319 4123 556 4195 praebent
588 4142 747 4193 quam
777 4120 973 4174 metalli
1003 4123 1138 4188 fusi,
1171 4122 1317 4192 quod

321 4219 445 4256 mox
488 4204 665 4255 animo
710 4203 988 4273 concipere
1033 4200 1283 4272 jubemur
1300 4240 1315 4266 ‚

541 4309 584 4345 1.

1412 2853 1585 2908 detur.

1483 2934 1535 2986 3.
1562 2932 1797 2985 Multum
1823 2934 1942 2986 inde
1958 2933 2243 3006 decoquent
2258 2939 2416 3004 anni,

1412 3022 1511 3064 etc.
1557 3012 1851 3083 Decoquere
1890 3026 1969 3063 est
2010 3016 2243 3066 minuere
2259 3054 2276 3082 ‚
2319 3017 2422 3068 de·-

1410 3091 1637 3144 trahere.
1667 3095 1743 3144 Ita
1771 3091 1916 3144 docti
1945 3095 2140 3163 scripta
2165 3112 2293 3160 sua,
2321 3096 2417 3149 ubi

1411 3169 1573 3225 semel
1584 3171 1675 3223 illa
1688 3170 2010 3237 effuderunt,
2020 3172 2298 3242 diligenter
2306 3193 2416 3228 cas-

1409 3254 1609 3322 tigant,
1646 3250 1871 3322 plurima
1907 3250 2250 3305 detrahendo,
2281 3254 2417 3307 Vide

1409 3328 1637 3384 Casaub.
1662 3329 1732 3382 ad
1755 3332 2002 3383 Persium.
2029 3333 2118 3384 En.
2143 3333 2306 3385 Hacx.

1480 3411 1533 3478 4.
1569 3409 1814 3482 Exculpi.
1852 3409 2010 3481 Goth.
2050 3411 2184 3481 (tac.
2222 3415 2414 3486 Gesn.)

1408 3508 1532 3544 cum
1573 3492 1739 3544 Voss.
1770 3507 1832 3555 2,
1871 3489 2039 3562 sculpi
2075 3490 2220 3561 quod
2255 3492 2415 3564 longe

1408 3573 1573 3641 magis
1593 3570 1795 3641 placet,
1816 3572 1939 3640 quia
1960 3572 2033 3621 sic
2052 3568 2203 3623 abest
2222 3573 2415 3625 moles-

1408 3663 1461 3702 ta
1486 3652 1693 3702 iteratio
1717 3648 1916 3713 excidi,
1938 3650 2161 3721 exculpi.

1480 3726 1530 3781 5.
1574 3729 1769 3780 Minus.
1810 3728 2072 3779 Robertus
2113 3729 2409 3801 Stephanus

1405 3806 1569 3860 hahet
1592 3826 1745 3858 nemo
1770 3807 2051 3859 mirabitur.
2078 3811 2174 3865 En,

1477 3887 1528 3939 6.
1568 3886 1728 3957 Apud
1767 3886 1867 3938 Cic.
1906 3888 1984 3939 De
2017 3888 2161 3940 Orat.
2196 3888 2276 3953 Π,
2310 3905 2410 3957 21,

1406 3984 1564 4037 quem
1580 3965 1758 4017 locum
1772 3984 1893 4016 cum
1908 3966 2265 4033 Quintilianeo
2280 3986 2407 4021 con·

1404 4046 1540 4096 ferre
1564 4058 1712 4096 recte
1724 4043 1910 4095 suadet
1927 4045 2207 4098 Gesnerus.
2224 4077 2296 4087 —
2307 4048 2408 4100 Le-

1401 4125 1548 4198 qen't.
1566 4123 1726 4175 Goth.
1745 4124 1877 4196 ἱερεῖ
1890 4123 2021 4195 (non
2037 4125 2161 4198 legit
2175 4142 2233 4181 ut
2245 4130 2401 4182 Gesn-

1404 4204 1525 4273 ref.)
1545 4222 1672 4259 cum
1690 4207 1842 4258 Voss.
1871 4224 1917 4259 2.

2061 4296 2121 4349 18
