3200 5150
746 514 834 600 94

1277 453 1280 456 ’
1317 507 1412 572 M.
1453 506 1682 572 FABn
1719 502 2282 591 QUINTILIANI

745 629 1167 704 Fundanio¹
1218 629 1467 703 Cicero
1504 651 1794 719 testem,
1839 629 1963 731 qui
2005 628 2311 730 primam
2362 621 2515 726 ejus
2555 622 2854 704 litteram

647 761 709 816 ιε
748 746 975 820 dicere
1017 772 1164 817 non
1212 765 1487 845 posset,
1534 745 1773 817 irridet
1793 758 1847 816 ².
1883 744 2023 818 Sed
2066 745 2126 816 B
2169 766 2456 841 quoque
2499 740 2573 813 in
2616 741 2860 822 locum

746 860 1045 939 aliarum
1070 859 1101 904 ³
1136 858 1463 933 dedimus
1492 858 1916 960 aliquando,
1951 857 2141 931 unde
2174 859 2467 946 Burrus,
2502 876 2571 928 et
2601 860 2866 959 Bruqee

747 996 818 1049 et
861 971 1195 1049 Belem-4.
1249 976 1397 1048 Nec
1448 1001 1594 1048 non
1643 974 1891 1047 eadem
1939 973 2105 1047 fecit
2151 1000 2234 1045 ex
2281 970 2512 1044 duello
2564 971 2860 1066 bellum,

745 1145 853 1201 dici
880 1145 1011 1198 mihi
1033 1164 1143 1197 non
1165 1142 1393 1212 videtur,
1420 1145 1646 1217 aspirare
1673 1143 1764 1198 lit-

746 1238 868 1279 neroe
895 1235 934 1278 Φ
962 1225 1052 1296 (et
1080 1225 1446 1281 duriusculum
1474 1227 1634 1278 etiam
1654 1225 1763 1277 hoc

746 1318 859 1373 est,
890 1305 1037 1377 quod
1070 1313 1110 1356 0
1144 1319 1224 1358 est
1255 1305 1435 1358 dativo
1464 1323 1592 1359 casu
1621 1307 1763 1358 acci-

746 1384 984 1459 pienda),
1006 1386 1123 1458 quis
1145 1386 1284 1437 enim
1303 1397 1483 1457 potest
1503 1385 1568 1455 στξῖ
1588 1393 1629 1436 0
1651 1404 1764 1438 non

746 1465 1023 1536 aspirare?
1061 1462 1165 1517 Sed
1208 1464 1316 1515 sive
1353 1463 1405 1513 εἰ
1436 1465 1694 1515 retinetur
1734 1482 1763 1515 e

747 1541 919 1597 codd.
941 1555 1001 1594 ut
1022 1555 1075 1595 et
1092 1541 1417 1614 intelligatur
1434 1541 1553 1610 illa,
1572 1541 1642 1595 de
1658 1561 1762 1614 qua

747 1625 948 1697 agitur,
990 1624 1035 1674 F
1071 1621 1244 1674 littera
1266 1644 1281 1685 3
1326 1624 1433 1674 sive
1475 1623 1588 1673 sine
1634 1641 1764 1694 pro-

750 1704 967 1755 nomine
991 1701 1237 1755 absolute
1261 1700 1513 1754 dicuntur
1539 1703 1767 1775 aspirare

730 1784 917 1837 'Graeci
928 1821 944 1850 ‚
962 1800 1149 1835 sensus
1165 1797 1245 1836 est
1259 1782 1595 1836 manifestus:
1621 1783 1765 1835 nNos

755 1882 779 1910 a
798 1882 898 1935 pro
924 1865 1247 1936 aspiratione
1270 1865 1312 1914 F
1333 1865 1611 1937 ponimus,
1629 1863 1767 1915 Grae-

755 1966 779 1988 a
800 1944 877 2008 ci,
896 1955 1084 1995 contra
1107 1944 1327 1994 nimium
1349 1943 1612 2015 aspirttnt,
1631 1955 1692 1994 ut
1713 1954 1768 1997 et

753 2023 840 2074 «F
872 2023 948 2074 sic
980 2034 1039 2073 ut
1067 2023 1144 2095 ph
1179 2022 1434 2088 efferant,
1469 2040 1633 2094 quum
1666 2021 1764 2074 de-

753 2122 779 2148 «
798 2099 963 2153 beant
990 2115 1051 2153 ut
1077 2103 1151 2153 W
1173 2101 1564 2153 Germanicum.
1588 2124 1611 2148 ιι
1645 2098 1766 2152 Me-

749 2198 874 2232 cum
906 2180 1035 2231 facit
1064 2179 1289 2246 Badius,
1323 2197 1570 2246 causam,
1602 2196 1766 2250 quare

749 2260 989 2311 omiserit
1021 2267 1093 2326 Ο,
1127 2261 1183 2310 in
1216 2273 1346 2310 nota
1379 2277 1669 2331 exponens.
1694 2287 1770 2299 —-

748 2339 1000 2392 Litteram
1018 2346 1057 2389 Φ
1071 2336 1273 2391 habent
1285 2340 1347 2389 R.
1369 2354 1397 2389 2
1421 2350 1473 2389 et
1490 2337 1640 2390 Cam.
1662 2336 1763 2389 Ed.

827 2433 873 2469 ι.
904 2419 1005 2469 Pro
1030 2417 1364 2470 Fundanio...
1392 2417 1584 2468 irridet.
1612 2419 1766 2470 Non-

750 2498 853 2549 nisi
865 2516 1039 2569 pauca
1053 2496 1215 2570 hujus
1234 2498 1486 2549 orationis
1507 2498 1767 2569 fragmen-

749 2590 805 2629 ta
843 2590 1143 2648 supersunt.
1183 2578 1395 2630 Graecus
1434 2590 1545 2629 erat
1581 2579 1730 2630 testis
1745 2615 1763 2644 ,

751 2658 845 2728 qui
872 2656 1072 2709 diceret
1101 2657 1156 2708 in
1182 2657 1549 2724 Fundanium,
1586 2676 1764 2730 neque

750 2748 937 2809 posset
957 2738 1196 2808 proferre
1223 2756 1339 2791 eam
1364 2736 1589 2792 litteram
1605 2777 1623 2805 ‚
1651 2739 1763 2789 Ro-

751 2817 922 2868 manis
942 2816 1294 2889 peculiarem,
1312 2836 1426 2890 quae
1456 2817 1765 2890 signabatur

751 2897 812 2960 F,
831 2907 884 2946 et
897 2893 1258 2968 respondebat
1270 2897 1344 2949 W
1356 2897 1761 2952 Germanorum.

750 2974 998 3028 Mutabat
1024 2978 1182 3046 igitur
1209 2977 1617 3049 pronunciando
1647 2995 1765 3029 eam

753 3072 847 3107 sua
864 3092 881 3121 ‚
912 3072 1073 3126 quam
1098 3058 1325 3112 Romani
1350 3057 1579 3110 vicissim
1608 3057 1764 3126 igno-

750 3146 904 3202 rant,
931 3142 988 3185 Φ.

827 3231 877 3264 2.
901 3213 1092 3280 Posset,
1111 3213 1301 3266 irridet.
1324 3213 1548 3268 Dubites
1569 3213 1638 3268 de
1652 3234 1767 3287 pos·

750 3302 826 3344 set
849 3304 1070 3365 propter
1092 3295 1526 3365 consequentiam
1552 3306 1766 3368 tempo-

753 3389 872 3423 rum
887 3409 904 3438 ‚
931 3389 1045 3443 quae
1067 3371 1310 3423 videatur
1332 3389 1553 3444 poscere
1572 3374 1761 3445 possit,

753 3464 815 3502 ut
837 3465 889 3503 et
913 3452 1039 3503 Loc.
1067 3464 1119 3503 et
1142 3454 1299 3502 Busc.
1331 3449 1491 3519 dant,
1521 3467 1573 3504 et
1601 3466 1681 3504 est
1709 3455 1764 3505 in

753 3532 908 3582 Voss.
931 3530 983 3596 3,
1004 3532 1133 3581 item
1151 3531 1205 3579 in
1225 3529 1399 3582 Guelf.
1424 3550 1452 3583 e
1472 3533 1763 3584 correctio-

754 3630 851 3677 ne,
869 3629 1030 3681 quum
1050 3624 1205 3663 antea
1226 3611 1412 3663 fuisset
1426 3623 1607 3684 posset.
1629 3616 1763 3667 Puto

754 3703 935 3741 autem
951 3707 1129 3741 veram
1150 3707 1264 3741 esse
1285 3692 1624 3766 scripturam:
1647 3710 1763 3764 pos-

753 3779 827 3820 set
838 3807 859 3834 ‚,
885 3767 1031 3840 quod
1054 3788 1165 3819 non
1191 3781 1296 3820 tam
1324 3769 1522 3844 pendet
1551 3770 1619 3824 ab
1650 3771 1766 3821 Irri-

754 3848 870 3910 det,
900 3866 1059 3917 quam
1086 3846 1154 3900 ab
1182 3849 1301 3920 ipso
1330 3850 1433 3916 Qu.
1468 3849 1760 3921 subjicitur.

754 3928 926 3979 Etiam
945 3936 1150 3998 poterat
1170 3926 1350 3979 locum
1374 3925 1606 3981 habebat
1622 3967 1638 3995 ‚
1662 3930 1763 3982 nisi

756 4005 903 4080 quod
926 4006 1020 4078 qui
1042 4005 1241 4058 dictum
1267 4020 1347 4059 est
1367 4026 1466 4079 pro
1493 4026 1640 4073 cum,
1670 4006 1766 4060 ubi

755 4088 1123 4156 conjunctivus
1139 4085 1395 4158 aptiorob
1404 4104 1573 4142 causae
1586 4105 1765 4158 quam-

755 4164 877 4216 dam
904 4163 1357 4234 significationem.

828 4244 879 4296 3.
903 4244 971 4294 In
996 4241 1169 4296 locum
1187 4243 1431 4296 aliarum.
1452 4243 1613 4299 Goth.
1634 4243 1760 4316 (tac.

1850 1142 2049 1217 Gesn.)
2073 1144 2178 1197 vim
2211 1140 2465 1207 aliarum,
2491 1156 2552 1194 ut
2578 1143 2619 1197 B
2647 1160 2864 1203 sensum

1850 1222 2049 1277 habeat
2066 1222 2244 1277 dativi.
2266 1223 2350 1276 Sic
2371 1235 2425 1274 et
2442 1222 2597 1275 Voss.
2616 1238 2644 1276 α
2658 1262 2675 1290 ,
2691 1228 2734 1278 si
2751 1246 2863 1279 rec-

1853 1316 1906 1356 te
1925 1303 2184 1375 conJici03
2204 1304 2378 1354 Burm.
2406 1302 2547 1354 enim
2570 1306 2725 1376 ponit
2749 1316 2864 1359 tum

1853 1381 2080 1434 aliarum
2097 1419 2114 1446 ‚
2145 1380 2240 1435 sed
2265 1380 2335 1433 ob
2361 1399 2609 1452 magnum
2631 1384 2688 1435 in
2711 1398 2864 1440 caete.-

1852 1462 1923 1513 ris
1947 1465 2101 1513 voss.
2131 1479 2160 1513 2
2197 1475 2249 1514 et
2279 1460 2515 1513 Gothani
2543 1480 2865 1518 consensum

1854 1543 2097 1614 suspicor
2118 1539 2256 1594 male
2281 1560 2403 1594 eum
2422 1539 2613 1594 ductus
2632 1542 2867 1598 diremis—

1857 1640 1941 1688 se,
1964 1635 2023 1673 ut
2045 1640 2144 1695 pro
2169 1622 2280 1674 uim
2301 1622 2498 1692 legeret
2518 1631 2647 1674 tum.
2669 1622 2867 1678 Saltem.

1854 1696 1962 1755 hoc
1989 1701 2116 1755 dare
2142 1702 2311 1756 voluit
2341 1721 2498 1777 quem
2529 1700 2866 1759 describebat

1853 1779 2116 1835 librarius.

1925 1858 1977 1926 4.
2003 1860 2253 1915 Burrus...
2279 1856 2489 1913 Belena.
2515 1860 2624 1913 Cic.
2650 1862 2864 1915 Orator.

1855 1958 1901 1992 c.
1934 1941 2034 2007 48:
2072 1963 2093 1988 α
2113 1941 2337 1993 Burrum
2361 1965 2382 1988 n
2417 1939 2549 2012 (pro
2587 1959 2692 2016 quo
2723 1943 2864 1994 Pur—

1855 2037 1971 2070 rum
2012 2023 2133 2073 Em.
2181 2039 2244 2071 ex
2288 2017 2371 2071 ed.
2415 2023 2603 2071 Venet.
2621 2057 2638 2085 ,
2679 2023 2863 2073 nescio

1858 2117 2014 2171 quam
2036 2098 2200 2170 recte)
2225 2122 2248 2144 a
2269 2117 2477 2171 semper
2493 2101 2714 2166 Ennius,
2733 2118 2864 2153 nun-

1861 2201 1884 2224 ·
1908 2198 2067 2253 quam
2096 2179 2377 2255 Pyrrhum.
2403 2180 2469 2231 Vi
2495 2180 2864 2250 patefecerunt

1854 2256 2077 2333 Bruges,
2121 2278 2233 2311 non
2269 2259 2515 2332 thyqes.
2539 2284 2562 2317 a,
2612 2260 2864 2313 Belenum

1854 2340 2050 2410 Regius
2075 2352 2127 2390 et
2150 2340 2474 2412 Pomponius
2497 2341 2668 2392 Laetus
2691 2342 2748 2393 in
2775 2340 2861 2394 ed.

1855 2420 2044 2472 Venet.
2080 2417 2214 2488 1494
2241 2418 2540 2490 intelligunt
2568 2417 2823 2471 Helenam
2838 2459 2861 2487 ‚

1855 2510 1916 2548 ut
1947 2498 1988 2549 B
2017 2516 2116 2570 pro
2151 2499 2470 2569 aspiratione
2505 2497 2730 2550 suffecta
2765 2501 2864 2567 sit,

1856 2575 2003 2647 quod
2043 2577 2156 2630 fieri
2195 2588 2406 2649 poterat
2447 2590 2734 2652 postquam
2768 2575 2862 2630 illa

1852 2660 1968 2734 ipsa
2003 2661 2058 2710 in
2084 2657 2347 2711 'AEolicam
2378 2658 2605 2711 litteram
2642 2657 2858 2710 abierat.

1853 2739 2181 2808 Ingeniosior
2196 2751 2372 2791 tamen
2388 2750 2440 2790 et
2452 2737 2680 2789 fortasse
2690 2739 2863 2789 verior

1853 2817 2251 2889 Cannegieteri‚
2292 2819 2349 2869 in
2386 2815 2757 2868 dissertatione
2791 2814 2862 2868 de

1854 2899 2056 2949 Aviano
2068 2935 2086 2962 ,
2099 2885 2153 2972 p'.
2174 2895 2295 2968 ²57⁹
2310 2899 2444 2949 ratio
2458 2935 2474 2963 ‚
2486 2898 2577 2969 qui
2595 2894 2861 2964 Velinum,

1853 2975 2050 3030 tribum
2067 2979 2336 3044 rusticam,
2350 2979 2743 3050 interpretatur,
2757 2994 2865 3028 me-

1853 3069 2112 3109 moratam
2135 3056 2405 3123 Ciceroni,
2423 3055 2643 3108 Horatio
2670 3067 2724 3108 et
2745 3057 2864 3107 Per-

1854 3137 1969 3188 sio.
1991 3135 2075 3188 Sic
2111 3135 2399 3188 Boltiniam
2436 3133 2633 3189 tribum
2665 3133 2864 3187 dictam

1852 3234 1951 3287 pro
1980 3212 2216 3268 Voltinia
2240 3212 2398 3266 docet
2425 3212 2569 3266 idem
2595 3232 2656 3268 ex
2684 3211 2863 3285 lapide

1854 3293 1999 3366 apud
2022 3294 2321 3348 Gruterum.
2350 3323 2424 3333 -
2445 3289 2656 3344 Belena.
2682 3289 2859 3346 Guelf.

1853 3371 2032 3424 belena
2066 3370 2156 3443 (et
2188 3373 2262 3424 sic
2300 3374 2457 3424 etiam
2484 3372 2733 3424 Priscian.
2768 3371 2861 3442 qui

1853 3448 1976 3505 loco
2001 3462 2183 3502 nostro
2209 3451 2391 3514 utitur,
2409 3470 2464 3524 p.
2487 3447 2622 3524 547)
2638 3467 2737 3522 pro
2757 3448 2861 3500 Ba-

1854 3527 2016 3595 lama,
2053 3528 2198 3603 quod
2234 3542 2359 3601 post
2389 3529 2610 3579 Victorii
2649 3543 2862 3580 correc-

1854 3610 2056 3662 tionem
2079 3606 2288 3661 obsedit
2311 3605 2430 3659 edd.
2452 3604 2621 3658 Codd.
2645 3603 2860 3676 quidem

1854 3707 2039 3741 omnes
2062 3702 2196 3764 puto
2226 3685 2420 3740 Belena
2447 3686 2606 3753 dant,
2636 3687 2735 3738 etsi
2760 3703 2859 3740 ne-

1851 3766 2135 3842 gligentius
2159 3766 2469 3819 observatur
2491 3783 2673 3816 eorum
2692 3765 2860 3816 varie-

1853 3860 1933 3899 tas
1969 3849 2025 3900 in
2060 3847 2112 3899 h.
2154 3868 2202 3901 v.
2241 3848 2404 3898 Recte
2445 3845 2857 3916 Cannegieterus

1853 3939 2044 3996 negat,
2075 3924 2362 4000 aliquando
2390 3925 2629 3996 potuisse
2656 3922 2763 3974 dici
2788 3920 2859 3974 de

1852 4005 2101 4072 Baloena,
2133 4020 2184 4058 et
2207 4008 2320 4077 ipse
2342 4005 2592 4057 Priscian.
2617 4003 2652 4054 l.
2678 4021 2724 4055 c.
2754 4021 2858 4053 an-

1854 4084 2161 4158 tiquissimos
2174 4086 2247 4136 ait
2259 4086 2331 4135 ita
2347 4082 2557 4136 locutos
2578 4082 2859 4136 memorari

1851 4183 1882 4216 a
1917 4163 2262 4233 Quintiliano.
2292 4192 2365 4203 -
2389 4163 2450 4215 R.
2489 4179 2510 4214 1
2526 4200 2544 4227 ‚
2575 4179 2602 4214 2
2620 4200 2638 4230 ‚
2660 4161 2819 4216 Cum
2838 4197 2859 4228 2

1851 4242 2063 4298 Belena.
2092 4244 2241 4311 Cin,
2263 4241 2479 4295 Balena.
2509 4243 2602 4295 Eo.
2833 4237 2840 4242 ’
