3200 5150
704 517 1356 590 1NsT1‘rnT1oN1s
1390 522 1647 589 oaAT.
1688 523 1847 588 Lm.
1889 524 1954 600 1,
1992 521 2055 606 4.

2306 546 2416 589 101

330 652 749 721 verationem
771 660 789 691 ¹
809 703 834 735 ,
862 667 941 718 ut
968 643 1099 719 heu
1116 703 1135 733 ,
1168 667 1235 718 et
1256 640 1844 718 attrectationem²
1863 702 1883 732 ‚
1920 665 1997 716 ut
2001 640 2381 737 fhsceatim
2401 705 2421 733 ,

334 789 490 861 quae
519 762 692 834 mihi
720 754 864 835 non
895 761 1386 862 approbantur.
1429 759 1904 848 Vocabulum,
1940 787 2030 831 an
2054 759 2425 861 appellatio
2487 858 2500 873 ⁹

334 877 628 950 dicenda
664 879 748 950 sit
788 892 1138 969 προσηγορία,
1186 897 1254 949 et
1289 875 1723 977 subjicienda
1771 875 2080 963 nomini,
2122 902 2251 947 nec
2296 902 2425 963 ne,

228 1006 241 1013 ⁷
332 993 496 1092 quia
520 993 709 1093 parvi
734 995 968 1081 refert,
1000 992 1303 1064 liberum
1332 991 1714 1091 opinaturis
1747 990 2086 1090 relinquo.
2119 990 2423 1062 Nomina
2466 1018 2530 1051 υ

332 1107 680 1181 declinare
725 1129 793 1181 et
830 1107 1037 1180 verba
1074 1106 1393 1206 inprimis
1434 1106 1634 1206 pueri
1672 1106 1932 1195 sciant3
1970 1132 2198 1205 neque
2231 1106 2424 1179 enim

331 1222 527 1296 aliter
570 1223 924 1322 pervenire
976 1223 1066 1295 ad
1120 1221 1550 1295 intellectum
1603 1221 2048 1320 sequentium
2095 1241 2423 1320 possunt3

332 1338 524 1436 quod
561 1340 768 1411 etiam
807 1365 1094 1411 monere
1130 1366 1642 1438 supervacuum
1678 1334 1991 1425 fuerat³‚
2032 1331 2175 1410 nisi'
2202 1336 2429 1409 ambi-

268 1462 273 1469 ’
328 1451 501 1524 tiosa
534 1450 1020 1526 festinatione-4
1050 1452 1363 1553 plerique
1397 1480 1438 1526 a
1475 1450 1965 1552 posterioribus
2001 1451 2425 1550 inciperent;

331 1586 436 1655 et,
467 1566 641 1638 dum
671 1588 1007 1640 ostentare
1038 1567 1413 1667 discipulos
1441 1568 1622 1640 circa
1659 1565 2071 1666 speciosiora
2112 1565 2425 1654 malunt,

333 1682 753 1781 compendio
800 1702 1255 1789 morarentur.
1304 1684 1395 1754 At
1433 1682 1489 1754 si
1532 1679 1736 1781 quis-⁵
1775 1702 1843 1753 et
1879 1679 2192 1752 didicerit
2227 1681 2383 1752 satis
2406 1736 2426 1769 ,
2466 1690 2532 1742 23

333 1815 440 1886 et,
492 1796 684 1894 quod
729 1823 873 1868 non
920 1794 1156 1868 minus
1207 1797 1440 1870 deesse
1496 1795 1776 1867 interim
1826 1793 2036 1884 solet,
2086 1793 2424 1866 voluerit⁶

412 2024 455 2060 1.
493 2007 1007 2063 Asseveratiouem....
1037 2010 1329 2083 fasceatim.

330 2089 609 2140 Asseverat
637 2087 736 2139 lieu
762 2088 891 2141 dum
914 2089 1196 2142 miserabili
1219 2108 1335 2141 ora·

331 2168 467 2220 tioni
485 2167 650 2238 ipsius
662 2204 679 2233 ,
699 2170 789 2238 qui
807 2167 962 2235 dicit,
986 2168 1225 2220 dolorem
1248 2167 1338 2221 ad-

325 2247 521 2317 jungit.
548 2246 828 2297 Fasceatim
858 2248 1114 2317 significat
1141 2260 1336 2299 attrec-

333 2326 608 2390 tationem,
619 2326 741 2395 quia
759 2324 950 2378 talibus
967 2324 1225 2379 adverbiis
1241 2328 1337 2378 uti·

333 2421 470 2470 mur,
495 2421 657 2475 quum
686 2403 917 2473 singulas
946 2422 1027 2455 res
1056 2417 1147 2455 aut
1176 2423 1336 2455 manu

336 2493 428 2532 aut
451 2494 625 2533 mente
650 2484 801 2552 quasi
821 2482 1263 2567 apprehendimps
1284 2495 1336 2535 et

336 2573 741 2616 contrectamus.

409 2659 460 2693 2.
482 2640 928 2694 Aur-octationern.
946 2641 1118 2694 Guelf.
1146 2652 1336 2694 tracta-

338 2719 558 2783 tionem,
583 2731 635 2770 et
659 2722 732 2772 sic
760 2718 928 2771 codd.
959 2738 1108 2792 paene
1134 2739 1332 2772 omnes.

335 2796 490 2850 Unde
527 2800 593 2849 sit
633 2799 1071 2864 attrectationem,
1111 2802 1298 2869 ignoro
1318 2838 1336 2866 ,

338 2894 505 2947 quum
541 2891 595 2928 et
630 2890 752 2928 vett.
789 2877 906 2929 edd.
943 2878 1206 2949 pleraeque
1237 2877 1336 2930 ha-

334 2954 497 3008 beant
520 2968 610 3007 aut
637 2956 1017 3022 tractationem,
1044 2969 1161 3022 aut,
1184 2962 1337 3029 pejus

336 3036 495 3087 etiam
518 3074 535 3101 ,
580 3036 954 3087 attractionem.
997 3037 1339 3089 Verissimum

340 3127 515 3168 tamen
549 3127 628 3166 est
658 3126 963 3185 receptum,
992 3125 1046 3164 et
1071 3115 1125 3164 in
1153 3116 1337 3167 rariori

338 3211 471 3244 voce
493 3192 739 3245 facillime
762 3191 961 3266 syllaba
984 3202 1041 3242 at
1062 3191 1338 3245 haurieba-

340 3286 426 3324 tm·
448 3271 515 3324 ab
540 3270 883 3324 antecedente
907 3281 971 3323 et.

402 3350 451 3406 3.
466 3351 882 3423 Super-affuerat.
893 3349 1067 3404 Guelf.
1080 3359 1207 3416 emt,
1218 3367 1339 3402 cum

341 3430 475 3484 Alm.
515 3443 567 3482 et
604 3429 733 3484 Obr.
769 3429 925 3501 qnod.
950 3448 1076 3482 sane
1108 3442 1341 3500 praestat.

341 3510 556 3561 --.Erat
573 3527 787 3580 quoque
809 3509 999 3579 legitur
1020 3527 1108 3580 ap.
1132 3510 1193 3560 R.
1224 3524 1270 3575 1,
1288 3509 1342 3575 3,

342 3588 407 3654 4;
433 3601 755 3658 quapropter
777 3606 1101 3659 reponerem.
1128 3590 1220 3640 En.

414 3666 465 3730 4.
484 3666 766 3717 Ambitiosa
774 3665 1129 3737 festinatione.
1145 3665 1343 3718 Videor

344 3743 472 3796 mihi
501 3757 553 3794 et
575 3742 661 3796 hic
686 3762 971 3814 agnoscere
994 3747 1343 3798 recentiorem

341 3822 514 3888 illam,
538 3822 604 3874 de
631 3841 731 3893 qua
757 3822 824 3874 ad
848 3825 901 3889 1,
928 3841 986 3890 2,
1012 3841 1074 3876 22
1103 3826 1344 3894 egi„am·

341 3902 547 3954 bitionis
574 3901 1021 3971 significationem.
1050 3906 1175 3956 Non
1203 3906 1344 3956 enim

343 3995 453 4033 tam
462 3993 739 4052 parentum
749 3992 802 4030 et
811 3979 1187 4052 discipulorum
1204 4001 1346 4034 amo·

345 4080 453 4112 rem
477 4058 576 4112 hac
600 4061 935 4112 festinatione
961 4074 1139 4131 captat
1162 4063 1346 4132 magis·

344 4152 441 4205 ter,
471 4158 628 4211 quam
662 4158 809 4192 suam
844 4139 1098 4210 gloriam,
1131 4142 1223 4210 qui
1253 4159 1344 4191 os-

340 4233 510 4272 tentat
548 4219 838 4293 discipulos
879 4237 1004 4274 suos
1045 4220 1185 4271 circa
1225 4237 1344 4291 spe—

1423 2011 1667 2063 ciosiora.
1716 2012 1855 2063 Bene
1901 2012 2059 2080 igitur
2101 2008 2387 2084 Gedoynus
2411 2035 2424 2062 .-

1417 2089 1781 2161 prc‘cipitation
1795 2089 2075 2161 fastueuse.

1496 2166 1545 2219 5.
1566 2166 1639 2218 At
1655 2167 1698 2219 si
1716 2167 1844 2239 quis.
1866 2167 2039 2220 Guelf.
2057 2180 2109 2220 et
2122 2167 2281 2219 Goth.
2299 2167 2421 2237 (tac.

1423 2245 1609 2318 Gesn.)
1621 2244 1786 2318 Atqui
1801 2265 1838 2298 s.
1861 2264 1911 2318 q.
1925 2284 1942 2312 ‚
1964 2266 2086 2298 cum
2103 2250 2257 2299 Voss.
2282 2266 2424 2300 omn.

1423 2328 1598 2377 Turio.
1630 2338 1683 2378 et
1709 2327 1859 2376 Bern.
1889 2327 1953 2378 Et
1982 2328 2056 2378 sic
2083 2340 2217 2398 puto
2243 2345 2429 2379 omnes

1424 2404 1621 2457 habere
1656 2404 1824 2457 codd.
1862 2423 2182 2476 quamquam
2214 2406 2280 2458 de
2314 2409 2425 2458 Bri-

1425 2486 1647 2537 tannicis
1688 2483 1832 2536 Gibs.
1880 2497 2050 2550 tacet,
2091 2498 2143 2536 et
2179 2484 2246 2536 de
2286 2483 2423 2538 Alm.

1424 2566 1597 2616 Burm.
1620 2565 1812 2634 Regius
1830 2560 1918 2616 hic
1939 2564 2293 2634 objectionem
2314 2582 2434 2616 esse

1423 2657 1580 2714 negat
1594 2681 1620 2709 ,
1654 2656 2042 2714 proptereaque
2078 2642 2170 2715 qui
2205 2642 2428 2694 eraden-

1424 2722 1551 2774 dum
1572 2721 1774 2774 suadet.
1793 2726 1931 2774 Vett.
1955 2720 2074 2772 edd.
2093 2735 2151 2772 nt
2170 2724 2302 2773 Ven.
2329 2722 2429 2793 94,

1425 2800 1543 2856 Ald.
1577 2803 1741 2853 Viart.
1781 2799 1981 2872 (quum
2022 2801 2108 2853 hie
2145 2805 2433 2873 caeteroqui

1425 2899 1606 2952 presse
1638 2894 1889 2950 sequatur
1914 2880 2170 2951 Regium)
2205 2882 2434 2932 retinent

1426 2957 1606 3030 Atqui.
1654 2960 1720 3010 Et
1764 2959 1912 3028 Regii
1951 2960 2084 3010 ratio
2127 2956 2272 3010 nulla
2314 2973 2394 3010 est
2413 2997 2440 3025 ,

1429 3055 1592 3109 quum
1616 3046 1674 3087 at
1687 3037 1884 3108 pariter
1902 3035 2239 3107 obloquatur.
2260 3039 2324 3088 Et
2343 3055 2433 3089 sa-

1427 3135 1493 3167 ne
1510 3117 1799 3187 opponitur
1813 3115 1977 3166 solitae
1992 3117 2359 3185 magistrorum
2375 3119 2434 3167 in

1428 3195 1600 3265 parvis
1626 3193 1952 3262 negligentiae
1968 3231 1985 3259 ,
2013 3193 2283 3263 diligentia
2310 3197 2435 3248 navi

1429 3271 1651 3342 alicujus
1669 3273 2024 3343 praeceptoris..
2044 3271 2240 3324 Saltem
2259 3290 2432 3343 operae

1428 3352 1658 3424 pretium
1697 3368 1807 3401 non
1849 3363 1959 3402 erat
1978 3388 1994 3416 ,
2035 3364 2169 3422 puto
2190 3389 2207 3416 ,
2249 3364 2436 3403 contra

1429 3428 1598 3483 codd.
1633 3428 1831 3500 aliquid
1865 3447 2074 3482 novare.
2110 3429 2318 3501 Reliqui
2350 3443 2433 3482 ta-

1431 3528 1551 3561 men
1564 3546 1582 3574 ,
1602 3507 1750 3579 quod
1768 3506 2014 3560 obtinuit.
2033 3538 2105 3548 —
2123 3511 2183 3561 R.
2213 3527 2259 3578 1,
2283 3526 2309 3560 2
2324 3548 2342 3577 ,
2359 3520 2435 3561 at-

1431 3588 1539 3661 qui.
1565 3590 1657 3640 En.

1502 3667 1553 3719 6.
1579 3669 1706 3719 Et...
1734 3664 1969 3718 voluerit.
1990 3665 2164 3719 Guelf.
2186 3680 2307 3719 ante
2329 3665 2430 3719 vol.

1429 3749 1622 3818 repetit
1636 3757 1687 3797 et
1698 3763 1819 3797 eum
1831 3744 2163 3816 quibusdam.
2177 3743 2338 3813 Quod
2347 3763 2436 3796 au·

1432 3839 1543 3877 tem
1560 3827 1915 3891 Burmannus,
1940 3843 2063 3877 cum
2080 3842 2251 3895 eoque
2269 3823 2436 3876 Loeh-

1433 3923 1686 3970 mannus,
1709 3903 1744 3954 l.
1769 3923 1816 3955 c.
1835 3941 1852 3969 ,
1875 3921 1929 3974 p.
1958 3918 1977 3952 t
1995 3919 2039 3967 t,
2057 3915 2209 3973 putat
2224 3939 2240 3968 ,
2258 3904 2435 3973 priore

1432 3982 1554 4035 loco
1578 3984 1758 4054 potius
1784 3979 2190 4051 expungendum
2214 3998 2327 4031 esse
2350 3992 2432 4045 et,

1432 4059 1487 4113 id
1510 4078 1658 4131 aeque
1687 4057 2019 4131 probabilem
2045 4061 2303 4110 rationem
2332 4062 2436 4111 cri-

1432 4142 1590 4191 ticam
1631 4157 1740 4189 non
1781 4135 1944 4192 habet
1959 4175 1977 4204 ,
2019 4136 2165 4209 quod
2204 4137 2278 4192 ibi
2316 4140 2438 4191 satis

1432 4216 1706 4292 praecedit,
1727 4215 1813 4270 hic
1828 4216 1959 4273 solet
1963 4238 1984 4279 ,·
2004 4218 2317 4271 sententiam
2335 4236 2435 4271 au-
