3200 5150
605 533 1259 605 INSTITUTIONIS
1298 533 1554 602 ORAT.
1595 532 1756 600 LIB.
1799 533 1899 615 11,
1944 556 2046 600 21.

2239 532 2365 625 393

285 660 488 737 nohis
517 689 659 738 esse
684 660 1045 735 materiam
1068 661 1467 760 frequenter
1494 658 1704 730 etiam
1738 657 2135 757 praefatione
2162 677 2371 730 testa-

286 804 470 851 mur.
498 778 789 878 Gorgias
811 790 828 821 ¹
860 775 1144 877 quidem
1172 775 1345 847 adeo
1370 773 1625 846 rhetori
1650 773 1736 845 de
1760 771 2090 844 omnibus
2110 773 2373 871 putavit
2408 805 2467 842 αι

282 918 426 966 esse
455 892 866 983 dicendum,
897 913 974 966 ut
999 917 1071 964 se
1100 889 1174 962 in
1197 888 1551 965 auditoriis
1574 886 1975 988 interrogari
1999 907 2366 987 pateretur,

279 1033 420 1106 qua
441 1008 737 1108 quisque
767 1006 852 1080 de
884 1033 955 1078 re
981 1003 1207 1078 vellet.
1242 1007 1753 1103 Hermagoras²
1777 1028 2060 1102 quoque
2079 1058 2098 1092 ,
2133 1001 2370 1073 dicen-

277 1123 367 1194 do
387 1123 749 1197 materiam
769 1147 914 1194 esse
938 1120 1012 1213 in
1033 1147 1238 1193 causa
1261 1139 1329 1192 et
1348 1118 1422 1191 in
1447 1117 1943 1218 quaestionibus
1956 1173 1975 1206 ,
1998 1142 2244 1189 omnes
2263 1141 2367 1188 res

271 1235 618 1336 subjectas
657 1257 801 1311 erat
839 1233 1262 1335 complexus,
1307 1233 1446 1307 Sed
1484 1232 1895 1333 quaestiones
1936 1231 1991 1303 si
2033 1250 2241 1330 negat
2277 1230 2365 1302 ad
2402 1266 2467 1304 υ

270 1350 657 1424 rhetoricen
705 1349 1047 1450 pertinere
1061 1347 1118 1438 3,
1166 1348 1478 1422 dissentit
1520 1374 1562 1421 a
1607 1346 1848 1435 nobis;
1892 1346 1949 1418 si
1996 1366 2233 1418 autern
2273 1343 2365 1417 ad

269 1461 658 1536 rhetoricen
689 1463 1066 1565 pertinent,
1096 1462 1186 1535 ab
1219 1463 1353 1536 hoc
1382 1487 1666 1563 quoque
1694 1461 2150 1562 adjuvamur3
2185 1457 2365 1533 nihil

267 1597 370 1650 est
395 1578 586 1651 enim
603 1636 623 1669 ,
648 1578 840 1678 quod
874 1603 1017 1652 non
1053 1578 1128 1652 in
1162 1605 1445 1652 causam
1473 1598 1596 1651 aut
1619 1576 1697 1650 in
1717 1571 2219 1676 quaestionem4
2244 1600 2364 1647 ca-

257 1691 403 1764 dat.
434 1691 828 1766 Aristoteles
845 1691 873 1739 ⁵
906 1713 1042 1766 tres
1066 1693 1390 1765 faciendo
1415 1712 1642 1792 partes
1670 1688 2029 1779 orationis,
2044 1689 2358 1789 judicia·
2398 1710 2464 1768 23

266 1808 430 1898 lem,
457 1808 1010 1898 deliberativam,
1041 1810 1644 1882 demonstrativam
1662 1860 1685 1895 ,
1709 1831 1906 1906 paene
1932 1823 1999 1877 et
2025 1803 2170 1904 ipse
2198 1831 2358 1877 ora-

258 1923 393 1995 tori
415 1923 713 2024 subjecit
736 1923 1015 2014 omnia3
1038 1922 1220 1996 nihil
1249 1922 1442 1997 enim
1470 1947 1618 1994 non
1647 1919 1721 1992 in
1746 1920 1892 1994 haec
1915 1918 2119 1993 cadit.
2145 1920 2361 2011 Quae-
2395 1939 2464 2007 24

259 2036 472 2109 situm
511 2066 553 2109 a
589 2037 1024 2139 paucissimis
1060 2038 1270 2113 etiam
1310 2037 1397 2111 de
1433 2037 1896 2111 instrumento
1932 2053 2065 2107 est:
2096 2036 2358 2109 Instru-

257 2169 565 2224 mentum
589 2180 795 2245 voco,
823 2160 969 2228 sine
991 2180 1130 2255 quo
1140 2155 1455 2254 fomur-i
1487 2156 1777 2225 materia
1796 2203 1820 2238 ,
1845 2165 1911 2222 et
1940 2155 2013 2221 in
2041 2150 2141 2237 id,
2169 2152 2363 2252 quod

258 2264 579 2357 velimus,
609 2265 840 2371 ffci⁶
866 2294 1036 2370 opus
1059 2293 1198 2341 non
1218 2272 1444 2368 possit.
1460 2268 1735 2342 Verum
1758 2263 1892 2339 hoc
1920 2289 2223 2364 egonon
2247 2291 2356 2338 ar-

335 2444 379 2479 r.
409 2427 640 2500 Goryias.
664 2426 792 2480 Plat.
814 2428 975 2499 Gorg.
1000 2447 1054 2502 p.
1076 2428 1179 2500 447
1197 2429 1258 2483 C.

252 2503 397 2580 (Rip.
420 2507 510 2573 lv,
529 2504 620 2579 5):
637 2501 840 2558 ’Baianos
858 2506 969 2574 ’μῦν
986 2509 1061 2561 νῦν
1079 2505 1133 2563 δὲ
1151 2507 1261 2577 ipa·

250 2583 344 2650 τξυ
367 2579 419 2651 ο”,
443 2605 491 2637 τι
512 2606 582 2642 τις
603 2584 817 2647 βούλοντο
838 2588 929 2640 «ὃν
953 2586 1075 2642 itte?
1093 2587 1259 2652 {rr-v,

250 2660 336 2714 uui
352 2660 472 2731 σρδς
492 2660 690 2718 ἔπιπτε
708 2665 785 2727 ἔοι
805 2667 1164 2734 ἀποκρινεῖσθαι.
1178 2671 1259 2723 De

253 2760 365 2813 quo
393 2744 511 2815 ipso
538 2743 771 2799 Piatonis
793 2745 917 2799 loco
939 2748 1048 2799 cic.
1073 2746 1140 2800 de
1161 2748 1256 2801 Or.

248 2821 351 2886 111,
375 2820 471 2883 32;
495 2818 565 2872 id.
591 2820 658 2874 de
681 2824 850 2893 0121,
874 2840 969 2889 υς
992 2823 1185 2879 delnv.
1205 2826 1258 2892 1,

250 2897 317 2963 5;
341 2896 408 2951 de
430 2900 544 2951 Pin.
567 2902 642 2967 11,
672 2918 718 2954 ι.

328 2993 378 3029 2.
420 2976 840 3051 Hmaqom....
881 2980 1255 3053 questionibus.

246 3053 388 3108 vide
422 3056 530 3108 Cic.
565 3054 633 3109 de
663 3058 772 3111 Inv.
805 3060 862 3125 1,
890 3059 963 3126 6,
992 3057 1086 3111 uhi
1114 3057 1255 3113 hane

246 3134 412 3186 refert
438 3134 770 3204 Hermagora
796 3133 1134 3204 divisionem,
1160 3134 1256 3190 sed

247 3212 558 3284 improbans
598 3214 714 3286 ipse
754 3226 808 3266 et
844 3213 1147 3288 questiones
1185 3213 1255 3267 ab

251 3293 475 3344 oratoris
504 3289 683 3344 officio
712 3295 1010 3366 sejungens.
1034 3292 1169 3347 Vide
1199 3305 1256 3347 et

249 3367 320 3421 de
343 3371 434 3424 Or.
460 3371 535 3438 11,
565 3387 627 3439 ¹9
648 3370 764 3423 init.

320 3445 372 3499 3.
393 3448 622 3521 Neqat...
636 3448 907 3521 pertinere.
921 3448 1058 3504 vide
1074 3449 1172 3517 111,
1192 3447 1255 3518 5,

253 3524 336 3592 14.
368 3527 490 3594 Quo
523 3527 762 3600 inspecto
789 3527 914 3582 loeo
942 3527 1253 3602 apparebit,

247 3622 411 3675 quare
434 3604 500 3657 de
523 3608 855 3678 Hermagora
876 3611 1136 3663 sententia
1157 3607 1253 3662 du-

242 3682 378 3733 bitet
403 3683 586 3750 Quint.
616 3686 681 3737 Se
709 3700 885 3739 autem
910 3686 1151 3761 acyuvari
1176 3689 1251 3741 ait

243 3761 315 3814 ab
343 3762 662 3833 Hermagora
690 3762 883 3835 (modo
911 3770 1025 3839 ejus
1047 3786 1159 3821 non
1181 3769 1249 3820 sit

242 3838 406 3905 liber,
448 3842 540 3911 qui
583 3844 898 3895 comm-iam
943 3847 1248 3918 opinionem

241 3918 437 3992 habet)
456 3918 602 3990 quod
620 3933 760 3987 tum,
773 3920 856 3974 vel
873 3921 977 3975 hoc
1002 3936 1247 3992 auctore,

241 4010 389 4048 recte
423 3997 614 4049 finierit
647 3997 919 4050 materiam
952 4000 1245 4070 rhetorices,

317 4153 366 4220 4.
413 4154 525 4207 Aut
567 4155 622 4207 in
671 4154 1021 4228 questionem.
1068 4158 1242 4213 Guelf.

245 4231 439 4283 omittit
470 4233 544 4286 in.
575 4234 963 4305 Repetitionem
989 4239 1245 4308 preposi-

1348 2429 1510 2482 tionis
1531 2425 1825 2480 defendunt
1842 2424 2024 2478 Burm.
2043 2423 2098 2477 h.
2119 2424 2154 2478 l.
2167 2464 2186 2493 ‚
2209 2438 2261 2479 et
2283 2425 2353 2480 ad

1347 2509 1439 2575 IV,
1481 2523 1512 2560 2
1530 2544 1551 2573 ,
1597 2522 1717 2578 107,
1756 2503 1851 2558 uhi
1889 2505 2081 2558 iterum
2122 2505 2352 2578 positam

1346 2604 1574 2661 praepos.
1594 2588 1846 2639 omittunt
1865 2602 2081 2657 qnoque
2095 2584 2273 2638 Guelf.
2299 2598 2355 2640 et

1346 2664 1507 2719 Goth.
1542 2666 1674 2719 Item
1705 2663 1772 2717 ad
1794 2664 1893 2729 vt,
1923 2664 1987 2731 3,
2016 2678 2100 2730 ιι,
2131 2676 2184 2717 et
2214 2665 2353 2717 Dra·

1344 2743 1502 2799 kenb.
1528 2743 1597 2797 ad
1617 2745 1727 2799 Liv.
1742 2745 1841 2811 Vl,
1867 2760 1954 2814 27,
1971 2741 2036 2810 6,
2058 2756 2112 2796 et
2132 2746 2353 2798 Heusin-

1343 2841 1500 2895 ger-us
1522 2822 1593 2875 ad
1614 2823 1724 2876 Cic.
1747 2820 1817 2875 de
1839 2820 1994 2875 offic.
2020 2822 2072 2887 1,
2100 2821 2192 2889 14,
2218 2840 2274 2889 1,
2298 2836 2352 2877 et

1344 2904 1403 2955 in
1426 2900 1529 2956 hac
1555 2902 1673 2975 ipsa
1698 2918 1757 2954 re
1782 2900 1890 2953 Cic.
1920 2898 1989 2953 de
2010 2900 2211 2954 Invent.
2246 2917 2292 2967 ι,
2315 2902 2352 2955 6

1341 2982 1460 3038 init.
1483 2979 1646 3035 Goth.
1671 2992 1724 3033 et
1744 2981 1889 3033 Jens.
1909 2978 2035 3050 (tac.
2053 2979 2241 3048 Gesn.)
2257 2990 2353 3033 aut

1343 3059 1401 3113 in
1423 3059 1752 3134 questiones,
1772 3076 1896 3111 cnm
1911 3061 2066 3111 Voss.
2094 3076 2123 3112 τι
2149 3072 2204 3113 et
2225 3059 2346 3113 edd.

1340 3150 1467 3192 ante
1486 3135 1687 3211 Gryph.
1708 3134 1983 3203 omnibus,
2003 3135 2149 3208 qnod
2165 3156 2350 3191 verum

1339 3229 1507 3289 puto,
1539 3214 1612 3267 ob
1645 3215 1702 3266 in
1732 3214 2094 3289 questionibus
2118 3212 2198 3285 (ς.
2232 3216 2349 3287 21),

1340 3309 1397 3349 et
1414 3295 1506 3350 sod
1523 3295 1825 3369 questiones
1845 3292 1924 3367 (§.
1949 3296 2054 3367 υ).
2077 3325 2146 3338 -
2164 3298 2270 3350 RR.
2301 3315 2347 3364 1,

1342 3373 1406 3443 5,
1425 3375 1480 3427 in
1498 3373 1850 3448 questionem.
1868 3376 1931 3427 R.
1956 3390 1986 3425 2
1999 3412 2017 3441 ,
2041 3373 2097 3426 in
2115 3376 2349 3447 questio-

1340 3470 1445 3506 nes.
1465 3454 1529 3505 R.
1547 3451 1582 3519 4
1596 3464 1652 3505 et
1664 3453 1825 3505 Cam.
1840 3490 1858 3520 ,
1878 3452 2228 3525 questionem.
2252 3456 2343 3508 Eo.

1410 3530 1463 3585 5.
1487 3529 1801 3585 Aristoteles.
1827 3529 1981 3585 Rhet.
2006 3534 2058 3600 1,
2081 3532 2144 3600 3,
2167 3534 2229 3602 3,
2252 3553 2347 3587 un·

1339 3610 1407 3665 de
1450 3612 1662 3684 repetiit
1700 3610 1887 3664 Cicero
1927 3613 2127 3665 Partitt.
2171 3613 2341 3669 oran.

1336 3708 1386 3743 c.
1410 3689 1446 3743 3
1470 3702 1599 3743 extr.
1619 3688 1756 3743 vide
1779 3703 1836 3743 et
1858 3687 1925 3743 de
1949 3692 2058 3744 Inv.
2083 3692 2139 3758 1,
2163 3689 2213 3744 5.

1406 3768 1457 3822 6.
1492 3769 1638 3822 Ee...
1674 3765 1833 3841 effici.
1866 3769 1944 3821 Ita
1972 3768 2150 3822 Guelf.
2185 3782 2239 3821 et
2269 3771 2345 3822 vi-

1335 3846 1530 3900 dentur
1549 3845 1767 3919 plurimi
1787 3845 1957 3899 codd.
1985 3848 2077 3919 qui
2105 3845 2339 3899 silentur.

1333 3924 1494 3979 Goth.
1528 3923 1665 3996 (tae.
1697 3923 1894 3996 Geso.)
1921 3925 1976 3976 in
2005 3926 2198 3978 omittit
2219 3942 2345 3998 post

1332 4013 1386 4055 et
1427 4021 1552 4055 eum
1590 4005 1747 4056 Voss.
1792 4020 1820 4056 2
1859 4014 1913 4054 et
1947 4001 2068 4055 Ald.
2109 4021 2223 4075 qua
2259 4019 2340 4058 oet

1333 4078 1760 4134 commodissima
1798 4082 2073 4153 scriptura.
2115 4083 2334 4136 Jenson.

1332 4159 1488 4231 (item
1525 4170 1626 4211 tae.
1664 4158 1861 4231 (ἔθευ.)
1896 4162 2090 4213 omittit
2125 4172 2178 4213 et
2212 4176 2338 4217 ante

1333 4238 1417 4304 in,
1443 4256 1567 4292 eum
1588 4236 1708 4292 edd.
1735 4253 1923 4310 preter
1944 4239 2063 4295 Ald.
2091 4241 2338 4295 omnibus
