3200 5150
652 465 1300 534 INSTITUTIONIS
1336 464 1590 533 ORAT.
1632 468 1791 533 LIB.
1834 466 1928 547 11,
1980 469 2077 535 16.
2283 470 2406 557 357

318 589 592 665 cultate.
637 595 818 664 Nam
857 618 1143 692 corpora
1167 606 1186 637 ¹
1231 591 1518 703 quidem
1553 592 2076 691 magnitudine,
2114 592 2411 683 viribus,
2457 608 2518 667 13

321 706 676 795 firmitate,
701 707 1062 807 patientia,
1083 707 1435 780 velocitate
1456 709 1923 808 praestantiora
1946 709 2018 782 in
2046 708 2179 781 illis
2204 710 2415 781 mutis

319 819 636 893 videmus
663 852 680 910 ;
731 822 975 895 eadem
1029 822 1265 894 minus
1287 835 1315 867 ²
1365 848 1567 921 egere
1612 822 1956 921 acquisitae
2003 824 2418 896 extrinsecus

324 935 511 1036 opis:
548 963 716 1009 nam
752 959 819 1009 et
850 936 1119 1036 ingredi
1156 937 1392 1026 citiuS‚
1423 958 1491 1009 et
1518 937 1744 1036 pasci,
1775 958 1844 1011 et
1869 959 2138 1011 tranare
2164 965 2376 1037 aquas
2396 993 2414 1025 ,

321 1049 489 1122 citra
521 1049 928 1141 docentem‘,
953 1072 1202 1125 natura
1231 1051 1379 1151 ipsa
1412 1052 1661 1126 sciunt.
1698 1054 1786 1124 Et
1816 1052 2146 1153 pleraque
2180 1072 2419 1126 contra
2461 1071 2523 1137 14

316 1163 539 1264 frigus
571 1191 652 1237 ex
684 1192 811 1237 suo
842 1192 1129 1266 corpore
1164 1166 1573 1258 vestiuntur,
1613 1187 1679 1240 et
1714 1194 1911 1240 arma
1947 1165 2073 1240 iis3
2112 1168 2423 1267 ingenita

322 1279 645 1378 quaedam
660 1335 679 1368 ,
705 1301 775 1353 et
797 1307 878 1353 ex
902 1281 1104 1354 obvio
1130 1284 1271 1355 fere
1293 1282 1512 1355 victus
1529 1339 1548 1372 ,
1580 1281 1761 1355 circa
1783 1309 1937 1382 quae
1962 1282 2202 1355 omnia
2227 1282 2420 1354 rnul-

321 1390 480 1465 tus4
509 1393 919 1467 hominibus
944 1395 1141 1468 labor
1172 1417 1316 1486 est;
1347 1397 1687 1470 rationem
1718 1395 1932 1495 igitur
1962 1396 2163 1470 nobis
2186 1397 2426 1498 praeci-

324 1534 542 1606 puam
568 1509 788 1599 dedit,
814 1509 1107 1612 ejusque
1131 1538 1259 1584 nos
1282 1513 1500 1585 socios
1528 1538 1676 1584 esse
1706 1539 1873 1584 cum
1902 1511 2031 1585 diis
2064 1512 2426 1585 immorta-

323 1620 508 1695 libus
526 1622 763 1697 voluit.
787 1625 922 1698 Sed
946 1627 1095 1725 ipsa
1120 1627 1289 1702 ratio
1310 1654 1539 1726 neque
1557 1649 1705 1699 tam
1726 1654 1853 1700 nos
1862 1625 2167 1728 juvaret,
2191 1654 2421 1726 neque

322 1756 469 1810 tam
498 1759 674 1813 esset
702 1741 775 1813 in
809 1741 1012 1814 nobis
1044 1743 1449 1831 manifesta,
1481 1742 1655 1831 nisi,
1681 1769 1835 1841 quae
1867 1741 2424 1841 concepissemus

323 1874 595 1945 mente,
620 1881 939 1955 promere
960 1857 1168 1930 etiam
1195 1857 1548 1957 loquendo
1570 1881 1934 1957 possemus
1950 1913 1969 1947 ,
1992 1856 2184 1956 quod
2203 1856 2427 1954 magis

328 1966 560 2041 deesse
589 1970 845 2042 caeteris
875 1971 1298 2043 animalibus
1312 2028 1334 2062 ,¹
1355 1998 1571 2071 quam
1600 1970 2032 2044 intellectum
2064 1992 2132 2042 et
2161 1969 2429 2069 cogita-

325 2080 592 2155 tionem
626 2085 1009 2183 quamdam
1031 2142 1049 2174 ,
1073 2085 1415 2158 videmus.
1450 2089 1634 2158 Nam
1668 2105 1738 2158 et
1768 2084 1997 2157 moliri
2033 2082 2326 2172 cubilia,
2361 2102 2431 2155 et

325 2195 531 2268 nidos
548 2217 771 2272 texere
784 2257 804 2290 ,
830 2220 897 2271 et
914 2200 1208 2273 educare
1226 2202 1426 2274 foetus
1440 2257 1460 2290 ,
1485 2221 1554 2273 et
1571 2197 1935 2272 excludere
1951 2195 2005 2282 ⁵,
2022 2197 2195 2298 quin
2216 2198 2427 2271 etiam

324 2347 464 2415 tale,
500 2349 669 2422 qualis
706 2365 760 2404 et
794 2352 1072 2428 Porphyrii
1107 2358 1242 2407 ratio
1279 2357 1334 2407 in

324 2432 1334 2523 Isagoge,p.A1-istot.Bip.39o(vol.1)·

325 2505 422 2561 αἱ..
429 2510 556 2562 ,τοῦ
584 2513 775 2578 λογικοῦ
803 2510 886 2563 καὶ
915 2510 1156 2567 &Hermon
1180 2511 1337 2587 (ζόου

324 2589 541 2661 διαφοραὶ
557 2612 840 2645 waren-ew
825 2591 1082 2669 γίνονται)
1097 2617 1182 2649 του
1158 2596 1336 2648 ’θιοὶλ

324 2670 512 2724 itidem
535 2673 843 2746 Speusippi,
869 2677 976 2728 sive
997 2676 1268 2729 Platonis
1254 2696 1334 2748 lp·

324 2751 471 2814 sius,
493 2752 550 2802 in
571 2752 978 2806 Definitionibus
1000 2755 1073 2807 St.
1098 2757 1200 2822 111,
1228 2754 1290 2821 4¹
1308 2773 1326 2807 1

327 2830 431 2880 Aa
466 2824 580 2884 003⁶
610 2829 723 2897 ζὸον
759 2829 1009 2885 alodnmv.
1043 2832 1191 2906 (Bip.
1229 2834 1334 2898 xl,

330 2908 495 2978 287),
519 2922 579 2960 ut
610 2922 665 2963 et
693 2910 891 2964 Phaedr.
917 2934 929 2962 ι
961 2911 1071 2965 θὼν
1101 2909 1337 2965 ἑθαίγοτόν

327 3008 378 3040 τι
405 2987 551 3055 ζόου,
580 3008 635 3061 p.
663 2989 765 3057 ²4⁰
788 2991 850 3043 C.
877 2992 989 3064 Bip.
1015 2992 1097 3058 X,
1124 2992 1246 3044 320.
1274 2993 1334 3044 L.

329 3069 532 3122 Seneca
567 3070 733 3142 Epist.
772 3069 875 3124 582
920 3092 944 3117 ιι
964 3070 1208 3122 animalia
1244 3083 1342 3124 aut

336 3170 362 3194 a
383 3146 629 3200 mortalia
652 3163 744 3201 aut
767 3149 1102 3202 immortalia.
1126 3173 1149 3197 n

1424 2355 1552 2407 tiam
1598 2355 1968 2425 interpungere
1992 2372 2008 2414 ;
2059 2363 2151 2403 aut
2202 2349 2428 2403 scribere

1422 2452 1586 2506 eaque
1616 2432 1785 2503 (resp.
1825 2431 1894 2483 ed
1930 2429 2176 2503 corpora)
2206 2447 2313 2501 pro·
2338 2448 2427 2481 ea-

1423 2513 1568 2579 dem,
1589 2524 1652 2563 ut
1673 2511 1810 2563 Alm.
1836 2523 1890 2563 et
1906 2510 2082 2561 Turic.
2104 2526 2227 2560 mox
2246 2508 2315 2579 (§·
2344 2509 2432 2580 14)

1422 2612 1524 2665 pro
1545 2596 1755 2667 qusque
1777 2609 1895 2656 nos,
1921 2588 2144 2663 quasdem
2167 2606 2276 2640 nos.

1494 2673 1544 2725 3.
1567 2672 1837 2726 Amatis.
1861 2670 2037 2723 Guelf.
2063 2682 2118 2721 et
2138 2671 2313 2721 Turic.
2344 2688 2441 2720 ar·-

1422 2750 1554 2814 πιίε,
1598 2768 1723 2802 cum
1761 2749 2029 2821 plerisque
2068 2746 2238 2800 codd.
2285 2747 2434 2817 quod

1422 2829 1619 2880 frustra
1634 2826 1843 2879 videtur
1861 2819 2142 2879 defendere
2160 2825 2320 2877 Gesn.
2337 2827 2443 2877 Re-

1425 2921 1591 2980 ceptae
1631 2906 1896 2959 vindicem
1940 2924 2056 2958 esse
2099 2918 2234 2977 puto
2280 2902 2441 2956 Bodl..

1424 3000 1614 3060 preter
1638 2985 1758 3039 edd.
1789 2999 1915 3038 vett.
1946 3004 2145 3037 omnes.
2176 2985 2434 3036 Caeterum

1425 3066 1587 3120 malui
1611 3068 1761 3136 sequi
1784 3082 1873 3117 eas
1896 3063 2119 3118 dando*
2100 3081 2189 3126 us,
2220 3082 2327 3134 proe
2357 3062 2434 3115 his

1424 3157 1646 3198 rec.entt
1682 3158 1742 3196 ut
1771 3145 1932 3196 Gesn.
1961 3171 2034 3183 -
2054 3144 2241 3195 Nostri
2261 3141 2431 3193 codd.

413 3242 457 3278 Ι.
496 3227 638 3280 Nam
676 3246 904 3301 corpora.
930 3227 1064 3282 Vide
1099 3228 1230 3281 Ptin.
1274 3230 1339 3279 H.

330 3309 399 3360 N.
439 3306 559 3361 libri
588 3311 682 3360 vll
695 3348 713 3376 ,
744 3311 1075 3381 prooernium.
1100 3338 1173 3349 —-
1192 3309 1337 3363 Nam

332 3403 550 3460 corpora
570 3388 798 3462 quidm.
824 3389 947 3441 Ideo
970 3390 1229 3462 Epicurus
1252 3387 1337 3441 di-

334 3467 493 3520 cebat
511 3471 924 3542 omniafortuna
941 3471 1229 3543 essefaeta,
1252 3469 1339 3521 Ιιο-

335 3546 572 3618 mittique
591 3560 832 3601 naturam
846 3550 1013 3622 fixisse
1035 3566 1335 3613 novercam,

334 3621 518 3677 belluis
548 3626 820 3698 beniqnam
848 3638 1156 3699 parentem3
1194 3586 1339 3698 quod

336 3704 533 3754 refutat
545 3706 880 3757 Lacuntius'
867 3726 922 3758 ιιι
937 3706 1118 3759 libello
1132 3704 1200 3758 de
1215 3707 1340 3779 Opi·

337 3784 459 3835 ficio
484 3785 599 3835 Dei.
619 3786 785 3837 Tmut.

335 3855 340 3860 ⁵
414 3877 463 3912 ω.
490 3860 688 3912 Eadem
711 3862 898 3916 minus.
925 3867 1248 3937 Praeruptum
1271 3866 1343 3916 vi·

340 3938 497 3992 detur
518 3938 622 3990 hoc
652 3937 915 3994 deotmar.
946 3944 1124 4012 Quare
1151 3942 1342 3995 lubens

341 4017 430 4070 hic
444 4016 657 4070 audiam
668 4017 920 4070 Galloeum
939 4020 1219 4093 eademque
1239 4034 1346 4072 ten-

342 4109 555 4149 tantem.
580 4098 695 4149 Nisi
721 4097 859 4149 forte
887 4096 1035 4149 maiis
1059 4116 1201 4170 eqere
1223 4117 1344 4150 mu-

342 4189 451 4227 tare
474 4178 528 4228 in
552 4186 726 4249 egent,
754 4189 806 4230 et
829 4187 949 4230 ante
971 4175 1110 4229 hanc
1134 4191 1345 4231 senten-

1425 3226 1534 3278 RR.
1562 3241 1609 3290 ι,
1627 3241 1656 3275 2
1670 3259 1686 3288 ,
1706 3220 1737 3274 5
1754 3235 1808 3275 et
1821 3221 1981 3274 Cnn.
2008 3219 2133 3272 hab,
2150 3220 2320 3272 annis.
2339 3223 2431 3272 En.

1496 3303 1548 3370 4.
1597 3301 1817 3356 Multus.
1862 3303 1939 3353 Ite
1979 3298 2153 3353 Guelf.
2199 3313 2251 3351 et
2290 3302 2436 3351 Jens.

1424 3383 1691 3438 Gesnerus
1711 3395 1889 3436 antem
1902 3382 2257 3433 But-mannum
2276 3377 2437 3431 hanc-

1426 3481 1488 3516 ce
1511 3463 1827 3534 scripturam
1844 3478 1909 3511 ex
1924 3458 2162 3532 plurimis
2181 3457 2326 3519 libris
2354 3460 2437 3509 af-

1425 3542 1685 3593 ferentem
1706 3556 1987 3612 perperam
2011 3538 2151 3610 cepit
2165 3574 2182 3602 ,
2209 3539 2358 3608 quasi
2382 3539 2437 3585 in

1426 3619 1615 3674 iisdem
1638 3618 1817 3672 multis
1837 3636 1952 3671 esse
1969 3616 2196 3682 diceret,
2218 3614 2364 3686 quod
2382 3617 2439 3665 in

1427 3700 1587 3754 Goth.
1634 3698 1933 3753 inveniebat
1974 3700 2090 3770 ipse
2126 3709 2179 3749 et
2214 3708 2438 3746 conatur

1428 3778 1749 3844 defendet-05
1786 3778 1882 3832 sed
1916 3780 2145 3841 frustra,
2176 3776 2230 3825 ni
2262 3773 2434 3826 fallor.

1429 3860 1642 3913 Habent
1664 3858 1847 3911 multis
1864 3859 2061 3909 Tarvis.
2093 3852 2377 3925 (recedens
2404 3873 2440 3905 a

1429 3942 1654 3992 Jeneon.
1682 3938 1817 3989 Vide
1859 3939 1903 3988 11
1921 3975 1938 4002 ‚
1982 3935 2013 3989 5
2029 3973 2047 4002 ,
2106 3933 2222 4004 16.)
2267 3935 2433 3987 Stoer.

1430 4018 1657 4072 Chouet.
1695 4016 1840 4068 Leid.
1879 4016 2025 4069 Gibs.
2044 4052 2061 4080 ‚
2097 4012 2252 4065 male.
2278 4043 2353 4053 —-
2375 4016 2434 4066 R.

1433 4100 1466 4152 3
1489 4096 1654 4150 habet
1675 4095 1871 4148 multis.
1898 4098 1990 4148 Et).

1508 4176 1557 4230 5.
1586 4176 1882 4230 Educet-e...
1913 4173 2196 4229 excludere.
2226 4176 2441 4227 Priusne

2465 1636 2526 1697 15

2468 2103 2537 2155 16
