3200 5150
843 472 970 538 322

1405 467 1500 533 M.
1537 464 1771 531 mnu
1806 462 2364 549 Qmmmmm

834 597 1128 679 mium1,
1177 608 1247 662 et
1280 588 1354 662 id
1389 586 1634 689 quale3
1677 586 1993 688 proxima
2032 586 2201 661 huic
2239 593 2586 679 narratio,
2626 611 2779 690 quae
2811 586 2906 665 lex

835 707 1088 782 deinde
1112 707 1479 798 narrandi;
1505 709 1883 808 propositio
1902 718 1932 751 ²
1956 726 2112 805 post
2135 705 2353 796 hanc,
2374 704 2519 798 vel,
2541 727 2623 779 ut
2641 705 2910 807 quibus-
3021 693 3030 702 ’

833 824 997 896 dam
1036 822 1334 923 placuit,
1383 827 1697 896 excursio
1709 853 1737 909 ;
1779 841 1934 893 tum
1971 837 2193 894 certus
2232 822 2401 894 ordo
2443 827 2904 924 quaestionum,

831 958 1245 1036 caeteraque,
1278 963 1469 1038 qum,
1502 936 1695 1009 velut
1727 936 1783 1008 si
1813 934 2008 1008 aliter
2042 936 2405 1008 facerefas
2440 928 2587 1009 non
2624 933 2745 1026 sit,
2775 934 2908 1038 qui-

762 1082 791 1118 ²
831 1055 997 1127 dam
1036 1076 1401 1155 tamquam
1433 1053 1614 1155 jussi
1654 1050 2112 1152 sequuntur-³.
2149 1051 2315 1125 Erat
2349 1054 2549 1126 enim
2592 1051 2907 1126 rhetorice

770 1181 781 1226 ἓ
828 1195 934 1243 res
964 1196 1238 1269 prorsus
1265 1168 1487 1242 facilis
1515 1194 1593 1241 ac
1623 1194 1865 1268 parva,
1901 1168 1954 1241 si
1985 1193 2132 1241 uno
2165 1189 2234 1242 et
2263 1165 2506 1241 brevi4
2536 1167 2908 1268 praescripto

770 1275 781 1366 Ξ
828 1285 1330 1388 contineretur;
1373 1281 1497 1356 sed
1538 1303 1904 1356 mutantur
1937 1283 2269 1385 pleraque
2306 1284 2561 1374 causis,
2598 1282 2911 1385 tempori-

656 1471 665 1474 -
766 1385 783 1480 ζ
825 1400 995 1490 bus,
1038 1400 1437 1488 occasione,
1479 1395 1922 1489 necessitate3
1967 1419 2174 1500 atque
2211 1398 2370 1472 ideo
2408 1425 2512 1473 res
2550 1397 2624 1471 in
2662 1419 2908 1472 oratore

768 1519 783 1580 ἶ
822 1517 1171 1616 praecipua
1210 1513 1583 1588 consilium
1630 1535 1766 1604 est,
1801 1515 1968 1615 quia
1996 1514 2216 1606 varie,
2259 1533 2326 1589 et
2366 1514 2457 1588 ad
2497 1540 2734 1588 rerum
2775 1537 2913 1586 mo-

753 1587 1093 1719 Jmentffi
1134 1629 1572 1703 convertitur.
1614 1629 1812 1722 Quid
1853 1630 2045 1703 enirn
2088 1627 2191 1702 si⁵
2229 1630 2583 1731 praecipias
2619 1625 2912 1730 impera·

822 1745 988 1837 tori,
1032 1744 1301 1846 quoties
1343 1744 1568 1816 aciem
1613 1744 1941 1836 instruet,
1987 1743 2236 1846 dirigat
2278 1745 2623 1836 frontem,
2666 1769 2914 1818 cornua

822 1861 1152 1961 utrinque
1194 1879 1637 1959 promoveat,
1682 1861 1947 1959 equites
1989 1886 2115 1960 pro
2157 1859 2487 1934 cornibus
2525 1858 2751 1932 locet?
2785 1855 2916 1931 Erit

821 1975 971 2049 haec
1009 1974 1300 2075 quidem
1345 1975 1724 2048 rectissima
1763 1977 2048 2048 fortasse
2098 1975 2301 2065 ratio,
2340 1974 2610 2075 quoties
2645 1967 2913 2061 licebit3

822 2089 943 2163 sed
967 2087 1353 2161 mutabitur
1373 2088 1669 2161 natura6
1696 2088 1867 2180 loci,
1891 2091 1947 2162 si
1977 2113 2183 2163 mons
2207 2111 2552 2179 occurret,
2577 2088 2634 2162 si
2657 2087 2916 2161 flumen

823 2203 1154 2296 obstabit,
1194 2203 1250 2276 si
1288 2202 1619 2296 collibus,
1652 2203 1871 2294 silviS,
1910 2204 2270 2306 asperitate
2308 2203 2482 2277 alia⁷
2521 2201 2920 2304 prohibebi-

900 2380 945 2416 1.
987 2363 1177 2436 Utique
1210 2365 1538 2436 prooemt'um.
1583 2365 1711 2418 Non
1752 2378 1832 2417 est

825 2440 971 2515 quod
1003 2442 1282 2512 abruptam
1315 2455 1472 2516 putes
1501 2444 1832 2510 orationem,

824 2524 910 2574 cui
923 2521 1168 2595 premitti
1180 2518 1332 2572 velis:
1353 2530 1414 2572 ut
1429 2521 1510 2572 sit.
1527 2520 1682 2574 Sinin
1700 2539 1833 2594 prae-

824 2599 1071 2676 cipiendo
1092 2600 1217 2652 solis
1236 2602 1569 2653 nominativis
1585 2600 1834 2655 utebatur

825 2684 1007 2752 Quint.
1029 2680 1102 2746 11,
1125 2697 1184 2746 τι,
1204 2679 1270 2747 5,
1301 2702 1323 2726 α
1342 2682 1615 2733 Minime...
1643 2684 1835 2734 immo-

834 2785 858 2807 ·
875 2759 1027 2813 dicus
1043 2783 1091 2827 n,
1107 2772 1378 2812 structum
1401 2760 1614 2833 reliquae
1633 2778 1743 2814 non
1761 2763 1837 2815 in·

829 2853 998 2893 cerus.

904 2935 953 2971 2.
975 2914 1324 2992 Propositt'o...
1348 2920 1595 2972 excursio.
1621 2918 1745 2971 Haec
1768 2919 1837 2973 de

831 2996 1087 3051 industria
1119 3009 1309 3050 tractat
1338 3001 1428 3065 tv,
1460 3016 1506 3050 c.
1542 2997 1576 3052 3
1598 3000 1665 3050 'et
1690 2998 1741 3065 4.
1765 3028 1839 3039 --

834 3080 997 3130 Notat
1023 3078 1106 3129 sui
1132 3079 1386 3150 temporis
1415 3090 1651 3130 oratores
1666 3116 1685 3145 ‚
1715 3079 1807 3149 qui
1822 3116 1841 3145 ,

833 3170 895 3208 ut
930 3156 1110 3210 scribit
1145 3157 1260 3228 ipse
1291 3157 1428 3209 libro
1462 3171 1684 3229 quarto,
1715 3171 1843 3232 post

835 3237 1188 3289 narrationem
1211 3234 1390 3307 egredi
1412 3236 1658 3289 solebant
1678 3238 1734 3288 in
1755 3235 1842 3288 lo-

837 3334 960 3369 cum
984 3326 1263 3369 amoenum.
1285 3318 1450 3369 Tuan.

911 3395 961 3448 3.
985 3394 1123 3447 Jusst'
1138 3413 1316 3468 sequa.
1336 3394 1512 3448 Guelf.
1528 3394 1665 3468 jussi
1684 3394 1755 3448 sic
1770 3413 1845 3447 se-

840 3493 996 3549 quu.;
1030 3472 1125 3527 sed
1149 3474 1326 3526 Turio.
1352 3482 1559 3524 tantum
1584 3484 1844 3546 quantum

828 3554 962 3627 jussi
986 3553 1057 3606 sic
1077 3569 1209 3625 seq„
1240 3569 1363 3602 cum
1391 3550 1538 3602 Bodl.
1571 3564 1625 3603 et
1650 3548 1786 3604 Alm.

914 3633 966 3700 4.
1001 3631 1117 3684 Uno
1139 3641 1191 3681 et
1211 3631 1281 3683 br.
1307 3628 1467 3682 Goth.
1492 3629 1624 3700 (tac.
1653 3629 1846 3703 Gesn.)

848 3714 1041 3765 omittit
1065 3721 1116 3761 et
1139 3726 1263 3761 cnm
1291 3726 1388 3762 suo
1411 3710 1565 3762 Voss,
1594 3727 1653 3774 ας
1677 3709 1772 3763 sed
1795 3722 1848 3762 et

845 3788 999 3847 Tan.
1009 3792 1197 3841 Venet.
1212 3792 1338 3843 Loc.
1350 3791 1512 3843 Ruso.
1529 3786 1678 3857 Bad.,
1692 3786 1845 3842 male.

850 3897 920 3913 -
952 3868 1068 3921 Uno
1090 3868 1255 3934 brevi,
1283 3869 1345 3920 R.
1376 3886 1423 3920 2.
1447 3866 1541 3920 En.

922 3942 973 4000 5.
999 3942 1137 4018 Quid
1157 3947 1297 3999 enim
1320 3948 1377 4000 si.
1396 3948 1572 3999 Turio.
1598 3960 1653 3999 et
1673 3946 1847 4001 Guelf.

856 4025 995 4097 Quid
1019 4022 1235 4079 sienim.
1260 4024 1363 4079 Sed
1388 4027 1627 4079 ordinem
1649 4026 1853 4079 facilio-

852 4122 965 4157 rem
981 4117 1196 4157 tuentur
1211 4104 1371 4158 Goth.
1392 4108 1546 4160 Voss.
1571 4122 1597 4158 2
1613 4145 1629 4172 ‚
1652 4119 1705 4158 et
1728 4104 1848 4159 edd.

853 4184 993 4241 Jens.
1006 4188 1159 4240 Tarv.
1168 4189 1353 4241 Venet.
1365 4187 1545 4239 Locat.
1556 4187 1714 4239 Ruso.
1729 4184 1848 4240 And.

1919 2363 2046 2417 Bad.
2072 2365 2270 2419 Cet-vic.
2299 2364 2501 2439 Gryph.
2531 2361 2770 2437 (1544);
2794 2380 2917 2437 quos

1921 2447 2109 2498 imitati
2133 2458 2256 2498 sunt
2279 2446 2506 2518 Capper.
2537 2457 2591 2497 et
2612 2441 2777 2498 Gesn.

1992 2522 2044 2575 6.
2082 2524 2378 2575 Mutabitur
2411 2531 2618 2577 natura.
2650 2521 2768 2577 Etsi
2801 2521 2922 2575 nihil

1919 2601 2008 2654 hic
2036 2604 2301 2655 varietatis
2329 2605 2386 2655 in
2411 2602 2585 2669 libris,
2608 2605 2922 2673 verissimam

1922 2694 2100 2734 tamen
2140 2694 2275 2754 puto
2316 2686 2681 2755 conjecturam
2729 2682 2926 2735 Froneii

1925 2761 2049 2830 (cui
2071 2759 2286 2832 quidem
2312 2772 2438 2829 raro=
2456 2756 2654 2813 cedunt
2681 2759 2926 2813 emendo·

1924 2836 2129 2911 tiones)
2175 2834 2447 2895 suadentis
2469 2860 2483 2890 z
2529 2838 2787 2906 mutabit,
2829 2838 2927 2891 leni

1922 2918 2170 2991 profecto
2195 2921 2542 2972 correctione.
2562 2914 2775 2972 Natura
2798 2921 2930 2972 enim

1926 3010 1986 3049 ut
2032 2999 2358 3050 nominativo
2405 3000 2699 3071 accipiatur
2739 3009 2931 3069 cogunt

1927 3091 2106 3149 pene,
2127 3092 2241 3146 quae
2264 3088 2578 3147 sequuntur,
2591 3096 2785 3151 genus,
2812 3092 2932 3129 con·

1927 3154 2085 3220 ditio,
2108 3155 2201 3207 ubi
2224 3158 2350 3208 item
2371 3158 2618 3223 mutabit,
2638 3156 2743 3209 bis.
2766 3157 2850 3211 sic
2868 3155 2932 3208 le-

1928 3236 2019 3286 nis·
2040 3247 2092 3286 et
2118 3235 2387 3287 inoffensa
2413 3235 2504 3287 fiet
2531 3237 2703 3287 oratio
2722 3274 2742 3304 ‚
2765 3250 2942 3306 neque·

1930 3313 2109 3366 obstat
2140 3312 2507 3386 prohibebitur,
2546 3312 2639 3366 ubi
2676 3315 2934 3386 intelligas

1932 3410 1997 3445 ex
2018 3390 2454 3445 antecedentibus
2471 3414 2485 3443 e
2517 3393 2818 3465 imperator.

2004 3488 2056 3543 7.
2074 3471 2362 3545 Asperitate
2376 3471 2503 3524 alia.
2528 3470 2676 3525 Nihil
2694 3471 2936 3545 equidem

1930 3553 2194 3604 varietatis
2229 3550 2317 3604 hic
2355 3554 2408 3604 in
2440 3548 2609 3605 codd.
2646 3550 2935 3605 observavi.

1933 3630 2214 3684 Fluctuant
2231 3643 2408 3683 tamen
2428 3629 2547 3683 edd.
2561 3669 2579 3697 ‚
2592 3645 2803 3684 veteres
2821 3649 2942 3704 Ρη-

1935 3712 2150 3779 sertim,
2183 3728 2297 3782 quse
2333 3710 2463 3763 dant
2497 3710 2608 3764 hec
2644 3713 2799 3765 fere:
2838 3710 2940 3763 alia

1932 3810 2043 3864 asp.
2060 3790 2259 3865 aliqua,
2270 3788 2443 3843 aliave
2459 3811 2566 3864 asp.
2581 3790 2798 3864 aliqua,
2814 3790 2942 3844 alia-

1937 3890 1999 3923 ve
2019 3888 2157 3943 asp„
2186 3870 2519 3943 asperitatem
2542 3870 2745 3944 aliqua.
2781 3873 2942 3943 Equi-

1938 3947 2059 4001 dem
2102 3967 2284 4001 verum
2326 3963 2460 4022 puto
2479 3988 2498 4017 ‚
2543 3952 2701 4002 etiam
2760 3964 2941 4003 eontra

1936 4024 2105 4080 Codd.
2123 4065 2141 4094 .,
2163 4029 2434 4099 asperitate
2456 4026 2666 4102 aliqua,
2691 4043 2758 4081 ut
2781 4030 2944 4100 signi·

1936 4104 2060 4159 ficet
2081 4104 2291 4181 aliqua,
2317 4107 2426 4159 alia
2443 4127 2547 4182 qua
2560 4147 2578 4176 ,
2608 4108 2676 4161 de
2708 4127 2821 4183 qua
2844 4109 2946 4177 sig·

1937 4187 2240 4241 nificatione
2271 4205 2487 4258 agemus
2522 4186 2594 4243 ad
2626 4189 2724 4256 lv,
2761 4188 2836 4255 3,
2871 4186 2948 4254 14.
