3200 5150
742 464 1395 536 INSTITUTIONIS
1430 463 1687 531 ORAT.
1727 464 1886 531 LIB.
1928 467 1992 546 I,
2031 462 2100 529 8.

2334 486 2464 555 ³99

375 605 448 660 et
469 588 893 680 comminui,
925 588 1314 662 credo..Sed
1337 586 1619 660 nihil-ex
1643 584 2092 686 grammatica
2115 589 2463 678 nocuerit,
2500 603 2572 671 34

375 702 507 774 nisi
527 704 714 801 quod
742 730 1249 803 supervacuum
1275 724 1377 775 est
1398 716 1445 774 ¹.
1476 705 1587 774 An
1611 701 1765 774 ideo
1792 704 2023 775 minor
2041 725 2141 775 est
2161 707 2261 775 M.
2287 703 2466 775 Tul-

374 814 510 887 lius
535 839 793 907 orator,
842 820 1032 918 quod
1061 819 1258 890 idem*
1274 819 1434 889 artis
1457 816 1579 917 huj
1592 844 1672 888 us
1708 816 2270 916 diligentissimus
2294 818 2427 889 fuit
2444 874 2463 908 ,

375 948 442 1000 et
466 929 540 1000 in
567 929 710 1003 filio
729 944 782 1021 ²,
815 954 891 1005 ut
919 930 1261 1031 epistolis³
1287 953 1607 1032 apparet,
1638 954 1814 1004 recte
1845 932 2177 1032 loquendi
2206 960 2464 1033 usque—
2536 952 2549 965 ‘

374 1044 697 1143 quaque‘*
717 1074 915 1146 asper
931 1076 1212 1147 quoque
1234 1046 1537 1119 exactor?
1556 1067 1677 1119 aut
1698 1046 1838 1119 vim
1855 1049 1937 1120 C.
1956 1050 2020 1119 J.
2046 1049 2327 1120 Caesaris
2341 1049 2469 1119 fre·

370 1182 622 1256 gerunt
648 1162 812 1234 editi
835 1164 917 1234 de
949 1162 1280 1262 analoqia
1303 1162 1461 1234 libri
1485 1161 1551 1233 ⁵?
1580 1184 1701 1234 aut
1733 1162 2149 1235 ideo-minus
2172 1162 2471 1235 Messala
2506 1181 2573 1236 35

371 1271 667 1363 nitidus,
697 1277 860 1375 quia
884 1278 1236 1376 quosdam·
1251 1297 1422 1350 totos
1448 1275 1767 1349 libellos⁶
1792 1304 1935 1350 non
1962 1276 2223 1349 verbis?
2256 1278 2468 1350 modo

371 1387 701 1486 singuIiS,
735 1391 856 1462 sed
885 1393 1091 1464 etiam
1122 1393 1358 1465 litteris
1388 1392 1617 1464 dedit?
1650 1395 1807 1464 Non
1836 1393 2109 1465 obstant
2138 1392 2244 1466 hae
2275 1393 2470 1464 disci-

372 1500 580 1599 plinae
599 1501 630 1549 ⁸
661 1531 784 1602 per
810 1505 962 1578 illas
983 1507 1311 1579 euntibus
1328 1564 1347 1597 ,
1377 1506 1500 1578 sed
1524 1507 1711 1579 eirea
1733 1506 1881 1578 illas
1906 1488 2361 1578 haerentibus.

369 1672 376 1679 .
471 1618 641 1691 CAP.
675 1622 865 1692 VIII.
898 1625 1221 1722 Superest
1242 1622 1486 1712 lectio;
1527 1621 1598 1693 in
1631 1648 1771 1722 qua
1801 1648 1976 1722 puer
2004 1643 2080 1693 ut
2110 1620 2310 1711 sciat,
2347 1621 2471 1694 ubi

371 1731 792 1830 suspendere
808 1736 1125 1834 spiritum
1148 1737 1393 1809 debeat
1409 1792 1430 1826 ,
1455 1763 1596 1836 quo
1622 1736 1775 1808 loco
1796 1763 2073 1809 versum
2097 1735 2470 1833 distingues-

452 1909 495 1944 r.
532 1893 652 1946 Nisi
684 1890 879 1967 quod...
913 1908 999 1949 est.
1038 1899 1161 1950 Non
1191 1900 1376 1969 jejuna

377 1974 632 2024 sententia
657 1986 710 2025 et
731 1976 914 2027 inanis.
934 1975 1060 2028 Vult
1081 1995 1142 2027 ea
1162 1975 1376 2028 demum

377 2053 571 2103 oratori
597 2052 778 2104 futuro
805 2055 962 2106 noxia
986 2055 1158 2122 credi,
1182 2054 1373 2126 quibus

375 2130 593 2181 omnino
621 2149 805 2184 omnes
833 2152 1010 2186 carere
1036 2147 1374 2207 poteramus,

373 2209 619 2259 nimirum
643 2209 866 2281 ineptas,
889 2230 1020 2282 quas
1042 2212 1197 2277 dixit,
1221 2211 1377 2263 cavil-

375 2283 608 2340 lationes.
637 2288 911 2360 Quidquid
937 2310 1060 2342 vero
1091 2305 1142 2342 et
1174 2289 1377 2342 liberali

372 2370 714 2435 gnmmatico
738 2370 814 2419 sit·
833 2368 1293 2439 cognoscendum,
1321 2368 1378 2421 id

376 2441 686 2514 eloquentiae
721 2446 826 2497 vim
860 2446 1141 2516 infringere
1183 2460 1376 2516 negat,

376 2520 522 2592 quod
544 2524 784 2594 protinus
813 2525 1061 2597 exemplis
1090 2538 1171 2578 est
1195 2524 1377 2579 decla-

372 2613 598 2653 taturus.

450 2697 497 2732 2.
524 2681 590 2730 In
605 2678 788 2752 filio...
817 2681 1057 2752 epistolis.
1087 2681 1374 2735 Intercide-

375 2771 498 2809 runt
537 2757 662 2809 dno-
687 2760 956 2812 Ciceronis
995 2761 1062 2812 ad
1098 2763 1171 2813 M.
1210 2760 1375 2813 filium

377 2836 718 2907 epistolarum
741 2836 891 2902 libri,
917 2857 1141 2909 quorum
1165 2841 1376 2891 nonnisi

375 2913 606 2987 paucula
657 2916 947 2985 fragmenta
999 2918 1291 2968 afferuntur
1343 2935 1375 2969 a

374 2995 743 3063 grammaticis.
767 2996 941 3046 Locus
965 3009 1044 3046 est
1070 2997 1126 3046 in
1152 2994 1374 3067 epistola

377 3072 446 3125 ad
476 3074 727 3125 Tironem
755 3072 822 3125 ad
857 3076 973 3126 Div.
1007 3073 1100 3138 16,
1134 3090 1194 3141 ¹7
1224 3075 1376 3126 Cice-

375 3154 520 3204 ronis
543 3171 666 3205 cum
687 3151 793 3204 boc
815 3151 883 3205 de
907 3170 1006 3204 usu
1032 3154 1177 3204 vocis
1189 3149 1377 3225 fideli-

377 3240 454 3283 ter
482 3231 895 3302 expostulantis,
930 3249 1083 3302 quem
1123 3242 1379 3283 memorat

373 3309 567 3362 Badius
581 3311 864 3363 Ascensius
874 3348 891 3376 ,
905 3312 958 3361 in
974 3323 1280 3362 eaeterorum
1293 3311 1377 3360 in-

377 3402 663 3460 terpretum
687 3389 893 3442 silentio
910 3428 928 3456 ,
955 3388 1051 3442 sed
1077 3391 1248 3441 minus
1270 3388 1377 3440 hue

378 3471 674 3540 pertinens,
699 3472 946 3540 quoniam
971 3487 1144 3540 neque
1166 3467 1273 3520 filio
1299 3479 1377 3519 est

377 3549 630 3618 scriptus,
649 3566 824 3620 neque
841 3566 1074 3621 aspemm
1093 3558 1377 3600 exactorem

381 3626 611 3678 ostendit
650 3629 973 3680 Ciceronem.
1016 3628 1270 3680 Coeterum
1312 3624 1381 3677 de

377 3707 590 3774 ingenio
612 3708 684 3758 M.
705 3708 969 3758 Ciceronis
990 3705 1082 3757 filii
1098 3723 1218 3756 cum
1237 3705 1381 3756 frue-

381 3796 438 3833 tu
477 3796 654 3853 potest
693 3782 797 3852 legi
837 3782 1077 3848 libellus,
1114 3802 1273 3854 quem
1312 3781 1380 3834 de

381 3863 498 3932 ejus
519 3862 846 3913 institutione
869 3862 1077 3932 scripsit
1098 3863 1379 3914 Meierotto

381 3942 447 3992 V.
476 3940 533 3990 C.
564 3940 620 3990 in
646 3938 864 4005 Dubiis,
895 3959 949 4011 p.
991 3941 1088 4010 ¹73
1116 3958 1293 4011 seqq.,
1323 3953 1381 3991 ut

385 4031 438 4071 et
455 4017 672 4069 Cor-radi
685 4017 987 4085 Quaestura,
1000 4016 1083 4069 ed.
1101 4020 1220 4071 Ern.
1236 4020 1378 4089 Lips.

389 4095 550 4169 ι754,
574 4116 627 4169 1³·
657 4094 904 4167 275-277·

455 4176 507 4230 3.
545 4175 614 4229 Ut
637 4173 877 4247 epistolis.
902 4175 1094 4241 Omisi,
1119 4174 1265 4244 quod
1281 4176 1378 4228 ins.

1464 1897 1624 1950 Gesn.
1661 1910 1713 1950 et
1745 1896 2016 1970 plerique,
2045 1898 2131 1962 in,
2163 1896 2471 1949 auctoribus

1462 1974 1638 2029 Guelf.
1663 1976 1823 2028 Goth.
1850 1976 1981 2049 (tae.
2008 1974 2201 2048 Gesn.)
2223 1979 2376 2026 Voss.
2407 1992 2435 2025 2
2454 2014 2472 2040 ,

1466 2055 1516 2107 3.
1556 2056 1707 2106 Bern.
1747 2068 1801 2106 et
1832 2058 1945 2126 ipsa
1978 2054 2234 2106 latinitate
2266 2055 2470 2124 astipu-

1463 2131 1625 2184 lante.
1651 2135 1820 2184 Etiam
1843 2132 1973 2187 Obr.
1999 2133 2170 2203 ejecit.

1535 2209 1587 2278 4.
1626 2211 2016 2282 Usquequaque.
2041 2208 2217 2261 Guelf.
2246 2210 2471 2275 omittit,

1463 2307 1585 2340 eum
1616 2289 1827 2355 multis,
1857 2302 1909 2341 et
1937 2288 2098 2340 habet
2131 2306 2258 2340 sane
2288 2290 2473 2339 insua⁶

1463 2386 1582 2419 vem
1600 2386 1791 2419 sonum
1812 2382 1919 2419 tam
1934 2385 2105 2439 prope
2124 2384 2355 2438 quoque,
2382 2385 2474 2418 ne·-

1466 2464 1568 2517 que
1606 2446 1717 2498 fere
1754 2446 1947 2515 legitur
1983 2444 2109 2497 alibi
2149 2443 2296 2515 apud
2329 2446 2473 2496 Nos-

1464 2523 1843 2578 trum..Sa1tem
1870 2523 2066 2575 referes
2095 2521 2173 2574 ad·
2192 2522 2471 2596 loquendi,

1464 2622 1573 2655 non
1602 2604 1671 2656 ad
1699 2614 1918 2655 exactor.
1950 2633 2022 2643 —
2047 2604 2229 2655 Nostri
2257 2619 2473 2674 quoque

1462 2681 1631 2733 codd„
1661 2685 1783 2748 RR.
1803 2700 1861 2749 2,
1891 2683 1951 2748 3,
1976 2680 2010 2747 4
2034 2694 2085 2733 et
2108 2682 2269 2733 Cim.
2294 2680 2471 2733 Guelf.

1463 2759 1595 2813 cod.
1625 2760 2007 2833 adstipulantes
2033 2760 2299 2811 omittunt.
2325 2762 2418 2811 En.

1537 2839 1587 2892 5.
1632 2841 1711 2892 De
1745 2838 1992 2913 analogia
2024 2838 2157 2891 libri.
2200 2842 2323 2892 Non
2361 2856 2471 2890 uno

1462 2915 1586 2969 loco
1610 2919 1888 2970 memorati
1910 2936 1941 2968 a
1964 2916 2256 2982 veteribus,
2276 2930 2336 2968 ut
2352 2916 2473 2970 Gel-

1462 2994 1554 3047 lio.
1598 2998 1717 3068 lpse
1754 2997 1973 3060 Cicero,
2014 2993 2083 3046 ad
2127 3012 2282 3065 quem
2321 3006 2472 3047 erant

1466 3076 1676 3144 scripti,
1691 3092 1783 3126 eos
1804 3073 2061 3144 significat
2080 3074 2136 3125 in
2155 3074 2295 3124 Brut.
2314 3091 2361 3122 c.
2381 3089 2466 3142 7²·

1537 3151 1587 3203 6.
1628 3150 1945 3222 Quosdam...
1980 3149 2233 3203 libellos...
2273 3149 2468 3203 litteris.

1464 3228 1646 3282 Plures
1684 3232 1843 3301 igitur
1877 3230 2102 3281 fortasse
2134 3229 2472 3301 pertractavit

1464 3307 1699 3377 litteras,
1720 3327 1832 3361 non
1856 3306 2023 3360 solam
2046 3307 2107 3374 S,
2131 3307 2198 3359 de
2223 3325 2328 3378 qua
2349 3304 2468 3358 vide

1466 3386 1558 3440 lib.
1583 3390 1642 3454 1,
1666 3407 1714 3440 e.
1743 3406 1794 3459 7,
1817 3388 1864 3456 S.
1895 3387 1977 3439 23.

1541 3486 1588 3538 7.
1610 3468 1737 3520 Non
1757 3464 1930 3518 verbis.
1952 3467 2027 3516 Ita
2047 3463 2355 3517 Guelfasine
2379 3463 2470 3529 de,

1468 3545 1535 3598 ab
1573 3545 1688 3597 aliis
1725 3547 1940 3598 inserto.
1979 3543 2180 3596 Assum
2212 3543 2476 3594 emittenti

1468 3625 1625 3677 multi
1648 3623 1817 3677 codd.
1847 3636 1900 3676 et
1928 3623 2043 3694 ipsa
2076 3622 2329 3674 orationis
2363 3619 2474 3672 ele·

1467 3706 1662 3774 gantia.
1678 3704 1860 3767 Geso„
1876 3699 2225 3774 etsiprobans
2246 3703 2473 3771 ejectum

1468 3782 1557 3848 de,
1590 3795 1805 3835 secutus
1831 3792 1911 3832 est
1939 3780 2110 3830 Burm.
2141 3779 2470 3830 retinentem.

1541 3861 1591 3914 8.
1623 3861 1836 3912 Obstant
1857 3859 1936 3909 1·oe
1958 3856 2258 3929 disciplinae.
2288 3858 2474 3928 Appa-

1469 3952 1548 3990 ret
1571 3957 1727 4008 agere
1750 3939 2057 4008 scriptorem
2083 3933 2149 3986 de
2174 3934 2472 3986 oratoribus

1471 4029 1524 4068 et
1545 4018 1668 4068 viris
1693 4015 1959 4078 civilibus,
1982 4032 2050 4066 ne
2074 4015 2212 4065 forte
2236 4012 2473 4065 videatur

1473 4093 1788 4167 quibusdam
1811 4095 1981 4165 ipsam
2003 4094 2333 4163 grammatici
2348 4111 2481 4163 pro-

1469 4175 1695 4226 vinciam
1718 4190 1983 4246 spernere.
2016 4239 2021 4246 .
2289 4173 2293 4179 '
