3200 5150
856 501 984 594 572

1424 508 1519 572 M.
1561 505 1788 570 FABn
1827 502 2387 587 Qnm'rlmAM

847 630 1197 730 praecipue
1221 650 1458 702 tamen
1484 631 1953 728 Hermagoras
1974 641 2026 719 ¹,
2051 628 2156 701 vir
2180 626 2441 728 alioqui
2464 625 2737 700 subtilis
2749 673 2776 716 ,-
2795 647 2866 700 et
2881 619 2951 699 in

843 741 1167 844 plurimis
1199 744 1689 834 admirandus,
1715 764 1993 818 tantum
2023 742 2396 844 diligentiae
2429 742 2737 816 nimium
2772 740 2955 815 solli-

843 856 993 932 citae
1008 918 1027 949 ‚
1049 880 1128 932 ut
1150 861 1297 961 ipsa
1321 859 1470 961 ejus
1496 861 1940 961 reprehensio
1955 873 1986 905 ²
2006 858 2216 932 laude
2236 859 2474 959 aliqua
2494 885 2642 932 non
2667 857 2956 957 indigna

743 985 810 1039 23
841 975 948 1047 sit.
981 977 1150 1049 Haec
1174 997 1411 1049 autem
1441 976 1737 1067 brevior,
1768 996 1837 1049 et
1857 975 1967 1048 vel
1995 974 2157 1048 ideo
2184 973 2486 1047 lucidior
2510 973 2740 1047 multo
2759 1029 2780 1064 ,
2807 975 2952 1064 via,

844 1117 1075 1190 neque
1125 1090 1510 1165 discentem
1557 1119 1685 1192 per
1738 1093 2068 1190 ambages
2117 1090 2468 1190 fatigabit,
2514 1117 2646 1163 nec
2702 1115 2958 1190 corpus

842 1207 1169 1282 orationis
1184 1205 1242 1299 3,
1272 1208 1344 1280 in
1385 1234 1596 1307 parva
1633 1228 1996 1280 momenta
2030 1204 2430 1279 diducendo
2446 1205 2504 1297 4,
2543 1226 2956 1294 consumet;

841 1349 1011 1393 nam
1031 1321 1157 1421 qui
1173 1322 1449 1412 viderit,
1470 1322 1646 1423 quid
1665 1322 1781 1411 sit,
1808 1321 1999 1422 quod
2021 1322 2094 1394 in
2121 1321 2660 1395 controversiam
2685 1318 2958 1393 veniat?

840 1436 1016 1538 quid
1043 1437 1117 1510 in
1150 1464 1268 1527 eo,
1300 1458 1369 1510 et
1395 1465 1521 1538 per
1547 1465 1738 1538 quae,
1763 1436 1930 1511 velit
1953 1439 2230 1511 efficere
2255 1462 2415 1538 pars
2448 1435 2753 1508 diversa?
2782 1434 2962 1536 quid

840 1551 1111 1625 nostra?
1143 1552 1337 1652 quod
1367 1552 1692 1654 inprimis
1725 1575 1826 1626 est
1856 1552 2326 1643 intuendum3
2357 1552 2535 1625 nihil
2569 1578 2822 1624 eorum
2857 1551 2964 1651 ig·-

737 1676 805 1744 24
837 1693 1119 1756 notare,
1145 1667 1232 1739 de
1251 1667 1512 1767 quibus
1535 1694 1747 1768 supra
1767 1667 2070 1741 diximus
2087 1666 2142 1758 ⁵,
2169 1667 2439 1768 poterit.
2465 1670 2610 1739 Nec
2625 1665 2659 1711 ⁶
2685 1689 2789 1740 est
2810 1668 2962 1741 fere

840 1781 1215 1882 quisquam
1235 1840 1254 1871 ‚
1288 1783 1501 1855 modo
1544 1810 1691 1856 non
1721 1784 2039 1873 stultus⁷‚
2079 1804 2289 1883 atque
2318 1783 2409 1855 ab
2438 1780 2636 1855 omni
2674 1810 2964 1882 prorsus

837 1925 968 1971 usu
1010 1896 1290 1970 dicendi
1342 1919 1649 1972 remotus
1668 1955 1688 1988 ‚
1720 1898 1893 2000 quin
1937 1899 2143 1990 sciat,
2188 1919 2257 1971 et
2296 1897 2467 1999 quid
2509 1894 2709 1968 litem
2745 1898 2964 1972 faciat

834 2013 1054 2114 (quod
1074 2014 1163 2085 ab
1190 2013 1322 2086 illis
1343 2041 1547 2088 causa
1564 2014 1675 2087 vel
1695 2020 2048 2089 continens
2069 2014 2372 2112 dicitur),
2395 2033 2464 2087 et
2481 2038 2640 2113 quae
2664 2013 2754 2086 sit
2777 2012 2965 2088 inter

835 2171 890 2209 et
919 2154 1090 2209 codd.
1127 2170 1207 2209 sat
1242 2156 1396 2208 multi
1422 2159 1510 2228 qui
1545 2176 1575 2210 a
1607 2157 1756 2210 Gibs.
1792 2171 1847 2210 et

832 2238 1009 2289 Burm.
1032 2250 1293 2302 tacentur,
1308 2239 1446 2289 sieut
1459 2255 1527 2290 ne
1540 2239 1845 2290 Turicensis

835 2316 1052 2388 quidem
1084 2316 1192 2369 ulla
1223 2318 1284 2370 fit
1309 2320 1526 2370 mentio.
1559 2317 1760 2371 Bodlei.
1791 2331 1846 2370 et

831 2394 1064 2450 Gothan.
1100 2408 1287 2449 contra
1319 2410 1372 2448 et
1404 2394 1525 2448 edd.
1559 2416 1690 2449 meae
1723 2409 1845 2450 ante

831 2474 1032 2549 Gryph.
1058 2474 1250 2545 (1544,
1270 2494 1406 2540 'nam
1432 2478 1559 2529 anni
1592 2475 1730 2529 1536
1756 2476 1843 2527 di-

831 2553 1041 2624 cendi),
1086 2554 1281 2626 quibus
1328 2553 1590 2609 accedunt
1637 2554 1843 2626 aiiquot

828 2636 1133 2687 Burmanno
1151 2647 1375 2701 notatae,
1398 2633 1526 2687 dant
1550 2655 1588 2686 r.
1616 2634 1839 2688 dicendi.

828 2714 1018 2782 Neque
1055 2724 1253 2765 temere
1288 2715 1493 2785 rejicias
1528 2713 1635 2765 hoc
1651 2753 1668 2781 ,
1703 2732 1842 2784 quo-

828 2792 973 2843 niam
992 2791 1123 2844 ratio
1137 2790 1374 2858 dicendi,
1392 2795 1462 2858 ΙΙ,
1485 2810 1505 2844 1
1521 2810 1540 2845 1
1563 2806 1691 2845 extr.
1709 2792 1843 2845 illud

827 2871 1003 2942 ipsum
1021 2883 1127 2937 est,
1144 2869 1291 2942 quod
1304 2870 1483 2923 docere
1500 2870 1628 2923 alias
1648 2870 1842 2924 dieitur

830 2962 883 3001 et
906 2967 1028 3001 mox
1052 2951 1100 3017 5.
1130 2949 1227 3003 23:
1261 2972 1285 2996 α
1304 2967 1503 3020 eorpus
1532 2950 1837 3003 emtionis...

835 3051 859 3075 α
878 3031 1211 3082 eonsumitur
1229 3052 1251 3077 n
1278 3028 1381 3081 hae
1406 3028 1713 3082 subtilitate.
1741 3032 1843 3081 Ha-

828 3106 921 3159 bet
954 3121 1130 3161 tamen
1163 3123 1215 3160 et
1242 3120 1490 3178 recepta,
1519 3125 1628 3177 quo
1658 3127 1715 3161 se
1743 3108 1841 3161 de·

824 3186 1173 3240 fendat.Vide
1195 3186 1285 3240 lib.
1314 3190 1410 3253 111,
1434 3205 1481 3239 c.
1510 3189 1570 3253 8,
1591 3186 1635 3259 §.
1662 3188 1745 3241 26.
1766 3218 1840 3229 -

826 3266 986 3319 Cam.
1001 3304 1018 3331 ,
1036 3265 1270 3317 docendi.
1293 3267 1353 3318 R.
1384 3284 1429 3326 t.
1448 3266 1671 3318 dicendi.
1695 3269 1785 3319 En.

907 3363 949 3397 1.
986 3346 1347 3419 Hermagoras.
1382 3346 1516 3398 Vide
1554 3360 1736 3398 notam
1768 3345 1838 3399 ad

825 3424 918 3478 lib.
944 3428 1016 3491 Π,
1041 3444 1159 3496 cap.
1195 3425 1284 3491 15,
1309 3424 1354 3496 §0
1388 3426 1467 3493 14.

902 3523 952 3557 2.
979 3504 1339 3575 Reprehensio.
1372 3503 1529 3559 Plane
1553 3523 1653 3577 pro
1681 3505 1833 3570 vitio,

826 3584 1296 3656 reprehensionem
1318 3598 1567 3638 merente.
1594 3586 1678 3638 Sic
1703 3584 1833 3637 Plin.

827 3666 891 3718 Η.
919 3667 986 3717 Ν.
1013 3666 1108 3731 ΠΙ,
1139 3682 1157 3716 1
1189 3666 1303 3716 init.
1328 3687 1339 3717 ε
1372 3687 1395 3711 ιι
1415 3684 1574 3718 nec...
1600 3668 1715 3719 sine
1738 3665 1854 3731 ali-¹

832 3766 855 3790 a
877 3762 982 3815 qua
1003 3742 1389 3815 reprehensione
1402 3757 1684 3796 tractatum
1699 3768 1723 3792 a
1744 3743 1839 3796 ubi

826 3842 965 3888 non,
991 3822 1120 3894 quid
1148 3822 1581 3896 reprehenderint
1597 3822 1836 3896 jndices,

826 3904 1168 3974 significatur,
1191 3902 1285 3954 sed
1311 3901 1440 3973 qnid
1463 3901 1833 3975 reprehensio·

826 4004 894 4037 ne
917 3984 1137 4053 dignum
1159 3985 1383 4045 fecerint
1406 3986 1707 4061 scriptores.

899 4063 950 4114 3.
976 4062 1171 4134 Corpus
1196 4062 1519 4115 orationis....
1550 4072 1832 4115 consumet.

828 4143 908 4193 De
931 4159 1167 4212 corpore,
1192 4140 1312 4193 vide
1334 4143 1410 4209 11,
1440 4159 1529 4207 ιο,
1556 4140 1606 4196 5.

902 4220 950 4285 4.
978 4219 1296 4272 Didae-endo.
1314 4218 1489 4274 Guelf.
1505 4218 1806 4273 deducendo
1817 4256 1831 4281 ‚

1934 2176 2058 2210 cum
2073 2159 2218 2210 Jens.
2239 2155 2366 2228 (tac.
2383 2155 2569 2228 Gesn.)
2587 2169 2641 2207 et
2653 2158 2816 2209 Tar-v.
2832 2155 2960 2208 ΑΜ.

1934 2237 2094 2289 solito
2118 2255 2312 2290 errore.
2329 2238 2507 2289 Tun'c.
2532 2234 2806 2298 ducendo,
2832 2253 2960 2289 cun

1932 2315 2070 2368 Alm.
2091 2329 2144 2367 et
2162 2314 2291 2370 Obr.
2315 2313 2469 2366 male.
2489 2313 2751 2365 Diduoeoe
2767 2312 2862 2365 hic
2877 2313 2961 2366 di-

1933 2396 2089 2457 citur,
2113 2407 2174 2446 ut
2198 2393 2343 2466 apud
2361 2392 2640 2462 Virgilium
2655 2391 2862 2464 Georg.
2885 2395 2960 2460 Π,

1932 2473 2055 2541 354.
2079 2504 2154 2515 —-
2174 2476 2235 2527 R.
2266 2491 2325 2540 2,
2343 2472 2653 2524 diducendo.
2678 2473 2793 2525 RB.
2829 2491 2880 2539 1,
2903 2472 2960 2538 3,

1931 2554 2246 2609 deducendo.
2274 2556 2466 2623 Cum,
2487 2552 2746 2606 ducendo.
2771 2555 2872 2608 En.

2004 2635 2053 2689 5.
2080 2636 2250 2708 Supra
2273 2633 2514 2687 diximus.
2535 2635 2799 2704 Designat
2819 2638 2958 2687 Bur·

1931 2734 2159 2768 mannus
2179 2730 2342 2789 caput
2361 2732 2424 2786 9,
2442 2713 2534 2764 ubi
2557 2712 2626 2764 de
2649 2713 2738 2765 bis
2763 2712 2964 2768 dixerit

1929 2798 2114 2865 Quint.
2133 2833 2150 2861 ‚
2179 2797 2404 2867 Capper.
2434 2805 2597 2866 eaput
2624 2792 2674 2845 6.
2709 2794 2959 2867 Uterque

1930 2874 2067 2927 falso
2080 2913 2098 2941 ‚
2111 2875 2213 2927 nisi
2227 2876 2341 2945 ipse
2360 2871 2533 2924 fallor.
2555 2871 2814 2942 Intelligit
2833 2891 2962 2946 pro-

1927 2954 2071 3007 fecto
2122 2955 2324 3005 minuta
2374 2950 2463 3003 illa
2510 2949 2824 3003 discrimina
2876 2951 2962 3004 vel

1929 3044 2197 3085 momenta
2211 3029 2559 3103 ‚quoestionis‚
2577 3029 2832 3094 rationis,
2851 3045 2958 3083 etc.

1929 3110 1996 3165 de
2027 3111 2220 3183 quibus
2250 3123 2428 3181 egerat
2453 3107 2560 3160 hoc
2592 3111 2716 3181 ipso
2749 3113 2956 3182 capite.

1927 3192 2107 3243 Utitur
2131 3193 2188 3242 in
2217 3190 2317 3241 hac
2346 3207 2402 3240 re
2426 3187 2617 3239 eodem
2638 3186 2736 3239 illo
2752 3227 2770 3254 ,
2801 3189 2954 3261 quod

1934 3292 1957 3317 ι
1977 3272 2155 3341 magni
2169 3269 2357 3341 aliquis
2372 3269 2603 3320 nominis
2617 3268 2908 3339 professor
2925 3293 2950 3315 ι

1927 3348 2274 3423 responderat
2284 3345 2565 3401 alibi.vide
2579 3349 2643 3412 11,
2663 3364 2682 3398 1
2701 3363 2746 3413 ι,
2769 3365 2791 3400 1
2818 3362 2954 3401 extr.

1997 3428 2051 3480 6.
2079 3430 2192 3482 Nec
2217 3426 2442 3499 estsere.
2468 3427 2647 3477 '1⁸uric.
2681 3438 2736 3478 et
2764 3427 2956 3480 Guelf.

1924 3509 2112 3582 Neque
2132 3506 2268 3579 ests.
2284 3505 2419 3559 Vide
2441 3507 2536 3571 111,
2561 3522 2623 3575 9,
2650 3504 2701 3558 5.

2000 3604 2050 3657 7.
2076 3586 2239 3638 Modo
2265 3603 2372 3637 non
2394 3582 2596 3637 stultus.
2622 3583 2796 3637 Goth.
2819 3586 2954 3658 (tac-

1927 3664 2111 3737 Gesn.)
2129 3684 2199 3723 m.
2221 3663 2322 3715 nisi
2337 3682 2375 3716 s.
2388 3701 2405 3728 ,
2428 3681 2553 3714 cum
2566 3662 2843 3731 Vallensi,
2860 3684 2956 3717 re-

1924 3747 2129 3798 ferente
2164 3743 2344 3797 Badio.
2384 3744 2624 3815 Apparet
2663 3741 2956 3797 librarium

1924 3843 2022 3897 pro
2050 3823 2207 3877 modo
2236 3842 2342 3875 non
2371 3822 2622 3874 maluisse
2651 3823 2774 3875 nisi.
2805 3827 2956 3877 Nam

1927 3903 2073 3977 quod
2094 3903 2250 3956 modo
2274 3902 2494 3967 Badius,
2516 3901 2838 3973 improbam
2861 3918 2959 3956 ta·

1923 4002 2045 4037 men
2068 3984 2151 4036 sui
2172 3982 2384 4036 Codicis
2408 3983 2730 4054 scripturam
2743 4021 2762 4049 ‚
2791 3987 2960 4037 inter·

1924 4076 2161 4137 pretatur
2204 4062 2357 4114 hodie
2373 4100 2391 4127 ,
2437 4061 2534 4113 hoc
2570 4072 2812 4134 tempore
2828 4102 2846 4129 ,
2897 4065 2964 4116 id

1925 4144 2169 4196 alienum.
2185 4140 2319 4194 Vide
2333 4154 2518 4194 notam
2533 4141 2602 4192 ad
2621 4161 2835 4214 proem.
2865 4161 2888 4196 ι
2899 4145 2958 4197 6.

1925 4224 2070 4275 -R.
2100 4237 2158 4287 2,
2181 4220 2282 4272 nisi
2299 4220 2504 4273 stultus.
2530 4222 2624 4273 En.
