3200 5150
837 488 965 553 236

1402 486 1494 548 M.
1535 484 1760 548 FABII
1798 481 2351 566 QUINTILIANI

829 637 973 710 que
1029 631 1294 709 partem
1351 607 1562 706 pedes
1590 664 1610 696 ,
1662 606 1852 677 idem
1912 605 2212 704 spatium
2271 602 2710 678 extremitatis
2737 660 2756 695 ,
2809 605 2917 677 sed

835 724 1059 795 multo
1095 724 1396 823 amplius
1423 722 1674 794 clausae
1695 737 1713 767 ¹
1749 742 2048 820 quatuor
2073 720 2278 793 lineis
2310 746 2484 793 areae
2517 720 2825 793 faciunt:
2858 721 2922 793 id

832 841 888 912 si
935 861 1338 940 computare
1380 866 1597 939 quem
1646 839 1869 937 piget,
1915 837 2344 910 brevioribus
2386 838 2699 910 numeris
2739 837 2918 909 idem

833 953 1082 1042 discat3
1120 981 1289 1026 nam
1320 953 1484 1025 deni
1512 953 1584 1023 in
1620 949 2015 1051 'quadrum’
2048 952 2298 1051 pedeS,
2327 951 2787 1051 quadraginta
2810 977 2923 1051 per

833 1096 1028 1142 oram
1045 1129 1064 1161 ,
1102 1071 1279 1143 intra
1305 1089 1592 1142 centum
1609 1066 1639 1113 ³
1670 1089 1908 1141 erunt:
1936 1089 2005 1140 at
2030 1069 2086 1141 si
2115 1069 2313 1168 quini
2337 1068 2501 1141 deni
2532 1096 2655 1168 per
2681 1068 2917 1157 latera,

836 1183 1037 1283 quini
1071 1184 1145 1255 in
1174 1185 1401 1256 fronte
1429 1183 1568 1254 siut
1588 1238 1610 1270 ‚
1645 1210 1725 1254 ex
1756 1183 1875 1254 illo
1894 1241 1913 1272 ,
1943 1183 2135 1282 quod
2164 1183 2704 1283 amplectuntur,
2728 1210 2925 1283 quar-

726 1313 797 1380 44
835 1320 979 1371 tam
1024 1298 1374 1377 deducent
1417 1298 1668 1370 eodem
1714 1297 2225 1370 circumductu.
2273 1298 2344 1369 Si
2384 1295 2601 1371 vero4
2640 1297 2925 1398 porrecti

835 1414 1191 1513 utrimque
1218 1414 1636 1487 undeviceni
1673 1413 1962 1512 singulis
1996 1414 2283 1504 distent,
2314 1440 2457 1486 non
2488 1414 2720 1514 plures
2749 1414 2926 1485 intus

834 1528 1203 1627 quadratos
1232 1529 1630 1619 habebunt,
1649 1556 1866 1628 quam
1888 1555 2011 1629 per
2028 1549 2201 1629 quot
2218 1529 2582 1629 longitudo
2603 1530 2924 1602 ducetur:

833 1670 992 1743 quae
1019 1644 1417 1718 circumibit
1441 1666 1679 1717 autem
1707 1644 1924 1734 linea,
1959 1645 2278 1746 ejusdem
2311 1646 2507 1745 spatii
2543 1645 2700 1736 erit,
2730 1645 2925 1746 cujus

829 1778 958 1846 ea,·
982 1785 1140 1858 quae
1169 1782 1452 1833 centum
1488 1760 1831 1833 continet:
1868 1760 1963 1833 ita
1993 1761 2338 1861 quidquid
2364 1763 2608 1833 formae
2634 1761 2930 1861 quadra-

724 1887 792 1954 45
833 1873 885 1943 ti
906 1871 935 1918 ⁵
964 1873 1365 1963 detraxeriS,
1394 1875 1842 1975 amplitudini
1875 1903 2158 1975 quoque
2193 1876 2485 1976 peribit:
2520 1902 2689 1975 ergo
2720 1875 2927 1948 etiam

833 1987 905 2059 id
937 1989 1083 2061 fieri
1118 2010 1371 2089 potest,
1403 2012 1481 2064 ut
1513 1990 1778 2093 majore
1808 1991 2099 2063 circuitu
2126 1991 2358 2063 minor
2384 1990 2518 2062 loci
2542 1989 2929 2090 amplitudo

834 2103 1216 2177 claudatur.
1255 2108 1409 2177 Hoc
1444 2105 1517 2178 in
1549 2105 1815 2204 planis:
1852 2133 2021 2178 nam
2056 2107 2130 2178 in
2168 2104 2464 2178 collibus
2495 2104 2929 2205 vallibusque

721 2222 794 2289 46
834 2218 1039 2291 etiam
1073 2219 1393 2318 imperito
1429 2240 1614 2319 patet
1641 2221 1799 2319 plus
1828 2220 2002 2293 soli⁶
2031 2246 2212 2310 esse,
2248 2246 2463 2319 quam
2495 2219 2664 2291 caeli.
2697 2217 2932 2311 Quid?

830 2333 1022 2431 quod
1081 2360 1152 2406 se
1206 2332 1451 2405 eadem
1504 2335 1883 2434 geometria
1941 2333 2122 2407 tollit
2173 2334 2261 2406 ad
2316 2333 2656 2407 rationem
2708 2361 2935 2435 usque,

907 2546 952 2581 ι.
981 2529 1193 2584 clausoe.
1219 2532 1392 2586 Guelf.
1417 2532 1572 2587 clusoe
1593 2548 1653 2588 ut
1676 2538 1835 2588 etiam

825 2609 914 2662 hic
951 2625 1166 2682 respuat
1206 2627 1586 2686 praeposterum
1630 2615 1831 2679 divisae,

827 2689 976 2760 quod
1006 2693 1334 2745 Burmannus
1369 2712 1585 2764 quoque
1619 2695 1835 2746 retinuit

826 2789 891 2822 ex
916 2770 1163 2841 quihusd.
1189 2785 1313 2825 vett.
1340 2772 1458 2825 edd.
1487 2773 1685 2826 Codice
1709 2773 1833 2825 nul-

824 2848 909 2914 lo,
932 2863 1094 2920 puto,
1119 2864 1351 2904 auctore.
1372 2855 1558 2903 Venet.
1580 2851 1833 2904 clusae.—

828 2927 1018 2993 Clusoe,
1044 2931 1104 2981 R.
1134 2931 1193 2994 3,
1211 2930 1263 2997 4.
1289 2931 1506 2996 Divisoe,
1533 2933 1593 2982 R.
1625 2947 1642 2982 1
1660 2969 1678 2998 ,
1703 2949 1760 2998 2,
1779 2944 1832 2982 et

821 3006 985 3060 Back.
1013 3011 1105 3061 En.

897 3108 944 3142 2.
998 3089 1284 3160 Quadrum.
1332 3089 1506 3142 Guelf.
1553 3089 1826 3161 quadram.

820 3168 966 3220 Idem
998 3182 1077 3220 est
1112 3172 1169 3220 in
1199 3171 1375 3220 Turic.
1411 3187 1533 3236 qum
1563 3168 1741 3238 glossa
1773 3172 1827 3222 in

821 3250 1090 3317 margine:
1113 3258 1385 3320 qeomem
1407 3248 1688 3320 quadram,
1720 3267 1829 3300 non

820 3326 1079 3398 quadrum
1122 3326 1319 3378 dicunt.
1364 3326 1468 3380 Sed
1508 3339 1561 3377 et
1595 3329 1749 3380 Voss.
1797 3345 1825 3380 a

821 3424 944 3457 cum
988 3405 1203 3458 duobus
1242 3406 1403 3459 Goth.
1455 3406 1699 3459 defendit
1745 3426 1827 3459 re-

820 3497 1046 3556 ceptam.
1071 3515 1132 3525 —
1151 3487 1416 3557 Quadram
1430 3485 1631 3538 babent
1649 3489 1754 3539 RR.
1780 3505 1826 3553 ι,

820 3564 882 3629 3,
900 3564 952 3630 4.
973 3566 1043 3618 At
1060 3567 1120 3617 R.
1142 3583 1169 3619 2
1187 3579 1240 3617 et
1256 3567 1416 3617 Cau».
1432 3565 1709 3637 quadrum.
1730 3567 1823 3618 En.

891 3645 940 3696 3.
980 3645 1129 3695 Intra
1162 3655 1293 3696 cent.
1333 3645 1483 3695 Intra
1516 3663 1614 3714 pro
1654 3644 1821 3710 intus,

816 3742 942 3776 eave
964 3726 1104 3775 enim
1127 3724 1556 3795 proepositionem
1576 3736 1751 3795 putes.

885 3803 940 3870 4.
959 3804 1019 3856 Si
1033 3822 1204 3856 vero...
1226 3801 1443 3876 singulis
1459 3802 1662 3855 distent.
1687 3805 1751 3855 H.
1774 3824 1821 3857 e.

816 3887 862 3938 si
897 3884 1046 3936 linem
1081 3884 1347 3955 parallelae
1378 3886 1435 3936 in
1463 3883 1823 3937 undevicenos

815 3976 1073 4035 porrecte
1100 3963 1266 4035 pedes
1293 3965 1508 4016 nonnisi
1534 3965 1692 4016 unius
1723 3983 1823 4036 pe-

814 4039 896 4093 dis
924 4041 1198 4093 intervallo
1225 4041 1555 4107 dirimantur,
1582 4061 1682 4115 pro
1713 4061 1822 4113 quo

812 4132 1026 4192 poterat
1054 4120 1264 4173 diceret
1294 4121 1338 4174 ri
1361 4121 1558 4195 singuli
1579 4120 1733 4194 pedes
1764 4122 1822 4174 in

802 4198 989 4271 fmnte
1030 4200 1149 4254 sint.
1196 4202 1452 4258 caeterum
1496 4202 1663 4272 figura
1706 4217 1819 4256 non

1925 2552 2062 2606 opus
2078 2571 2096 2600 ‚
2124 2551 2281 2604 quam
2310 2535 2674 2605 unusquisque
2700 2547 2933 2589 attentus

1923 2627 2015 2665 aut
2052 2612 2256 2665 calamo
2293 2627 2387 2665 aut
2422 2613 2601 2665 animo
2636 2614 2799 2667 facile
2835 2614 2932 2667 sibi

1920 2692 2102 2761 finget.

1993 2769 2044 2823 5.
2060 2772 2260 2823 Formoe
2272 2769 2531 2844 quadrati.
2546 2769 2722 2824 Guelf.
2734 2773 2935 2845 βω

1920 2851 2214 2924 quadr-aue,
2245 2870 2356 2903 non
2379 2851 2534 2904 male.

1991 2931 2042 2981 6.
2086 2929 2214 2983 Soli.
2257 2930 2431 2983 Guelf.
2474 2930 2625 2995 solis,
2668 2930 2833 2984 male.
2860 2958 2939 2973 -

1919 3009 2087 3064 Soli...
2123 3029 2283 3082 quam
2314 3009 2446 3062 coeli.
2482 3010 2647 3079 Quod
2679 3011 2938 3083 imperitis

1917 3102 2100 3161 patere
2141 3090 2215 3141 ait
2254 3091 2356 3159 Qu.
2400 3091 2674 3159 negotium
2712 3090 2939 3143 facessit

1920 3167 2162 3233 eruditi&
2184 3187 2347 3238 quum
2368 3187 2437 3221 ne
2460 3170 2797 3222 Camerarius
2818 3170 2934 3240 qui-

1917 3245 2037 3298 dem
2079 3247 2351 3318 intelligat.
2394 3248 2661 3300 Gesnerus
2701 3250 2763 3300 in
2800 3261 2937 3301 nota

1916 3325 2125 3380 doctior
2143 3326 2351 3379 videtur
2373 3345 2533 3397 quam
2554 3345 2655 3398 pro
2680 3329 2935 3381 occasio-

1914 3424 1997 3458 ne.
2028 3405 2223 3459 Coelum
2249 3408 2432 3477 accipe
2451 3424 2625 3458 aerem
2642 3407 2935 3459 imminen-

1915 3498 2021 3537 tem
2040 3484 2169 3537 naui
2192 3498 2285 3537 aut
2306 3483 2459 3544 colli,·
2478 3486 2524 3536 is
2544 3502 2712 3555 quum
2726 3484 2937 3557 planus

1915 3567 1999 3629 sit,
2009 3567 2182 3617 minus
2195 3564 2569 3637 complectitur
2580 3567 2937 3636 apatissquam

1913 3644 2063 3697 collis
2086 3661 2352 3697 convexus
2367 3682 2385 3710 ‚
2407 3642 2556 3695 vallia
2580 3662 2846 3697 concava.
2860 3674 2939 3685 -··

1913 3724 2043 3776 Plus
2070 3723 2168 3777 soli
2199 3743 2359 3797 quam
2391 3723 2522 3775 coelt'.
2557 3723 2721 3777 Collis
2757 3742 2935 3797 quum

1912 3805 1978 3855 sit
2008 3803 2360 3873 conglobatus
2375 3841 2392 3870 ‚
2426 3816 2631 3855 tantum
2658 3802 2937 3858 dimtaxat

1912 3880 2024 3934 omli
2048 3896 2304 3955 occupat,
2331 3897 2586 3954 quantum
2610 3883 2937 3957 complecti-

1912 3974 1999 4014 tur
2032 3961 2302 4016 diameter.
2336 3965 2391 4017 si
2428 3977 2603 4016 autem
2637 3963 2729 4016 illa
2766 3964 2935 4017 collis

1910 4043 2213 4114 superficies
2234 4043 2459 4115 globosa
2482 4057 2535 4099 et
2556 4044 2645 4097 illa
2662 4044 2941 4098 rotunda-

1909 4124 1991 4174 tio
2010 4124 2394 4190 extenderetur,
2417 4125 2576 4197 longe
2596 4124 2718 4197 plus
2752 4142 2937 4180 occu-

1907 4218 2075 4277 peret.
2101 4207 2179 4259 Ita
2200 4208 2487 4264 Tuum.
