3200 5150
696 454 1348 525 ms‘rrru‘noms
1380 454 1641 522 oRA‘r.
1678 457 1840 520 Lm.
1879 457 1939 536 1,
1983 480 2006 522 ι
2028 481 2080 522 1.

2305 458 2431 539 243

348 604 412 655 et
434 579 1035 681 quemadmodum
1061 604 1261 678 agere
1285 576 1663 677 oportebit,
1688 598 1766 649 ut
1787 576 2103 677 protinus
2126 606 2440 679 pronun-

350 696 640 770 ciatione
661 708 680 741 ¹
705 721 949 766 vocem
969 714 1037 766 et
1055 693 1468 765 memoriam
1492 713 1819 765 exerceat.
1842 694 1946 765 Ne
1970 692 2122 767 illos
2148 694 2434 794 quidem
2481 715 2543 768 15

349 809 952 912 reprehendendos
981 829 1224 908 putem
1241 822 1294 903 ²,
1316 807 1438 906 qui
1463 806 1759 908 paulum
1781 807 1987 880 etiam
2008 806 2439 908 palaesm'cis3

349 925 753 1001 vacaverint.
786 928 946 997 Non
977 924 1062 997 de
1087 923 1194 996 his
1219 922 1492 1025 loquor,
1516 922 1775 1023 quibus
1799 950 1956 1023 pars
1982 924 2130 995 vitae
2156 923 2228 995 in
2254 922 2442 1016 oleo,

351 1069 504 1141 pars
541 1042 615 1115 in
648 1041 849 1131 vino,
888 1039 1346 1133 consumitur,
1388 1038 1509 1141 qui
1550 1035 1900 1139 corporis4
1933 1066 2098 1112 cura
2133 1061 2446 1115 mentem

353 1158 776 1246 obruerunt;
810 1157 940 1229 hos
969 1155 1160 1229 enim
1190 1153 1427 1229 abesse
1459 1155 1548 1226 ab
1580 1181 1699 1245 eo,
1734 1180 1950 1253 quem
1986 1153 2449 1245 instituimuS,
2492 1174 2556 1228 16

352 1298 567 1375 quam
615 1271 1015 1371 longissime
1066 1269 1319 1361 velim3
1372 1270 1494 1342 sed
1545 1296 1812 1342 nomen
1860 1290 1959 1345 est
2007 1269 2195 1342 idem
2240 1270 2362 1359 iis,
2409 1297 2454 1345 a

350 1388 607 1487 quibus
639 1408 868 1487 gestus
902 1406 1272 1485 motusque
1307 1387 1740 1476 formantur;
1777 1407 1854 1459 ut
1895 1407 2077 1458 recta
2116 1386 2256 1459 sint
2292 1386 2456 1463 brae

353 1501 507 1574 chia
529 1557 547 1592 ,
584 1528 674 1574 ne
709 1500 1003 1574 indoctae
1039 1501 1387 1572 rusticaeve
1409 1499 1436 1544 ⁵
1476 1524 1766 1588 manus,
1808 1527 1897 1570 ne
1927 1521 2138 1571 status
2163 1499 2455 1572 indeco-

355 1645 506 1707 rus,
542 1644 633 1691 ne
674 1644 814 1719 qua
847 1617 920 1688 in
961 1616 1390 1717 proferendis
1430 1616 1729 1715 pedibus
1773 1615 2074 1704 inscitia,
2115 1642 2204 1687 ne
2247 1638 2457 1715 caput

354 1730 679 1829 oculique
713 1732 803 1805 ab
840 1730 977 1804 alia
1014 1730 1317 1827 corporis
1352 1729 1801 1802 inclinatione
1841 1728 2234 1802 dissideant.
2270 1732 2454 1803 Nam

354 1870 583 1943 neque
615 1842 748 1914 hoc
779 1868 923 1915 esse
953 1842 1026 1913 in
1057 1861 1247 1940 parte
1278 1840 1872 1940 pronunciationis
1897 1843 2246 1941 negaverit
2273 1843 2457 1945 quis-

356 1984 608 2059 quam,
647 1952 925 2054 neque⁶
960 1955 1184 2054 ipsam
1226 1954 1881 2052 pronunciationem
1924 1956 2012 2028 ab
2052 1979 2315 2030 oratore
2349 1985 2458 2030 se-

357 2094 630 2146 cernet:
670 2093 739 2144 et
778 2092 997 2160 certe,
1027 2070 1219 2172 quod
1252 2071 1477 2143 facere
1517 2093 1862 2170 oporteat,
1902 2099 2046 2144 non
2083 2072 2459 2175 indignan-

435 2284 478 2319 ι.
528 2266 985 2319 Pronunciatione.
1033 2263 1195 2317 Goth.
1240 2283 1365 2336 pro-

357 2346 746 2399 nunciationem
799 2364 922 2398 cum
973 2344 1120 2397 Bodl.
1169 2347 1362 2398 Joann.

359 2425 494 2478 Alm.
518 2424 696 2476 Turio.
724 2427 873 2476 Voss.
909 2443 954 2490 1,
981 2440 1040 2489 2,
1065 2425 1213 2477 Bern.
1242 2442 1366 2477 cum

358 2504 476 2557 Ald.
507 2503 713 2566 Placet;
738 2524 861 2556 nam
885 2503 1142 2555 ablativus
1167 2505 1365 2555 instru-

359 2585 522 2637 menti
542 2587 596 2636 in
610 2603 762 2656 pron.
786 2604 897 2637 non
912 2602 1232 2658 magnopere
1247 2603 1368 2655 pro-

360 2663 513 2714 cedit.
541 2691 613 2702 --
634 2661 737 2714 Sed
765 2662 992 2714 obvertit
1020 2664 1366 2714 Buttmannus

361 2760 515 2792 usum
531 2742 684 2791 nimis
699 2740 1014 2793 hodiernum
1031 2740 1368 2812 conjunctio-

361 2823 440 2871 nis
478 2830 527 2870 et
562 2821 618 2871 in
653 2820 821 2874 tribus
860 2819 1194 2872 nominandis
1226 2817 1367 2891 (quo

360 2901 575 2951 nomine
595 2898 733 2950 idem
751 2898 1019 2972 improbat
1034 2902 1286 2952 omissum
1305 2918 1367 2951 ac

361 2981 499 3031 iuter
520 2977 639 3029 Pal.
668 2991 722 3029 et
748 2977 888 3042 Tel„
916 2980 970 3044 1,
995 2977 1056 3044 5,
1080 2978 1195 3049 60).
1222 2976 1368 3047 Quid

360 3061 404 3110 si
447 3057 630 3130 abjicis
672 3060 758 3110 et?
801 3060 872 3112 Ut
918 3072 1197 3111 narrantur
1241 3057 1367 3110 dare

363 3138 511 3191 Borll.
537 3140 730 3191 Joann.
755 3138 891 3191 Alm.
913 3142 1065 3191 Voss.
1091 3139 1139 3191 3.
1168 3137 1250 3191 Ad
1268 3139 1384 3218 111,-

363 3220 397 3275 C
417 3257 431 3282 ,
459 3217 552 3284 25,
581 3219 835 3271 insertum
862 3228 915 3270 et
941 3232 1062 3271 ante
1090 3228 1232 3271 extra
1260 3236 1371 3269 non

362 3312 505 3350 recte
537 3298 719 3350 videor
754 3298 1023 3371 probasse.
1065 3300 1157 3351 Est
1195 3311 1372 3352 tamen

364 3377 496 3430 illud
524 3380 681 3430 etiam
709 3381 763 3431 in
785 3381 961 3432 Turic.
992 3377 1103 3450 (alt.
1132 3376 1279 3450 coll.)
1301 3403 1374 3417 --

365 3459 496 3509 Item
519 3459 580 3509 R.
615 3474 632 3508 1
666 3470 718 3509 et
745 3476 792 3510 a.
819 3460 909 3511 En.

443 3553 489 3586 2.
539 3536 787 3587 Putem...
825 3535 1146 3589 vacaverint.
1194 3533 1370 3590 Guelf.

364 3625 552 3685 puta...
589 3627 920 3667 vacaverunt.
955 3618 1103 3668 Prius
1132 3628 1184 3668 et
1210 3613 1371 3669 Goth.

371 3691 496 3764 (tac.
522 3694 721 3764 Gesn.).

444 3772 493 3823 3.
512 3771 834 3823 Palaestricis.
850 3774 987 3825 Cave
1001 3774 1231 3846 accipias
1244 3790 1378 3823 neu-

373 3865 540 3916 trum,
560 3868 724 3922 quum
747 3855 814 3903 sit
837 3851 1211 3917 masculinum,
1233 3850 1379 3926 quod

372 3942 595 4003 apparet
626 3948 749 3980 mox
774 3952 785 3979 :
823 3952 845 3975 οι
865 3933 988 3982 Non
1015 3931 1081 3982 de
1107 3931 1246 3983 his...
1277 3930 1378 3983 hos

381 4033 405 4056 σι
427 4011 581 4062 enim.
607 4034 629 4057 s·
673 4009 853 4062 Malim
890 4025 1064 4062 tamen
1097 4030 1245 4082 paene
1278 4031 1380 4083 pa-

377 4090 594 4143 laeseritis
604 4130 619 4154 ,
637 4091 900 4143 lenissima
916 4093 1224 4156 mutatione,
1236 4090 1383 4162 quod

378 4167 544 4224 habes
572 4171 642 4223 lx
659 4208 677 4239 ,
705 4170 773 4240 4,
801 4169 886 4224 56.
921 4171 1136 4242 Legitur
1169 4168 1385 4244 quidem.

1454 2266 1531 2331 11,
1563 2265 1629 2332 8,
1663 2284 1714 2337 7,
1741 2264 2058 2338 palaestricus
2085 2263 2205 2333 ille,
2237 2266 2331 2321 sed
2359 2288 2461 2341 po-

1455 2357 1560 2397 test
1580 2346 1762 2397 referri
1785 2344 1852 2397 ad
1884 2367 1904 2390 a
1928 2348 2173 2416 magister
2191 2372 2239 2413 u,
2264 2361 2318 2401 et
2340 2350 2462 2418 XII,

1458 2441 1521 2491 2,
1571 2440 1666 2490 η,
1707 2424 1864 2495 plene
1902 2423 2150 2477 dicuntur
2186 2425 2467 2498 paloestrici

1455 2504 1697 2555 doctores.
1710 2503 1843 2555 Vide
1858 2503 1924 2557 de
1938 2504 2059 2556 loco
2076 2507 2386 2574 Quintiliani
2400 2509 2466 2575 11,

1458 2584 1518 2651 8,
1549 2601 1599 2654 7,
1629 2583 1953 2656 Stephanum
1983 2587 2039 2638 in
2062 2586 2335 2642 Thesauro
2360 2588 2463 2644 lin-

1455 2682 1568 2733 guae
1598 2663 1821 2731 Graecae,
1854 2676 1892 2716 t.
1926 2667 2027 2731 111,
2054 2685 2109 2738 p.
2144 2667 2238 2732 26,
2267 2671 2359 2740 qui
2390 2667 2467 2724 nil

1456 2744 1555 2798 nisi
1569 2744 1797 2813 peritum
1811 2741 2063 2814 palaestrae
2079 2745 2359 2814 significari
2372 2765 2470 2818 pu·

1457 2836 1533 2876 tat
1560 2823 1839 2894 palaestn'ci
1869 2827 2117 2894 nomine,
2150 2844 2261 2880 non
2289 2841 2469 2880 autem

1455 2902 1710 2975 paloestroe
1732 2903 2053 2976 maqistrum.

1531 2982 1581 3048 4.
1607 2983 1855 3055 Corporis.
1871 2986 2047 3036 Turic.
2074 2997 2126 3036 et
2144 2984 2318 3038 Guelf.
2344 3004 2469 3042 cum

1458 3059 1658 3125 Codd.‚
1683 3060 1842 3114 credo
1860 3099 1876 3127 ,
1901 3062 2148 3116 omnibus
2171 3062 2296 3134 (nisi
2319 3063 2469 3136 quod.

1459 3153 1703 3192 tacentur
1731 3143 1886 3193 Voss.
1930 3159 1975 3208 1,
2010 3140 2062 3212 2)
2099 3155 2151 3194 et
2188 3140 2307 3193 edd.
2344 3157 2466 3198 ante

1459 3216 1585 3272 Bad.
1621 3236 1927 3290 corporum,
1960 3237 2066 3289 quo
2105 3218 2309 3274 accedit
2341 3220 2465 3276 Ald.

1459 3316 1564 3351 sec.
1591 3299 1704 3350 Nec
1730 3296 1886 3352 video
1918 3316 2078 3370 quare
2105 3319 2370 3354 recessum
2399 3304 2469 3355 sit

1460 3377 1529 3431 ab
1561 3376 1662 3430 hac
1690 3378 1966 3449 scriptura.
1992 3407 2064 3421 —-
2088 3382 2150 3433 Β.
2188 3398 2234 3447 t,
2265 3398 2323 3446 2,
2353 3380 2385 3434 5
2415 3394 2471 3434 et

1461 3458 1622 3514 Cum
1664 3455 1864 3509 habent
1908 3476 2179 3530 corporum
2219 3459 2469 3530 (tacente

1462 3534 1682 3610 Spald.).
1709 3538 1800 3588 En.

1534 3615 1584 3669 5.
1616 3617 1909 3670 Rusticoeve.
1940 3616 2113 3670 Guelf.
2142 3619 2321 3672 rustice
2343 3618 2470 3674 abs·-

1466 3715 1567 3769 que
1594 3714 1681 3761 ve,
1704 3695 1849 3766 quod
1871 3716 1902 3748 a
1928 3696 2192 3769 plerisque
2216 3697 2383 3749 Codd.
2410 3710 2473 3749 ut

1465 3789 1518 3830 et
1536 3777 1713 3830 Turio.
1740 3774 1916 3840 abest3
1940 3775 2094 3828 male.
2112 3775 2370 3828 Videntur
2393 3790 2471 3828 ta-

1466 3872 1590 3908 men
1613 3852 1807 3906 habere
1834 3852 2002 3906 codd.
2028 3855 2327 3906 Britannici.

1538 3934 1589 3986 6.
1626 3934 1865 4006 Neque...
1901 3951 2079 4005 neque.
2111 3934 2187 3985 lta
2214 3934 2389 3988 Guelf.
2419 3946 2475 3990 et

1468 4013 1708 4085 quaedam
1737 4012 1887 4078 edd„
1915 4015 2144 4083 gratius,
2170 4032 2326 4085 quarn
2354 4015 2473 4087 ple-

1468 4110 1726 4163 rumque,
1767 4106 1823 4144 ut
1866 4110 1952 4163 ap.
1995 4093 2190 4159 Gesn.,
2233 4092 2327 4147 ubi
2361 4096 2476 4152 Nee

1470 4168 1625 4225 hoc...
1649 4187 1759 4227 nec.
1783 4171 1959 4226 Turic.
1988 4188 2156 4246 neque
2177 4170 2302 4225 hoec.

2108 4260 2188 4317 ιδ.

2498 1769 2558 1822 ¹7
