3200 5150
730 1662 788 1699 21

841 486 963 555 192

1398 463 1493 528 M.
1531 462 1759 529 FABn
1795 461 2353 547 QUINTILIANI

701 556 708 563 ⁶
736 625 802 683 ¹9
833 587 1350 664 amantissimus
1370 588 1718 662 vetustatis
1736 643 1756 678 ‚
1780 590 2210 665 carminibus
2233 589 2543 664 inseruit.
2569 592 2652 664 In
2678 590 2920 667 iisdem

831 705 1083 806 plurali
1113 730 1411 777 numero
1438 703 1515 775 E
1541 701 1940 796 utebantur,
1970 702 2044 777 lu·
2075 704 2295 805 Syuae
2318 718 2368 794 ¹,
2409 704 2672 780 Galbae.
2710 710 2833 782 Est
2854 708 2922 781 in

829 822 962 894 hac
989 845 1272 920 quoque
1302 839 1492 920 parte
1522 818 1775 891 Lucilii
1805 840 2229 920 praeceptum
2250 877 2270 912 ,
2300 820 2533 920 quod,
2568 823 2738 922 quia
2758 822 2924 923 plu-

829 935 1023 1009 ribus
1051 935 1430 1036 explicatur
1458 934 1807 1025 versibus,
1849 936 1906 1009 si
1940 936 2097 1035 quis
2135 962 2384 1035 parum
2424 936 2691 1028 credat,
2741 939 2926 1038 apud

729 1084 796 1122 ιο
828 1051 1062 1150 ipsum
1087 1052 1162 1124 in
1187 1076 1378 1123 nono
1397 1064 1427 1096 ²
1459 1050 1782 1150 requirat.
1816 1050 2055 1142 Quid?
2080 1050 2273 1151 quod
2292 1051 2646 1125 Ciceronis
2666 1074 2925 1153 tempo·

830 1167 1024 1240 ribus
1040 1226 1059 1259 ‚
1108 1167 1544 1267 paulumque
1588 1167 1809 1257 infra,
1859 1168 2006 1240 fere
2049 1167 2319 1266 quoties
2352 1169 2406 1241 S
2434 1165 2657 1240 littera
2697 1168 2930 1240 media

825 1281 1177 1355 vocalium
1206 1282 1580 1383 longarum
1624 1281 1731 1355 vel
1761 1281 2069 1385 subjecta
2096 1282 2323 1383 longis
2354 1302 2561 1374 esset,
2613 1284 2929 1383 gemina-

824 1396 1068 1471 batur?
1090 1418 1169 1471 ut
1185 1424 1467 1487 caussoe,
1487 1426 1741 1488 cassus,
1762 1401 2188 1474 divissiones:
2210 1426 2354 1499 quo
2374 1399 2587 1473 modo
2610 1420 2678 1473 et
2697 1401 2929 1500 ipsum

827 1532 895 1585 et
916 1510 1294 1613 Virgilium
1319 1541 1601 1614 quoque
1632 1515 1976 1616 scripsisse
1994 1570 2013 1604 ,
2045 1512 2300 1587 manus
2325 1540 2569 1587 eorum
2588 1511 2620 1558 ³
2655 1513 2924 1588 docent.

825 1628 1037 1728 Atqui
1061 1629 1358 1727 paulum
1383 1629 1773 1730 superiores
1800 1628 2009 1703 etiam
2035 1628 2249 1720 illud,
2278 1628 2470 1730 quod
2488 1654 2622 1702 nos
2648 1629 2928 1729 gemina

824 1744 885 1818 S
906 1744 1205 1816 dicimus
1223 1801 1242 1835 ,
1243 1749 1421 1845 jussi
1431 1802 1456 1833 ,
1477 1771 1624 1818 una
1647 1745 1968 1818 dixerunt
1983 1742 2038 1817 4.
2060 1745 2288 1818 Etiam
2312 1730 2606 1844 optimus
2620 1743 2675 1836 ⁵,
2696 1750 2928 1817 maxi-

824 1887 1011 1949 mm,
1042 1880 1122 1933 ut
1144 1860 1454 1934 mediam
1472 1860 1516 1933 I
1528 1861 1825 1937 litteram
1848 1918 1869 1956 ,
1895 1888 2052 1964 quae
2069 1860 2412 1936 veteribus
2440 1863 2514 1935 U
2520 1861 2749 1935 fuerat
2764 1921 2785 1956 ,
2812 1887 2929 1936 ac-

827 2058 964 2110 tueri
1001 2061 1157 2111 Voss.
1196 2076 1224 2113 a
1269 2073 1323 2113 et
1362 2073 1469 2114 tres
1505 2063 1833 2116 Britannicos

825 2135 995 2191 Codd.
1043 2140 1296 2192 Praeterea
1339 2145 1667 2212 grammatici
1706 2146 1836 2194 Put-

828 2216 1030 2270 schiani
1052 2256 1069 2283 ,
1117 2220 1412 2271 Priscianus
1431 2257 1450 2287 ,
1493 2217 1577 2272 bis
1597 2258 1615 2287 ,
1654 2220 1835 2273 Velius

826 2296 993 2366 Long.
1022 2308 1075 2347 et
1094 2299 1293 2349 Marius
1316 2300 1515 2349 Victor.
1537 2298 1684 2350 hisce
1703 2298 1838 2349 duo-

824 2373 957 2440 bus,
974 2392 1088 2443 quae
1108 2388 1229 2425 sunt
1248 2377 1302 2424 in
1322 2388 1564 2448 recepta,
1583 2375 1835 2449 exemplis

827 2464 1052 2505 utuntur
1072 2451 1277 2521 Virgilii
1298 2451 1456 2516 solis;
1481 2453 1575 2505 sed
1598 2454 1802 2506 Probus
1816 2492 1834 2520 ,

825 2552 881 2606 p.
904 2529 1117 2585 Putsch.
1142 2531 1304 2599 1438,
1322 2533 1728 2605 aquaiitemque
1746 2551 1838 2585 au-

824 2613 906 2664 rai
927 2611 1074 2682 (AEn.
1100 2613 1196 2678 vl,
1217 2610 1350 2682 747)
1369 2611 1530 2663 addit.
1552 2610 1837 2664 —Eadem

826 2693 1050 2744 varietas
1068 2691 1124 2741 in
1141 2692 1335 2742 nostris
1354 2689 1522 2742 Codd.
1545 2689 1651 2742 Alii
1666 2689 1833 2756 aulai,

827 2768 918 2822 alii
930 2768 1119 2842 aquai}-
1136 2769 1228 2821 sed
1242 2771 1389 2842 parvi
1402 2771 1634 2821 interest.
1654 2772 1746 2822 En.
1761 2800 1835 2810 -

831 2850 1056 2902 Pictat‘...
1073 2848 1234 2903 aulai.
1253 2852 1367 2901 AEn.
1385 2851 1476 2915 IX,
1500 2850 1584 2911 263
1605 2851 1693 2916 ΠΙ,
1708 2847 1830 2917 354.

824 2928 960 2985 Vide
987 2941 1171 2981 notam
1197 2928 1266 2980 ad
1293 2931 1346 2995 1,
1376 2927 1436 2995 5,
1467 2946 1548 2998 17,
1576 2930 1828 3001 Enii-operi.

903 3024 947 3058 1.
991 3008 1068 3059 Hi
1110 3006 1289 3077 Syllae.
1331 3006 1505 3060 Guelf.
1551 3007 1613 3059 iis
1650 3006 1828 3078 Sylloe.

821 3088 996 3141 Turic.
1015 3100 1068 3138 et
1080 3083 1241 3139 Goth.
1261 3083 1387 3155 (tac.
1408 3086 1593 3156 Gesn.)
1612 3086 1691 3139 his
1706 3086 1833 3156 Sy!-

821 3164 914 3230 loe,
941 3183 1115 3236 neque
1147 3165 1372 3217 fortasse
1403 3168 1459 3217 in
1492 3165 1603 3217 ullo
1631 3165 1832 3220 Codice

821 3257 1035 3317 recepta
1050 3282 1067 3310 ‚
1106 3261 1264 3314 quam
1300 3246 1568 3298 verissima
1608 3250 1831 3318 conjec-

822 3338 940 3377 tura
971 3325 1212 3394 reposuit
1242 3323 1452 3394 Regius.
1478 3354 1552 3364 —
1572 3327 1634 3376 R.
1676 3340 1696 3374 1
1714 3363 1733 3389 ‚
1763 3341 1791 3376 2
1809 3363 1828 3393 ,

712 3429 718 3454 ι
823 3404 900 3456 his
935 3402 1112 3472 Syuoe.
1152 3404 1342 3470 Caum,
1379 3405 1436 3454 in
1471 3403 1548 3456 his
1581 3403 1822 3475 syllaba,

822 3502 929 3556 quo
956 3501 1112 3534 sensu
1128 3521 1144 3549 ‚
1168 3485 1366 3534 nescio.
1394 3485 1485 3535 En.
1511 3513 1518 3518 -

893 3579 942 3613 a.
967 3564 1034 3613 In
1059 3579 1216 3613 nouo.
1241 3561 1376 3614 Vide
1400 3576 1584 3616 notam
1607 3562 1675 3614 ad
1698 3565 1747 3630 Ι,
1773 3561 1826 3630 5,

819 3639 919 3708 50,
942 3642 1080 3692 Εο...
1108 3642 1302 3694 intus...
1325 3641 1490 3694 soloec.
1519 3645 1696 3714 Ipsum
1725 3659 1826 3695 au-

817 3733 925 3772 tem
953 3734 1274 3791 praeceptum
1301 3720 1579 3772 intercidit.
1602 3721 1826 3774 Videtur

818 3799 1081 3872 ejusmodi
1118 3800 1226 3851 fere
1265 3800 1460 3865 fuisse,
1498 3800 1655 3870 quale
1689 3799 1823 3872 legi-

817 3898 935 3931 mus
976 3878 1173 3948 Nigidii
1207 3877 1377 3948 Figuli
1413 3877 1558 3949 apud
1593 3879 1822 3931 Gellium

815 3960 967 4022 xm,
995 3957 1088 4023 25,
1114 3958 1205 4028 qui
1229 3975 1324 4008 sua
1345 3958 1571 4011 fortasse
1593 3957 1771 4011 hausit
1793 3979 1823 4012 e

819 4039 1007 4092 Lucilii
1035 4056 1211 4109 opere.
1706 4065 1715 4072 ·

893 4117 943 4169 3.
987 4118 1182 4168 Manus
1221 4133 1414 4168 eorum.
1458 4117 1566 4170 Cic.
1606 4116 1677 4169 ad
1711 4118 1820 4169 Att.

819 4196 966 4264 Vlll,
1005 4195 1098 4247 13:
1129 4217 1152 4242 κ
1170 4194 1522 4269 ΙιίΡΡίῑαᾶἰοὶῐ
1553 4199 1824 4268 mee-tig-

1929 2080 2101 2126 unum
2118 2061 2217 2116 tibi
2234 2063 2304 2116 sit
2318 2060 2517 2115 librarii
2532 2076 2738 2112 manus.
2758 2081 2785 2105 ιο
2811 2056 2931 2111 Pol-

1922 2140 2109 2208 11:¹11,
2139 2140 2267 2194 152:
2298 2161 2323 2187 α
2339 2139 2633 2208 '‘rmp'he...
2652 2135 2709 2190 eri
2731 2133 2825 2188 εἷς-ὂ
2842 2136 2932 2190 σὸι

1929 2243 1954 2268 ·
1966 2222 2159 2285 own-⁴5·
2174 2217 2502 2289 omae-'mm
2515 2213 2830 2285 κοιεόγμφπ
2840 2216 2934 2289 κὸ·

1930 2323 1955 2347 ι
1972 2319 2036 2366 μ.
2055 2296 2312 2365 «ἐνόμισαν.
2334 2323 2358 2346 ι
2386 2301 2453 2351 Et
2468 2298 2589 2350 vide
2609 2298 2821 2350 Lexica.

1995 2378 2046 2443 4.
2075 2379 2350 2429 Dixerunt.
2376 2379 2455 2429 Ita
2475 2375 2651 2430 Guelf.
2677 2377 2932 2433 et'l'uric.

1925 2459 2123 2509 omisso
2143 2457 2306 2529 jussi,
2337 2453 2486 2526 quod
2520 2453 2722 2508 habent
2752 2455 2932 2506 Burin.

1924 2535 2090 2608 Capp.
2121 2535 2281 2589 Gesn.
2317 2552 2483 2607 quum
2510 2532 2631 2586 edd.
2664 2532 2937 2606 pleroeque

1923 2617 2199 2684 ignooent3
2226 2627 2352 2666 vett.
2384 2613 2599 2686 quidem
2628 2632 2835 2667 omnes.
2869 2615 2937 2668 Et

1923 2692 2085 2747 Goth.
2123 2711 2247 2746 cum
2280 2695 2424 2746 Jens.
2460 2693 2657 2745 omittit
2688 2691 2938 2764 (tacente

1921 2774 2082 2826 Gesn.
2098 2771 2136 2843 ).
2168 2774 2315 2845 Sarpe
2337 2775 2449 2846 jam
2471 2771 2809 2825 libi-ariorum
2838 2790 2936 2843 ag·

1920 2854 2166 2904 novimus
2195 2866 2575 2924 praeposteram
2603 2851 2935 2923 diligentiam

1920 2931 2158 3004 exempla
2192 2931 2552 2998 sumentium,
2583 2949 2696 3002 qnae
2729 2933 2775 2984 si
2806 2944 2935 3004 post

1919 3013 1997 3062 rei
2020 3010 2456 3080 significationem
2479 3028 2511 3061 ι
2533 3013 2794 3081 scriptore
2812 3029 2939 3083 pro-

1890 3091 2152 3160 -positam
2183 3101 2360 3142 essem
2392 3091 2722 3154 necessaria,
2758 3090 2937 3142 malos

1918 3167 2008 3219 ille
2031 3169 2253 3221 referret
2270 3171 2532 3240 pictores,
2552 3170 2645 3240 qui
2662 3184 2940 3238 coguntur

1917 3245 2115 3298 tabulis
2157 3248 2264 3298 suis
2306 3247 2601 3315 ascribere,
2639 3266 2843 3320 equum
2880 3266 2943 3302 se

1898 3324 2002 3378 —vel
2032 3338 2245 3378 taurum
2270 3326 2501 3379 voluisse
2533 3329 2769 3399 pingere.
2796 3327 2941 3380 Vide

1915 3417 2101 3458 notan
2123 3404 2270 3471 adl,
2294 3423 2345 3476 7,
2369 3406 2437 3472 4,
2460 3405 2658 3472 littera,
2683 3407 2741 3459 si.
2767 3436 2847 3448 --
2868 3408 2935 3458 R.

1924 3500 1972 3550 ι,
1993 3489 2053 3550 α’,
2072 3485 2233 3536 Cm.
2255 3502 2444 3536 vocem
2444 3503 2583 3557 Jusst
2606 3503 2716 3537 non
2735 3503 2939 3556 agnos·

1914 3575 2043 3613 cunt
2058 3600 2076 3629 ,
2100 3565 2201 3615 etsi
2223 3576 2401 3615 tamen
2418 3567 2719 3618 neces-saria
2741 3564 2937 3619 videa-

1914 3655 2002 3694 tur
2014 3646 2301 3696 sententiae.
2312 3671 2386 3684 ——
2394 3643 2516 3698 Scil.
2533 3645 2739 3716 antiqui
2752 3645 2941 3698 Latini

1910 3722 2186 3794 projum',
2211 3724 2477 3792 gentiunt
2498 3721 2673 3778 littera
2695 3741 2749 3789 ε,
2775 3723 2939 3776 dixe-

1911 3814 2037 3853 runt
2044 3820 2172 3874 Just
2199 3804 2289 3854 En.

1987 3879 2036 3932 5.
2079 3882 2259 3932 Etiam
2296 3882 2537 3954 optimus.
2578 3880 2740 3954 Apud
2782 3886 2937 3936 anti-

1914 3977 2050 4030 quos
2066 3997 2083 4025 ‚
2105 3960 2199 4012 ubi
2223 3961 2499 4014 scribimus
2518 3964 2579 4014 in
2598 3960 2775 4014 media
2805 3962 2937 4014 dic-

1912 4041 2058 4092 tione
2078 4040 2097 4089 i
2115 4040 2300 4107 breve,
2324 4059 2361 4092 u
2382 4040 2729 4107 scribebatur,
2752 4044 2837 4092 ita
2858 4056 2941 4094 ta-

1910 4135 2035 4170 men
2061 4130 2123 4170 ut
2147 4121 2203 4171 in
2236 4120 2679 4191 pronunciatione
2709 4119 2937 4174 medius

1913 4207 2076 4251 sonus
2099 4199 2236 4251 iuter
2258 4198 2280 4250 ἰ
2300 4211 2354 4252 et
2376 4218 2413 4252 u
2436 4197 2721 4258 audiretur.
2744 4201 2931 4256 Tm.
