3200 5150
629 474 1285 544 1NsT1TUTtoms
1320 474 1576 541 onA'r.
1619 476 1782 541 Lm.
1823 477 1958 558 111,
1998 481 2063 547 6.
2267 482 2393 571 495

284 600 806 676 instituentibus
831 598 1071 689 rudae,
1097 624 1243 671 non
1270 596 1398 670 erit
1424 596 1690 669 inutilis
1713 597 1918 671 latius
1934 610 1953 645 ¹
1985 600 2214 699 primo
2239 604 2399 677 fusa
2511 614 2521 629 ⁹

283 719 490 810 ratio,
525 739 626 808 et,
656 718 714 791 si
746 742 892 791 non
925 715 1163 789 statim
1197 713 1575 789 rectissima
1606 714 1793 788 linea
1823 736 2019 792 tensa
2033 731 2091 808 ²,
2128 719 2401 793 facilior

286 856 523 909 tamen
553 855 622 908 et
650 834 952 935 apertior
980 832 1111 904 via.
1147 831 1436 904 Discant
1467 830 1684 930 igitur
1711 852 1871 907 ante
1901 834 2179 926 omnia,
2216 862 2399 934 qua-

285 945 763 1049 dripertitam³
805 948 880 1020 in
925 946 1261 1020 omnibus
1303 946 1526 1019 causis
1569 973 1715 1019 esse
1756 947 2139 1038 rationem,
2181 977 2397 1049 quam

280 1063 585 1163 primam
615 1062 871 1141 intueri
899 1061 1186 1153 debeat,
1216 1059 1342 1160 qui
1372 1081 1653 1133 acturus
1679 1082 1821 1152 est3
1857 1089 2063 1152 nam,
2090 1083 2170 1135 ut
2203 1090 2245 1135 a
2274 1064 2403 1139 de-

276 1181 554 1252 fensore
593 1178 1038 1278 potissimum
1075 1177 1444 1277 incipiam,
1484 1176 1694 1276 longe
1736 1177 2121 1250 fortissima
2155 1179 2402 1253 tuendi

278 1320 352 1367 se
383 1294 555 1367 ratio
586 1315 725 1385 est,
759 1300 855 1383 si,
886 1295 1076 1395 quod
1103 1291 1447 1392 objicitur,
1484 1298 1725 1392 neqari
1744 1310 1971 1394 *potest
1989 1326 2017 1383 ,·
2046 1296 2400 1394 proxima,

277 1414 335 1482 si
369 1436 510 1482 non
539 1411 643 1498 id,
679 1411 869 1510 quod
887 1407 1232 1511 objicitur,
1246 1409 1530 1509 factum
1561 1436 1697 1483 esse
1726 1411 2022 1499 dicitur;
2054 1411 2253 1484 tertia
2278 1411 2402 1485 ho-

278 1523 673 1597 nestissima
686 1523 744 1615 4,
780 1552 922 1626 qua
953 1527 1421 1626 rectesactum
1453 1526 1861 1625 defenditur,
1900 1525 2159 1624 quibus
2193 1527 2401 1600 side-

278 1640 630 1731 ficiamm,
662 1639 915 1713 ultima
951 1640 1242 1741 quidem
1264 1696 1285 1730 ‚
1325 1640 1445 1713 sed
1463 1639 1615 1740 jam
1646 1638 1794 1712 sola
1827 1662 2143 1740 superest
2174 1640 2398 1731 salus,

276 1756 517 1856 aliquo
535 1755 715 1856 juris
744 1755 1090 1858 adjutorio
1120 1755 1448 1829 elabendi
1477 1783 1559 1829 ex
1582 1755 1879 1829 crimine
1898 1813 1918 1845 ‚
1948 1756 2139 1856 quod
2164 1783 2396 1855 neque

276 1871 549 1970 negari,
576 1898 808 1969 neque
835 1870 1120 1944 defendi
1152 1892 1411 1971 potest3
1438 1893 1517 1944 ut
1538 1897 1686 1944 non
1705 1870 2024 1943 videatur
2026 1876 2194 1970 jure
2215 1878 2397 1945 actio

279 1987 560 2059 intendi.
589 1985 822 2058 Hinc⁵
848 1985 985 2069 illae,
1008 1987 1423 2086 quaestiones
1443 2042 1463 2076 ‚
1492 1986 1633 2059 sive
1664 1986 1988 2076 actionis,
2014 1986 2153 2059 sive
2182 2007 2396 2060 trans·
2430 2012 2499 2077 84

353 2154 396 2187 1.
412 2135 608 2188 Latius.
625 2139 730 2203 Ita,
744 2150 805 2188 ut
825 2135 1124 2203 translatio,
1148 2151 1288 2189 tam—

277 2230 437 2286 quam
457 2228 677 2285 quartus
696 2227 891 2284 status,
913 2218 1010 2269 etsi
1033 2232 1154 2269 vere
1177 2233 1288 2268 non

277 2298 371 2362 sit,
397 2294 732 2368 adjungatur.

350 2394 398 2428 2.
424 2375 800 2428 Raetinium...
829 2386 987 2428 tensa.
1012 2373 1213 2427 Fabi-os
1237 2388 1290 2427 et

275 2454 593 2507 architectos
626 2453 763 2507 linea
798 2468 925 2506 usos
958 2465 1201 2515 constat3
1234 2455 1289 2505 in

275 2536 474 2586 viarum
504 2532 907 2586 sternendarum
936 2550 1099 2605 opere
1129 2550 1287 2585 usur-

275 2626 456 2684 patam
477 2632 594 2665 earn
611 2613 852 2664 nondum
871 2614 1074 2676 inveni,
1096 2611 1191 2664 sed
1208 2612 1287 2664 fa-

276 2692 377 2744 cile
424 2703 478 2743 et
519 2691 594 2742 ibi
632 2690 942 2760 intelligitur
982 2695 1098 2762 ejus
1139 2707 1285 2742 usus.

276 2772 742 2842 Appositissimnm
786 2769 855 2820 ad
900 2771 1084 2837 Quint.
1129 2768 1287 2820 verba

278 2848 457 2900 locum
476 2849 742 2900 Gesnerus
759 2850 815 2899 in
833 2846 1108 2899 Thesauro
1132 2846 1290 2898 affert

276 2929 549 2981 Ciceronis
567 2926 637 2979 ad
654 2929 758 2997 Qu.
775 2929 858 2979 Fr.
880 2928 977 2992 111,
999 2941 1045 2990 1,
1067 2942 1087 2976 1
1111 2946 1124 2976 ε
1154 2948 1176 2970 ι
1191 2927 1291 2977 Co-

284 3031 307 3055 ·
329 3008 535 3060 lumnas
563 3025 738 3078 neque
759 3018 932 3058 rectas
955 3021 1130 3075 neque
1154 3023 1184 3056 e
1207 3021 1289 3057 re·

285 3109 308 3134 σι
326 3089 486 3158 gione
531 3086 777 3158 Diphilus
823 3083 1115 3137 collocarat
1136 3104 1148 3134 ε
1198 3101 1287 3135 eas

285 3188 308 3212 a
328 3165 528 3219 scilicet
577 3164 896 3217 demolietur
931 3185 944 3214 ε
999 3161 1287 3233 aliquando

286 3268 309 3293 a
329 3244 713 3319 perpendiculo
734 3258 785 3296 et
806 3243 945 3295 linea
960 3242 1129 3294 discet
1147 3244 1240 3293 uti.
1260 3265 1282 3289 n

279 3326 338 3378 In
353 3338 615 3380 structura
632 3322 865 3392 ambigas
875 3359 893 3388 ‚
908 3322 1290 3372 nominativum

282 3422 350 3454 an
386 3402 675 3456 ablativum
710 3401 874 3453 facias
906 3418 1093 3452 vocem
1131 3398 1288 3451 linea.

282 3483 355 3534 Ut
396 3487 536 3534 enim
578 3480 967 3554 expeditissima
1006 3478 1292 3531 verborum

281 3563 416 3613 ratio
448 3563 494 3613 si
525 3560 742 3612 lineam.
778 3561 863 3611 via
894 3572 1018 3613 sunt
1047 3559 1293 3611 nonina-

284 3641 376 3691 tivi
387 3678 404 3706 ‚
426 3642 500 3691 ita
514 3657 700 3692 sensus
714 3641 869 3710 friget
885 3656 1050 3710 quum
1062 3636 1176 3690 haec
1191 3636 1293 3690 sibi

286 3719 510 3771 invicem
549 3730 910 3788 opponuntur.
941 3716 1142 3770 Melius
1182 3734 1294 3767 rec—

288 3796 482 3848 tissima
513 3795 770 3847 referatur
800 3793 869 3846 ad
902 3794 1018 3860 via,
1048 3808 1108 3846 ut
1136 3797 1202 3847 sit
1230 3812 1293 3847 ea

289 3893 397 3928 non
418 3874 692 3927 rectissima
716 3873 925 3947 quidem
941 3912 959 3939 ,
969 3874 1194 3946 facilior
1210 3885 1291 3926 ta-

288 3972 430 4005 men.
445 3956 582 4006 Tum
603 3952 744 4006 linea
767 3964 910 4006 tensa
933 3951 1191 4006 ablativos
1212 3971 1295 4006 ac·

286 4034 454 4104 cipias
470 4070 488 4098 ‚
532 4032 682 4102 quasi
729 4029 1097 4083 adverbialiter
1135 4050 1294 4084 usur-

287 4125 474 4183 patos;
498 4122 551 4163 et
569 4108 676 4162 boc
699 4109 907 4181 placeat
931 4127 1086 4175 sane,
1111 4112 1155 4161 si
1177 4113 1295 4181 quis

289 4187 427 4244 banc
452 4190 778 4242 locutionem
796 4186 1159 4261 pervulgatam
1177 4207 1298 4260 pos·

1378 2139 1446 2191 sit
1465 2135 1762 2190 ostendere.
1790 2137 1929 2189 Nam
1952 2145 2095 2188 tensa
2116 2139 2397 2190 nominati-

1377 2232 1503 2269 vum
1536 2220 1862 2288 conjungere
1889 2228 2012 2266 cum
2040 2214 2158 2278 via,
2189 2229 2248 2267 ut
2286 2234 2395 2268 rec-

1380 2295 1571 2348 tissima
1612 2297 1678 2347 sit
1715 2293 1974 2346 ablativus
2013 2295 2282 2364 pertinens
2324 2295 2394 2348 ad

1378 2372 1518 2425 linea
1535 2410 1553 2437 ,
1583 2372 1898 2424 insolentius
1920 2372 2099 2423 fuerit.

1448 2453 1501 2503 3.
1523 2449 2155 2522 Quadripertitam.Goth.
2173 2465 2225 2503 et
2244 2453 2387 2505 Jens.

1377 2528 1509 2602 (tac.
1553 2529 1750 2602 Gesn.)
1789 2529 2223 2603 quadripartitam
2267 2547 2390 2584 cum

1376 2609 1498 2661 edd.
1514 2624 1706 2681 preter
1720 2609 1847 2663 Bad.
1871 2623 1923 2662 et
1941 2612 2090 2663 Cerv.
2114 2623 2237 2663 ante
2257 2611 2394 2685 Gry-

1375 2689 1560 2762 phium
1573 2692 1703 2742 meis
1715 2689 1980 2742 omnibus.
1994 2692 2208 2743 Ceu-tam
2219 2708 2392 2761 gram·

1376 2771 1557 2821 matici
1580 2768 1649 2821 de
1671 2772 1875 2821 ratione
1898 2785 2058 2821 voces
2082 2769 2243 2822 hasce
2262 2772 2393 2822 scri-

1377 2847 1541 2900 bendi
1571 2869 1586 2910 ;
1633 2847 1881 2918 equidem
1926 2868 1957 2899 e
1996 2863 2173 2900 veram
2217 2863 2352 2920 puto
2373 2890 2389 2917 ‚

1379 2930 1633 2999 quoniam
1656 2931 1710 2980 in
1729 2945 1907 2999 expers
1930 2941 1983 2980 et
2006 2941 2088 2979 tot
2111 2927 2224 2980 aliis
2249 2947 2392 2981 com-

1375 3009 1564 3079 positis
1583 3008 1639 3058 in
1658 3024 1688 3059 e
1705 3006 1815 3059 abit
1834 3026 1884 3059 a.
1901 3006 2037 3061 Vide
2054 3009 2389 3078 Duasquium

1376 3088 1434 3138 in
1471 3084 1704 3156 orthogr.
1747 3086 1838 3155 qui
1879 3083 1979 3137 sibi
2021 3104 2131 3138 non
2170 3099 2389 3157 prorsus

1378 3177 1603 3216 constat.
1640 3166 1738 3216 Hie
1768 3163 1981 3235 quidem
2010 3167 2181 3217 caeteri
2216 3165 2386 3218 Codd.

1377 3242 1624 3300 videntur
1640 3261 1670 3294 e
1691 3241 1835 3294 dare.
1857 3239 1991 3294 Vide
2008 3245 2076 3309 V,
2102 3242 2192 3310 14,
2216 3242 2275 3311 5,
2295 3243 2388 3296 ubi

1377 3322 1620 3395 plerique
1647 3321 1769 3375 libri
1795 3319 1921 3374 dant
1945 3341 1995 3373 a.
2029 3349 2103 3361 --
2128 3324 2236 3375 RR.
2266 3341 2325 3390 a,
2353 3325 2387 3378 3

1378 3415 1432 3455 et
1441 3400 2082 3474 Caurqquadripertitam.
2098 3403 2160 3453 R.
2185 3419 2231 3469 ι,
2244 3403 2386 3470 Cn„

1379 3481 1833 3554 quadripartitam.
1864 3483 1956 3532 En.

1451 3558 1501 3626 4.
1524 3559 1698 3610 Tertia
1713 3558 2080 3612 honestissima.
2096 3561 2167 3612 Ut
2173 3560 2391 3632 furatus

1379 3656 1429 3690 es
1473 3637 1728 3690 Damonis
1766 3655 2001 3710 caprum.
2045 3639 2201 3701 Nom
2239 3658 2388 3692 meus

1381 3720 1522 3770 enim
1557 3717 1647 3770 ille
1682 3718 1799 3769 fuit.
1837 3713 2135 3770 Homicidia
2174 3735 2287 3770 reus
2321 3737 2386 3771 es.

1381 3798 1531 3859 Nom
1558 3798 1680 3868 quie
1710 3798 1753 3848 is
1778 3809 2030 3868 tyrannus
2054 3797 2153 3850 fuit
2169 3833 2187 3862 ,
2217 3810 2308 3849 aut
2334 3800 2388 3849 in

1381 3875 1641 3928 adulterio
1685 3874 2078 3946 deprehensus,
2110 3887 2203 3927 aut
2243 3878 2390 3947 prior

1381 3956 1485 4006 vim
1517 3954 1711 4006 intulit.
1745 3955 1810 4005 Et
1843 3952 1955 4006 hee
1983 3955 2136 4005 tertia
2164 3955 2387 4025 qualitas

1383 4045 1478 4084 est.
1499 4035 1666 4084 Tuan.
2378 4058 2386 4070 ·

1457 4109 1504 4160 5.
1543 4110 1699 4160 Hinc.
1734 4109 1907 4160 Guelf.
1948 4122 1999 4162 et
2035 4111 2211 4163 Turio.
2253 4112 2385 4178 Hic,

1386 4206 1508 4240 cum
1537 4189 1687 4240 Bern.
1712 4186 1874 4240 Goth.
1903 4200 1954 4241 et
1977 4191 2120 4242 Jens.
2150 4188 2387 4261 (tacente
