3200 5150
756 522 1407 593 INSTITUTIONIS
1441 525 1697 593 ORAT.
1738 528 1900 593 LIB.
1940 530 2005 610 1,
2045 529 2107 596 6.

2359 529 2478 597 155

388 662 646 749 qunt1:
677 648 1204 722 inveniebamus
1234 650 1461 723 simile
1494 650 1659 724 huic
1679 708 1699 741 ,
1733 654 2030 740 cadunt;
2062 652 2225 726 inde
2257 655 2484 754 prima

391 764 944 867 positio,etiamsi
965 787 1293 840 vetustate
1319 767 1721 858 exoleverat,
1751 771 2149 869 apparebat,
2172 799 2381 870 paqO,
2410 792 2488 843 ut

392 882 804 970 cado;unde
830 910 974 955 non
1006 904 1148 955 erat
1172 883 1471 955 dubium
1499 885 1594 956 sic
1614 893 1851 987 pepiqi
1865 912 1992 957 nos
2009 885 2233 957 dicere
2250 940 2268 975 ,
2286 906 2363 957 ut
2386 912 2487 956 ce·

392 997 701 1070 cidi.Sed
716 998 1246 1070 meminerimus
1262 1026 1403 1071 non
1422 1024 1547 1099 per
1557 1001 1797 1072 omnia
1813 1000 1975 1073 duci
1991 1001 2338 1100 analoqioe
2347 1028 2492 1100 pos-
2531 1032 2551 1067 1
2563 1031 2590 1065 2

389 1137 462 1183 se
492 1112 864 1201 rationem,
895 1140 1120 1212 quum
1145 1114 1451 1214 sibiipsa
1476 1114 1798 1214 plurimis
1827 1116 1901 1187 in
1931 1116 2097 1188 locis
2128 1137 2487 1216 repugnet.

393 1226 742 1317 Quaedam
780 1226 927 1299 sine
967 1227 1232 1300 dubio²
1266 1249 1610 1301 conantur
1650 1229 1899 1303 eruditi
1928 1229 2339 1318 defendere,
2376 1250 2490 1319 ut,

394 1367 622 1441 quum
657 1342 1168 1441 deprehensum
1199 1365 1335 1433 est,
1374 1343 1557 1446 lepus
1590 1365 1659 1417 et
1692 1344 1889 1445 lupus
1917 1345 2127 1418 simili
2155 1345 2493 1445 positione

393 1477 741 1558 quantum
785 1458 1056 1530 casibus
1086 1459 1540 1561 numerisque
1579 1460 2025 1551 dissentiant,
2073 1460 2166 1532 ita
2203 1487 2496 1561 respon-

392 1640 614 1695 tinitatis
636 1641 782 1693 vitio.
812 1640 979 1695 Codd.
998 1681 1014 1710 ,
1045 1657 1302 1716 quantum
1323 1647 1398 1698 vi-
1485 1644 1589 1698 bus
1624 1664 1688 1697 eo
1724 1645 2051 1715 significatu,
2086 1662 2194 1717 quo
2227 1658 2306 1697 est
2331 1648 2498 1699 Fran-

394 1720 498 1774 deo
516 1759 533 1787 ,
558 1732 714 1772 recte.

476 1818 520 1852 1.
549 1801 787 1873 Paqunt,
817 1814 870 1854 et
900 1820 1023 1854 mox
1041 1822 1196 1877 paqo.
1222 1804 1397 1857 Guelf.

392 1891 646 1952 pac-unt...
677 1899 827 1952 paco.
863 1883 942 1934 lta
979 1901 1192 1955 quoque
1228 1883 1397 1937 Codd.

397 1957 546 2011 Bodl.
562 1957 699 2012 Alm.
719 1962 874 2012 Voss.
904 1979 922 2012 1
942 1999 958 2025 ,
980 1961 1040 2027 3,
1064 1974 1115 2012 et
1134 1961 1215 2013 ed.
1236 1961 1400 2015 Andr.

396 2036 618 2089 Accedit
643 2039 865 2111 propius
890 2039 957 2090 ad
978 2039 1301 2092 Tabularum
1325 2042 1403 2115 ip-

398 2134 575 2167 sarum
610 2118 924 2190 scripturam
939 2157 956 2186 ,
999 2117 1093 2170 sed
1130 2118 1406 2172 obscurior

398 2194 459 2246 fit
504 2193 745 2265 analogia
765 2234 783 2263 ,
843 2214 1004 2268 quare
1055 2199 1228 2270 ipsum
1270 2211 1403 2271 puto

401 2274 785 2343 Quintilianum
808 2296 918 2328 non
940 2279 1292 2330 vetustissima
1316 2276 1405 2330 illa

400 2353 572 2405 forma
604 2353 849 2410 extulisse
877 2354 981 2408 hoc
1014 2355 1135 2408 loco
1167 2356 1405 2408 vocabu-

402 2433 541 2503 lum,
558 2435 653 2487 sed
668 2435 766 2487 alia
781 2435 1002 2509 paulum
1013 2436 1232 2489 mollita.
1252 2438 1409 2490 Scau-

400 2533 491 2566 rus
512 2514 578 2567 de
604 2514 978 2590 orthographia
1000 2517 1218 2588 figuram
1237 2520 1409 2592 ipsam

403 2597 821 2668 antiquissimam
857 2596 1038 2649 litterae
1070 2598 1117 2650 G
1132 2637 1149 2666 ,
1187 2598 1409 2651 similem

402 2674 480 2728 illi
510 2676 553 2729 C
571 2715 588 2744 ,
610 2677 685 2748 ,in
722 2678 1077 2730 monumentis
1114 2690 1409 2744 exaratam,

407 2755 573 2808 credit
591 2756 796 2808 fontem
816 2759 1031 2825 erroris,
1053 2777 1158 2830 quo
1178 2776 1413 2830 pronun-

407 2837 590 2887 ciarint
626 2846 830 2907 pacunt
872 2836 1006 2888 male
1046 2855 1144 2908 pro
1184 2846 1406 2910 paqunt.

406 2913 521 2986 Yid.
548 2913 759 2966 Putsch.
790 2914 957 2980 2253,
983 2914 1074 2966 ubi
1096 2934 1195 2988 pro
1225 2916 1413 2967 Canu-

407 2991 479 3043 tio
493 2992 608 3063 lege
627 2992 849 3045 Carvilio
857 3032 875 3060 ‚
901 2997 991 3065 qui
1003 2996 1202 3066 primus
1218 2996 1412 3046 invexit

406 3069 505 3123 litt.
527 3072 589 3124 G.
616 3069 719 3126 vid.
741 3074 875 3125 Plut.
899 3075 1001 3142 Qu.
1028 3075 1090 3125 R.
1115 3093 1171 3145 p.
1200 3090 1299 3143 277
1319 3112 1335 3142 ,
1360 3087 1413 3126 et

406 3151 609 3204 Villois.
631 3155 687 3206 in
704 3153 940 3206 Dian-iba
960 3174 1013 3226 p.
1044 3154 1158 3225 167.
1179 3182 1250 3196 --
1268 3155 1329 3206 R.
1359 3172 1376 3206 1
1395 3193 1412 3222 ,

400 3244 667 3306 paqescet,
691 3247 742 3285 et
759 3244 959 3305 pacunt
975 3236 1030 3285 in
1050 3234 1297 3304 margine.
1323 3233 1412 3286 Nil

406 3311 561 3363 video
583 3312 708 3383 quid
729 3315 803 3365 rei
820 3311 873 3364 h.
895 3313 930 3364 l.
955 3312 1045 3365 tali
1065 3313 1411 3384 disputationi

407 3391 587 3444 locum
610 3392 857 3466 praebeat.
879 3395 1095 3446 Veteres
1121 3391 1295 3445 dixere
1315 3412 1412 3465 pa·-

407 3483 551 3537 cunt,
563 3471 665 3523 vid.
678 3472 809 3524 Tab.
826 3469 1001 3543 legum
1015 3494 1029 3536 ;
1049 3485 1173 3545 post
1188 3483 1412 3545 paqunt;

409 3549 623 3603 demum
655 3561 928 3624 pangunt,
968 3552 1205 3624 perfecto
1236 3550 1415 3623 pepigi

408 3629 598 3682 eodem
622 3644 885 3682 manente.
908 3633 1003 3684 En.
1027 3662 1099 3673 -
1120 3631 1197 3683 Ni
1224 3630 1296 3680 ita
1316 3649 1412 3702 pa-

404 3717 556 3779 quut.
580 3707 699 3760 vid.
726 3708 977 3762 Baebium
999 3713 1054 3763 in
1076 3711 1305 3762 Historia
1322 3713 1412 3782 ju-

407 3784 769 3857 risprudentiae
796 3790 1043 3841 Romame
1058 3827 1076 3856 ,
1098 3808 1150 3860 p.
1186 3787 1284 3855 26,
1323 3789 1414 3860 qui

411 3883 475 3915 ex
511 3864 842 3918 Gothofredo
879 3870 952 3919 ita
988 3870 1229 3940 exprimit
1266 3866 1412 3920 hunc

410 3942 590 3995 locum
609 3943 715 3995 tab.
737 3947 785 4011 1,
806 3965 947 3997 num.
971 3947 1021 3998 3.
1043 3949 1180 4000 Nln
1200 3963 1414 4000 φαεινῇ-1·

408 4024 513 4078 vid.
539 4046 594 4098 p.
621 4023 721 4092 483
745 4024 852 4077 tab.
873 4029 993 4079 Vll:
1020 4044 1073 4078 m
1092 4045 1197 4081 οτι
1219 4045 1287 4081 Eo
1308 4044 1413 4081 rn-

411 4130 512 4166 crr.
532 4109 651 4164 vid.
677 4113 789 4165 init.
816 4123 969 4162 notae.

486 4213 534 4249 2.
556 4196 681 4249 Sine
700 4195 872 4248 dubie.
902 4195 992 4247 Hae
1008 4212 1166 4247 voces
1179 4198 1413 4265 jungun-

415 4287 501 4326 tur
522 4294 659 4350 soepe
683 4294 716 4332 a
735 4278 932 4332 Nostro
959 4278 1187 4348 ejusque¹
1201 4272 1413 4344 aequali·

1488 1723 1819 1796 cogallorum
1840 1742 1957 1776 sans
1986 1723 2171 1789 doute,
2214 1742 2376 1795 quum
2413 1727 2498 1777 in-

1490 1801 1789 1854 troducitur
1811 1802 2086 1874 exceptio,
2124 1800 2218 1853 sed
2243 1821 2356 1873 quae
2387 1822 2498 1857 non

1491 1900 1605 1934 esse
1635 1884 1812 1951 magni
1835 1882 2089 1933 momenti
2114 1880 2305 1935 deinde
2330 1896 2502 1936 osten·

1492 1959 1649 2012 datur
1659 1999 1676 2028 ‚
1691 1961 1784 2013 ubi
1799 1974 2094 2033 sequuntur
2104 1961 2375 2033 particulae
2385 1963 2498 2027 sed,

1490 2051 1665 2091 autem
1682 2079 1700 2106 ,
1723 2050 1896 2091 tamen
1912 2079 1930 2107 ‚
1953 2053 2094 2091 retro
2115 2054 2412 2114 spectantes
2432 2041 2503 2094 ad

1491 2118 1625 2171 illud
1646 2119 1755 2171 sine
1776 2119 1963 2182 dubim·
2002 2132 2082 2171 est
2103 2137 2229 2193 ergo
2257 2138 2355 2191 pro
2380 2120 2502 2193 qui-

1493 2198 1629 2250 dem.
1651 2200 1726 2249 lta
1748 2197 1835 2250 hic
1858 2200 2100 2270 sequenti
2120 2199 2167 2266 S.
2190 2197 2284 2248 Illi
2297 2209 2501 2259 autem,-

1494 2277 1731 2347 et§.14,
1754 2287 1943 2330 tamen.
1967 2278 2050 2330 Sic
2069 2280 2119 2345 l,
2141 2277 2204 2345 6,
2225 2278 2328 2331 38:
2356 2302 2377 2324 ιι
2396 2278 2506 2330 sin-e

1503 2378 1525 2402 α
1544 2356 1756 2408 dubio...
1777 2356 1879 2408 sed.
1902 2380 1925 2403 a·
1949 2358 2022 2423 Π,
2049 2355 2140 2423 15,
2165 2356 2225 2420 6;
2253 2374 2426 2429 «quos
2444 2355 2508 2407 si·

1503 2458 1525 2482 α
1542 2455 1608 2487 ne
1629 2435 1782 2487 dubio
1800 2437 1916 2509 ipse
1935 2455 2046 2489 non
2063 2436 2311 2508 probat»,
2328 2454 2507 2508 quam·

1498 2524 1658 2589 quam
1693 2515 1769 2568 ibi
1809 2536 1920 2569 non
1961 2518 2199 2589 sequitur
2239 2518 2505 2588 corrigens

1496 2596 1755 2672 particula
1772 2635 1789 2664 ,
1813 2611 1890 2650 est
1909 2599 2068 2669 igitur
2086 2597 2390 2670 simpliciter
2404 2615 2505 2670 pro

1498 2687 1691 2727 tamen.
1714 2678 1780 2742 V,
1802 2692 1831 2746 7
1849 2713 1865 2742 ,
1894 2677 1959 2728 28
1976 2715 1993 2742 ,
2024 2699 2045 2722 α
2064 2677 2173 2728 sine
2191 2675 2401 2728 dubio...
2425 2686 2507 2726 ta-

1497 2773 1637 2807 men.
1659 2777 1681 2801 n
1709 2756 1775 2821 V,
1803 2770 1897 2820 10,
1923 2753 1989 2807 53
2006 2791 2022 2818 ,
2045 2754 2154 2806 sine
2171 2753 2382 2806 dubio...
2403 2753 2502 2806 sed.

1497 2835 1642 2898 Vm,
1664 2833 1727 2899 3,
1748 2831 1844 2900 67,
1866 2832 1975 2884 sine
1987 2831 2198 2884 dubio...
2215 2831 2316 2884 sed.
2339 2832 2510 2884 Aliam

1498 2931 1716 2988 prorsus
1736 2914 1843 2963 vim
1861 2910 2024 2963 habet
2047 2914 2097 2978 1,
2132 2929 2223 2979 ιο,
2259 2931 2349 2980 12,
2380 2934 2402 2958 α
2423 2931 2509 2964 ac·

1508 3014 1530 3038 κ
1550 3005 1760 3063 ceptam
1778 2991 1888 3042 sine
1907 2989 2062 3042 dubio
2082 2992 2374 3062 antiquitus
2394 2992 2509 3064 opi-

1506 3092 1529 3116 «
1551 3072 1782 3122 nionem.
1793 3094 1815 3117 a
1836 3069 1929 3122 ubi
1943 3068 2251 3141 simpliciter
2265 3069 2506 3122 affirmat.

1499 3151 1692 3201 Prior-is
1711 3150 1918 3219 generis
1937 3147 2069 3201 locis
2088 3147 2374 3222 Gedoynus
2393 3148 2510 3221 ple-

1501 3246 1725 3300 rumque
1765 3240 1908 3279 recte
1952 3228 2204 3300 expressit
2225 3249 2237 3277 ε
2297 3249 2320 3273 ι
2347 3227 2404 3279 11
2440 3237 2512 3280 est

1506 3330 1529 3354 ι
1553 3308 1718 3360 urai...
1748 3325 1864 3359 sans
1895 3307 2106 3359 doute...
2137 3307 2170 3358 ὁ
2208 3306 2260 3360 la
2295 3308 2507 3360 υένὶεέ...

1508 3410 1531 3434 ιι
1550 3391 1695 3460 apres
1724 3397 1852 3439 tout.
1878 3411 1901 3434 a·
1929 3380 2200 3440 Interdum
2223 3402 2398 3440 tamen
2423 3408 2512 3440 ne·

1501 3468 1694 3539 glexit,
1729 3488 1779 3520 v.
1805 3487 1853 3520 c.
1883 3471 1964 3536 V,
1997 3483 2027 3537 7
2046 3506 2063 3535 ,
2094 3467 2194 3534 28,
2226 3486 2336 3520 non
2358 3467 2508 3519 nullo

1504 3549 1771 3620 elegantia:
1788 3547 2120 3601 detrimento.
2143 3548 2380 3600 Alterum
2396 3567 2510 3600 sen-

1504 3648 1624 3682 sum
1653 3642 1793 3683 recte
1818 3631 1984 3681 tenuit
2007 3630 2061 3695 1,
2097 3644 2190 3696 ιο,
2228 3646 2316 3695 12,
2340 3647 2509 3700 appa-

1502 3729 1726 3761 remmen
1735 3720 1768 3761 t.
1784 3711 1932 3761 Prior
1945 3728 2014 3761 an
2029 3708 2170 3779 apud
2182 3709 2508 3775 Ciceronem,

1501 3791 1722 3861 ejusque
1745 3788 1970 3860 aequales
2000 3788 2322 3853 inveniatur,
2356 3787 2508 3858 equi-

1502 3867 1624 3920 dem
1648 3888 1758 3921 nou
1781 3867 2015 3920 dixerim.
2040 3868 2140 3917 Vix
2157 3880 2333 3918 tamen
2353 3879 2504 3937 puto.

1499 3946 1646 4000 idem
1665 3966 1793 4000 usus
1816 3949 1871 3999 in
1893 3945 2181 4000 Declamm.
2204 3946 2307 4015 Qu.
2334 3947 2430 4013 111,
2449 3965 2502 4018 p.

1498 4025 1620 4098 (ed.
1658 4024 1807 4098 Bip.)
1843 4025 1911 4092 48
1931 4063 1948 4092 ,
1988 4046 2010 4070 α
2033 4024 2142 4077 sine
2175 4023 2388 4077 dubio...
2429 4035 2505 4076 ta-

1507 4129 1529 4152 «
1550 4124 1670 4156 men
1690 4128 1738 4168 »ς
1753 4125 1807 4178 p.
1833 4102 1949 4171 166,
1971 4102 2505 4167 «sinedubio...sed·‚·

1500 4206 1554 4257 p.
1584 4201 1673 4253 ¹71
1692 4223 1709 4251 ,
1736 4205 1758 4229 α
1778 4185 1888 4235 sine
1912 4181 2134 4235 dubio...
2161 4196 2336 4237 tamen
2357 4208 2379 4233 ιι
2403 4183 2510 4238 bis.

1498 4285 1554 4339 p.
1577 4265 1679 4320 312
1697 4303 1714 4333 ,
1745 4287 1767 4312 α
1787 4266 1899 4318 sine
1920 4261 2140 4319 dubio...
2162 4278 2356 4318 tamen.
2377 4290 2400 4314 ι
