3200 5150
876 477 1003 557 324

1310 447 1325 468 ⁸
1436 473 1532 538 M.
1570 472 1797 568 men
1833 424 2387 555 QIleTILlANI

868 625 977 671 res
1015 597 1186 669 duas
1214 596 1289 668 in
1325 596 1525 668 omni
1558 614 1716 668 actu
1754 614 2011 694 spectet
2040 615 2286 686 orator,
2315 596 2484 695 quid
2508 595 2760 684 deceat,
2788 598 2943 698 quid

868 714 1247 814 expediav.
1288 711 1582 811 Expedit
1605 732 1849 786 autem
1889 737 2102 809 saepe,
2134 732 2402 786 mutare
2423 738 2519 784 ‹ex
2548 710 2669 802 illo
2708 712 2940 785 consti-

866 850 1017 901 tuto
1061 828 1446 926 traditoque
1495 827 1737 899 ordine
1781 826 2050 925 aliqua,
2086 848 2153 899 et
2187 826 2464 899 interim
2507 827 2735 917 decet;
2769 849 2843 899 ut
2873 829 2938 900 in

864 942 1144 1028 statuis²
1178 963 1384 1042 atque
1414 942 1696 1040 picturis
1722 941 2039 1014 videmus
2069 940 2313 1013 variari
2344 942 2654 1033 habitus,
2690 941 2940 1032 vultus,

862 1077 1107 1147 status3
1130 1085 1300 1132 nam
1320 1057 1483 1129 recti
1505 1056 1792 1154 quidem
1818 1057 2121 1155 corporis
2139 1054 2247 1128 vel
2267 1056 2563 1130 minima
2587 1057 2802 1156 gratia
2823 1078 2939 1147 est;

790 1201 825 1253 9
863 1199 1120 1271 nempe
1152 1170 1389 1245 enim³
1425 1171 1707 1244 adversa
1738 1171 1823 1243 sit
1851 1173 2092 1263 facieS,
2124 1194 2193 1244 et
2217 1172 2513 1244 demissa
2539 1171 2858 1262 brachia,
2883 1191 2948 1244 et

849 1287 1081 1388 juncti
1117 1287 1362 1386 pedeS,
1402 1307 1469 1358 et
1504 1314 1546 1358 a
1581 1287 1879 1360 summis
1912 1287 2000 1359 ad
2038 1287 2182 1359 ima
2215 1286 2443 1386 rigens
2486 1313 2697 1386 opus:
2737 1286 2938 1359 flexus

856 1401 1010 1493 ille,
1051 1424 1149 1492 et,
1186 1421 1264 1473 ut
1299 1401 1394 1474 sic
1433 1401 1724 1474 dixerim
1738 1399 1796 1491 4,
1837 1422 2100 1492 motuS,
2139 1402 2257 1474 dat
2292 1423 2526 1475 actum
2571 1400 2941 1499 quemdam

857 1515 1182 1606 effictis⁵;
1220 1516 1414 1608 ideo,
1444 1544 1573 1589 nee
1608 1518 1699 1589 ad
1733 1544 1961 1590 unum
1993 1517 2289 1590 modum
2316 1519 2628 1589 formatae
2663 1543 2940 1608 manus,

854 1666 1168 1736 virgilianus
1193 1668 1307 1718 AEn.
1334 1667 1432 1734 ΠΙ,
1456 1666 1589 1733 436,
1613 1666 1709 1719 sed
1731 1685 1861 1718 con-

853 1746 997 1799 sulto
1021 1757 1279 1796 mutatum
1299 1745 1579 1816 proedt‘cam
1603 1746 1863 1817 inproeci-

848 1826 1014 1896 piam.
1053 1823 1187 1875 Illud
1220 1822 1418 1890 levius,
1450 1823 1594 1894 quod
1630 1833 1682 1874 et
1718 1824 1860 1896 apud

851 1901 1145 1972 Virgilium,
1162 1919 1272 1953 non
1285 1919 1362 1953 ac.
1374 1932 1445 1941 —
1455 1902 1757 1975 Itemmque
1771 1903 1862 1954 ite·

854 2000 1088 2056 rumque.
1108 1980 1281 2033 Guelf.
1304 1995 1357 2032 et
1374 1982 1550 2033 Turic.
1569 1982 1732 2034 semel
1754 1995 1862 2035 tan·

857 2073 997 2127 tum,
1021 2060 1179 2112 solito
1204 2078 1396 2112 errore.

932 2156 977 2190 1.
1020 2138 1159 2207 Quid
1198 2138 1403 2203 deceat,
1438 2136 1568 2209 quid
1602 2137 1857 2210 expediat.

854 2217 1001 2270 Idem
1028 2219 1265 2289 praecipit
1287 2218 1471 2269 Cicero
1496 2216 1676 2269 multis
1699 2218 1755 2268 in
1777 2215 1861 2268 lo-

855 2298 959 2359 cis;
980 2295 1091 2347 scil.
1115 2309 1172 2347 ut
1191 2295 1488 2360 videamus,
1507 2294 1637 2366 quid
1658 2293 1858 2360 deceat,

855 2374 984 2448 quid
997 2373 1262 2445 expediat.-
1282 2373 1505 2425 alterum
1523 2372 1590 2424 ad
1606 2372 1862 2425 decorum

855 2455 1111 2526 pertinet,
1132 2462 1191 2502 ut
1208 2450 1385 2502 omnia
1405 2451 1547 2502 rebus
1568 2461 1619 2501 et
1636 2452 1865 2521 personis

854 2531 1021 2584 debite
1036 2527 1306 2602 aptentur,-
1327 2526 1550 2581 alterum
1571 2527 1643 2581 ad
1665 2528 1864 2583 utilita-

857 2624 965 2663 tem
988 2626 1169 2662 causoe.
1195 2611 1286 2662 En.

932 2707 980 2740 2.
1010 2688 1121 2739 Ut
1103 2707 1156 2739 m
1175 2686 1390 2740 statuis..
1399 2696 1612 2738 ..status
1639 2689 1863 2740 Restitui

857 2768 1325 2820 vetustissimarum
1342 2765 1453 2817 fere
1472 2764 1764 2817 editionum
1784 2765 1863 2818 di-

856 2847 1234 2919 remptionem,
1247 2858 1308 2896 ut
1321 2844 1463 2896 decet
1473 2846 1755 2897 referretur
1769 2864 1862 2898 eo-

857 2925 983 2977 dem
1021 2944 1127 3013 quo
1163 2924 1398 2995 expedit,
1432 2942 1543 2975 non
1580 2937 1760 2976 autem
1793 2922 1864 2976 ad

858 3003 1082 3068 vadari,
1110 3002 1256 3073 quod
1279 3001 1567 3073 equidem'
1545 3020 1716 3073 jungo
1741 3020 1864 3053 cum

856 3082 1107 3134 videmus.
1137 3080 1220 3133 Sic
1249 3092 1302 3130 et
1323 3079 1642 3152 Gedoynus;
1667 3082 1753 3131 cui
1781 3093 1864 3132 ta-

858 3178 983 3211 men
1009 3177 1123 3211 non
1150 3159 1423 3224 assentior,
1453 3157 1597 3228 quod
1632 3158 1864 3210 habitum

856 3237 1117 3291 intellexit
1134 3238 1407 3302 vestitum,
1429 3255 1749 3309 quamquam
1768 3241 1868 3309 sig.

862 3316 1195 3382 nificatione,
1209 3333 1382 3387 neque
1398 3313 1466 3366 ab
1486 3329 1638 3368 aetate
1657 3318 1864 3383 Nostri,

862 3414 1037 3467 neque
1065 3394 1133 3446 ab
1161 3397 1277 3467 ipso
1293 3433 1311 3461 ,
1338 3393 1525 3446 aliena.
1556 3394 1661 3447 Sed
1682 3398 1866 3447 avertit

862 3494 949 3526 me
965 3474 1032 3526 ab
1045 3473 1133 3526 illa
1148 3477 1351 3525 ratione
1366 3486 1553 3544 praeter
1566 3472 1668 3524 alia
1687 3471 1837 3527 locus
1847 3513 1866 3542 ,

862 3552 959 3606 uhi
980 3556 1105 3604 item
1124 3553 1345 3623 pictura.
1372 3553 1471 3617 XI,
1491 3552 1552 3617 3,
1576 3552 1644 3622 67
1664 3573 1675 3605 ι
1709 3574 1732 3598 κ
1749 3556 1867 3626 pic-

870 3655 894 3679 ιι
914 3646 1031 3684 tura
1055 3646 1235 3683 tacens
1260 3650 1394 3702 opus
1419 3644 1472 3682 et
1499 3630 1699 3685 habitus
1726 3650 1864 3687 sem-

869 3732 894 3757 ·
912 3729 1009 3783 per
1041 3708 1294 3781 ejusdem.
1316 3732 1339 3757 n
1377 3710 1712 3782 Quamquam
1743 3730 1867 3764 mox

867 3790 914 3860 §-
947 3806 1038 3853 ιο,
1069 3811 1090 3833 α
1112 3785 1309 3839 nuda...
1334 3788 1520 3840 velata.
1544 3813 1567 3836 n

938 3868 988 3920 3.
1020 3868 1222 3938 Nempe
1248 3867 1403 3917 enim.
1433 3870 1511 3918 Ita
1537 3865 1711 3918 Guelf.
1744 3885 1866 3921 cum

865 3944 1026 3999 Goth.
1040 3959 1093 3997 et
1100 3961 1273 3998 vetere
1283 3945 1606 4012 Florentino,
1618 3958 1676 3997 ut
1683 3945 1868 4001 videor

866 4024 1114 4094 colligere
1135 4044 1164 4076 e
1181 4026 1330 4094 Regii
1349 4038 1502 4091 nota,
1522 4028 1646 4077 item
1665 4028 1867 4079 Britan-

866 4104 998 4155 nicis
1020 4100 1203 4154 tribus.
1230 4102 1412 4154 Caeteri
1435 4103 1771 4173 negliguntur
1786 4105 1865 4156 fe-

868 4202 925 4234 re
948 4201 978 4234 a
1002 4181 1394 4237 conferentibus
1422 4180 1511 4251 (ut
1533 4185 1707 4237 Turic.
1739 4183 1861 4236 sile—

1950 1666 2076 1738 tur),
2092 1669 2192 1719 nisi
2209 1666 2354 1738 quod
2368 1666 2505 1719 Alm.
2522 1683 2689 1737 neque
2701 1664 2830 1718 dare
2841 1683 2944 1717 nar·

1941 1758 2111 1820 vratur.
2151 1743 2283 1796 Edd.
2321 1757 2445 1817 post
2482 1746 2702 1813 Regium
2741 1759 2796 1796 ει
2835 1757 2946 1796 ante

1951 1843 2074 1877 eum
2094 1842 2337 1895 quoque,
2357 1837 2416 1875 ut
2433 1824 2788 1889 Tarvisinam,
2808 1822 2946 1875 obse·

1950 1901 2029 1954 dit
2048 1919 2239 1973 neque,
2258 1899 2406 1972 quod
2419 1903 2582 1952 suasit
2595 1902 2809 1970 Regius.
2830 1904 2946 1953 Reo-

1952 1982 2148 2033 tissime
2176 1980 2394 2032 Gesner.
2430 1982 2695 2032 revocavit
2725 1995 2944 2033 veterem

1933 2057 2292 2132 scripturam,
2317 2077 2430 2130 quae
2455 2060 2554 2110 fuit
2578 2061 2740 2110 etiam
2762 2059 2879 2112 Aldi
2900 2072 2946 2111 et

1949 2137 2158 2191 videtur
2174 2138 2466 2190 Andreanae
2485 2138 2666 2189 fuisse.
2681 2138 2848 2205 Quod
2866 2156 2949 2189 au·

1951 2232 2058 2270 tem
2076 2219 2432 2270 Bur-mannum
2448 2218 2497 2268 ei
2511 2217 2688 2269 favere
2707 2230 2888 2289 putat,
2900 2219 2952 2268 in

1951 2315 2016 2349 eo
2052 2296 2265 2367 quidem
2301 2294 2500 2347 fallitur
2534 2293 2705 2366 (quod
2735 2295 2949 2348 Lochm.

1951 2393 2166 2447 quoque
2191 2373 2610 2445 animadvertit),
2638 2392 2818 2426 errore
2845 2376 2951 2426 for-

1951 2467 2091 2506 tasse
2107 2452 2316 2524 legendi
2327 2446 2384 2505 eci
2397 2472 2600 2524 nempe,
2611 2472 2711 2525 pro
2727 2472 2798 2505 eo
2815 2452 2950 2525 quod

1953 2545 2033 2585 est
2053 2533 2121 2600 τᾷ
2144 2550 2394 2605 nempe,
2388 2534 2441 2585 in
2464 2545 2592 2584 nota
2615 2534 2793 2585 Burm.
2819 2533 2951 2588 Male

1950 2611 2053 2666 ab
2038 2613 2130 2677 tis,
2147 2615 2237 2682 qui
2250 2630 2374 2664 cum
2386 2594 2551 2681 Regio
2563 2614 2847 2680 sentirent,
2863 2631 2950 2664 ac·-

1950 2703 2139 2762 ceptus
2166 2691 2268 2741 fuit
2291 2691 2660 2761 conjunctivus
2682 2691 2750 2743 sit
2769 2694 2952 2784 praeci-

1949 2768 2131 2860 piendi
2153 2786 2340 2836 sensu,
2364 2787 2529 2840 quum
2551 2768 2682 2820 nihil
2706 2770 2852 2822 aliud
2875 2772 2952 2822 ni-

1951 2850 2023 2914 si,
2046 2847 2209 2919 quid
2194 2866 2250 2899 m
2273 2857 2406 2898 recto
2425 2865 2636 2919 corpore
2655 2851 2950 2902 necessario

1950 2928 2316 2997 appariturum
2329 2927 2396 2978 sit
2405 2963 2423 2991 ,
2437 2925 2782 2980 demonstret.
2800 2927 2955 2997 Quod

1950 3004 2143 3057 Badius
2167 3018 2326 3074 negat
2348 3023 2534 3076 nempe
2553 3004 2735 3057 locum
2759 3007 2954 3060 habere

1952 3096 2076 3135 ante
2101 3083 2271 3148 enim,
2295 3084 2572 3135 immemor
2593 3099 2704 3138 erat
2730 3086 2843 3139 loci
2864 3106 2958 3158 ge-

1952 3163 2113 3228 mini,
2137 3161 2169 3213 l.
2197 3163 2584 3233 VIII,prooem.
2613 3164 2677 3215 6:
2710 3166 2957 3236 «Nempe

1959 3261 1982 3286 ι
2001 3239 2141 3291 enim
2186 3239 2472 3310 plurimum
2511 3242 2566 3291 in
2608 3240 2714 3293 hoc
2760 3243 2956 3297 laboris

1959 3340 1983 3364 α
2004 3316 2355 3371 exhausimus.
2377 3344 2400 3367 n
2423 3321 2627 3393 Nempe
2643 3320 2825 3394 (cujus
2845 3326 2958 3395 qui-

1952 3395 2075 3451 dem
2093 3401 2260 3451 varias
2279 3411 2566 3470 potestates
2586 3419 2650 3452 ex
2673 3419 2788 3454 uno
2811 3403 2958 3454 fonte

1954 3476 2217 3530 deducere
2240 3495 2348 3529 non
2373 3492 2516 3529 caret
2538 3478 2890 3554 difficultate)
2907 3482 2957 3534 h.

1953 3555 1989 3607 l.
2021 3570 2099 3609 est
2125 3555 2433 3609 affirmantis
2460 3573 2584 3608 cum
2609 3574 2864 3629 respectu
2897 3560 2962 3612 ad

1953 3636 2335 3689 antecedentia.
2360 3638 2498 3707 Apte
2520 3636 2817 3692 reddideris
2840 3641 2965 3693 Ger*

1953 3717 2198 3767 manico:
2216 3717 2300 3786 ja.
2325 3744 2399 3755 --
2418 3717 2622 3787 Nempe
2651 3718 2817 3768 enim.
2859 3721 2961 3770 Ea-

1953 3792 2075 3845 dem
2089 3798 2385 3865 junguntur
2405 3794 2473 3846 ab
2494 3808 2710 3849 auctore
2729 3798 2876 3850 Dnl.
2896 3797 2962 3850 de

1954 3891 2088 3924 corr.
2119 3872 2257 3943 eloq.
2275 3910 2292 3939 ,
2320 3892 2366 3925 c.
2397 3872 2466 3926 35
2487 3896 2501 3925 ε
2537 3876 2791 3946 «Nempe
2822 3879 2964 3930 enim

1960 3973 1982 3996 α
2002 3950 2109 4002 duo
2132 3970 2340 4022 genera.
2365 3975 2387 3998 ι

2023 4029 2073 4095 4.
2109 4031 2179 4081 Ut
2197 4030 2271 4082 sic
2294 4029 2530 4081 dixerim.
2555 4031 2832 4099 Quoniam
2855 4035 2965 4104 agit

1953 4105 2019 4160 de
2051 4109 2230 4160 statuis
2253 4121 2305 4160 et
2325 4109 2555 4180 picturis.

2024 4184 2071 4240 5.
2088 4188 2138 4239 E
2126 4184 2312 4261 ffictae's.
2328 4188 2500 4243 Guelf.
2518 4202 2571 4243 et
2582 4191 2760 4245 Turio.
2776 4190 2962 4264 etfac-
