3200 5150
765 422 892 492 568

1332 427 1426 492 Μ.
1467 427 1696 492 FABu
1732 424 2292 509 Qum'rmmm

763 575 980 648 quam
1006 574 1155 622 rem
1180 547 1467 639 dimitti,
1487 578 1645 650 quae
1670 575 1816 622 non
1841 548 1926 620 sit
1944 546 2224 650 propria
2242 546 2675 648 quaestionis,
2697 569 2768 620 et
2788 547 2879 619 de

762 689 845 736 ea
879 663 1222 766 judicari:
1272 692 1314 738 a
1356 665 1618 766 quibus
1663 663 1971 737 multum
2023 663 2385 754 dissenti03
2435 690 2603 735 nam
2648 686 2716 736 et
2760 662 2884 735 illa

765 779 1092 878 quaestio,
1127 780 1243 852 An
1278 806 1540 869 omnes,
1576 786 1700 882 qui
1725 795 2018 881 paterna
2056 778 2268 852 bona¹
2310 784 2887 879 consumpserint,

765 901 1093 969 concione
1127 901 1259 969 sint
1286 893 1747 996 prohibendi?
1782 894 2038 966 habeat
2070 915 2342 994 oportet
2372 920 2574 965 suam
2604 892 2886 993 judica-

764 1011 1073 1101 tionem3
1109 1037 1272 1110 ergo
1306 1038 1453 1084 non
1488 1011 1630 1116 alia·
1655 1011 1981 1112 quaestio,
2016 1010 2148 1082 alia
2179 1007 2524 1110 judicatio
2555 1008 2684 1081 erit
2706 1064 2728 1097 ,
2758 1008 2888 1080 sed

766 1125 998 1226 plures
1032 1126 1445 1227 quaestiones
1478 1149 1545 1199 et
1576 1124 1813 1225 plures
1836 1124 2329 1227 judicationes,
2360 1123 2598 1216 Quid?
2626 1150 2776 1196 non
2807 1124 2887 1195 in

767 1269 975 1316 causa
1006 1239 1297 1316 Milonis
1329 1243 1477 1343 ipsa
1511 1242 1913 1343 conjectura
1948 1242 2281 1314 refertur²
2314 1239 2402 1311 ad
2432 1239 2892 1340 qualitatem?

764 1386 934 1431 nam
963 1358 1018 1430 si
1049 1377 1151 1431 est
1177 1358 1538 1431 insidiatus
1562 1356 1891 1445 Clodius,
1916 1355 2255 1457 sequitur,
2281 1377 2361 1427 ut
2388 1375 2568 1427 recte
2594 1353 2680 1425 sit
2704 1355 2889 1426 occi-

765 1500 918 1564 sus3
951 1491 1179 1574 quum
1204 1494 1365 1545 vero
1406 1461 1489 1545 in·
1514 1473 1826 1573 aliquam
1857 1495 2006 1544 rem
2043 1471 2252 1542 missa
2285 1495 2526 1557 causa,
2561 1488 2631 1540 et
2657 1495 2890 1540 reces-

762 1615 923 1661 sum
956 1609 1058 1661 est
1074 1615 1115 1660 a
1134 1586 1585 1687 quaestione³‚
1609 1615 1765 1687 quae
1785 1584 1975 1660 erat-'4
1997 1586 2402 1658 constituta:
2431 1583 2546 1656 hic
2566 1585 2890 1684 quaestio,

842 1785 887 1819 ι.
930 1769 1082 1820 Bona
1124 1767 1550 1839 compserint.
1595 1767 1772 1820 Guelf.

764 1847 840 1918 (et
867 1860 1050 1899 noster
1080 1848 1143 1899 R.
1175 1846 1230 1918 a)
1255 1847 1302 1898 b.
1331 1857 1771 1919 consumpserunt.

762 1929 1008 1979 Fortasse
1032 1944 1131 1979 nec
1156 1925 1310 1979 male.

839 2024 887 2058 a.
908 2004 1578 2078 Referturadqualitatem.
1593 2007 1771 2058 Turic.

766 2084 1021 2156 referatur
1051 2103 1101 2135 a.
1139 2103 1233 2156 q.,
1273 2103 1397 2136 cum
1432 2083 1571 2137 Alm.
1610 2084 1771 2138 Goth.

762 2167 918 2216 Voss.
946 2164 980 2216 3
1002 2161 1094 2234 (an
1121 2181 1148 2215 a
1163 2161 1218 2234 Ρ)
1233 2162 1369 2216 Van.
1391 2162 1660 2233 (narrante
1679 2166 1774 2216 Ba·

764 2241 880 2312 dio)
902 2254 957 2294 et
981 2240 1102 2293 edd.
1129 2253 1252 2294 ante
1274 2242 1433 2294 Ruso.
1460 2243 1551 2312 qui
1571 2244 1775 2314 primus

767 2320 1111 2374 indicativum
1132 2323 1374 2393 reposuit
1396 2340 1461 2374 ex
1483 2324 1775 2374 correctio·

765 2420 834 2453 ne
856 2401 1022 2472 Regii.
1047 2399 1151 2454 Sed
1170 2400 1288 2453 Ald-
1312 2415 1365 2453 et
1384 2404 1498 2473 ipse
1519 2406 1775 2473 conjunc·

766 2482 949 2531 tivum.
984 2482 1049 2531 Et
1081 2491 1293 2551 proestat
1324 2479 1413 2533 hic
1445 2481 1583 2547 fere,
1611 2499 1778 2552 quum

766 2562 940 2632 possit
963 2561 1136 2631 accipi
1157 2558 1479 2631 potentialis.
1500 2590 1575 2600 -—
1592 2561 1702 2613 ΒΗ.
1732 2577 1777 2628 ι,

773 2657 800 2691 a
815 2678 832 2706 ‚
847 2640 909 2705 3,
924 2639 957 2706 4
977 2654 1028 2691 et
1046 2640 1208 2691 Cum
1222 2676 1240 2705 ‚
1261 2638 1529 2710 referatur.
1550 2641 1705 2692 Certe
1717 2639 1773 2693 h.

768 2718 802 2770 Ι.
825 2722 1096 2791 conjunct.
1114 2717 1661 2791 preferendsidetnr.
1682 2721 1775 2773 En.

842 2800 893 2852 3.
918 2802 1140 2853 Causa...
1160 2818 1193 2850 a
1210 2795 1509 2871 questione.
1528 2801 1708 2852 Turic.
1730 2819 1775 2852 c.

768 2890 842 2931 est
862 2897 904 2930 r.
930 2888 983 2930 et
1001 2898 1031 2931 e
1049 2879 1185 2950 (non
1208 2878 1265 2950 a)
1290 2899 1411 2952 qu.,·
1438 2879 1536 2932 sed
1558 2899 1589 2932 a
1615 2892 1777 2933 manu

769 2956 1005 3011 secunda
1033 2958 1103 3027 τᾷ
1138 2968 1191 3012 et
1224 2962 1640 3032 superscriptum
1673 2970 1775 3027 est,

770 3056 892 3091 cum
919 3038 1095 3092 Guelf.
1126 3051 1179 3091 et
1207 3038 1373 3105 Ala,
1400 3042 1501 3093 nisi
1529 3039 1677 3111 quod
1702 3040 1779 3094 ibi

770 3118 918 3172 nulla
933 3119 1022 3172 τοῗ
1035 3130 1089 3171 et
1105 3122 1366 3172 correctio
1389 3134 1442 3172 et
1458 3140 1492 3171 a
1512 3134 1592 3173 est
1610 3140 1710 3193 pro
1729 3140 1774 3173 e.

770 3200 919 3250 Hanc
940 3200 1114 3269 ipsam
1137 3200 1449 3270 scripturam
1468 3197 1560 3251 dat
1578 3198 1700 3251 Ald.
1727 3213 1780 3252 et

769 3295 950 3348 margo
985 3277 1138 3330 Basil.
1173 3275 1277 3331 Sed
1307 3276 1467 3331 Goth.
1503 3290 1557 3330 et
1581 3280 1773 3331 Joann.

768 3377 812 3409 c.
847 3367 921 3409 est
951 3376 992 3408 r.
1025 3366 1099 3409 est
1128 3376 1179 3408 a.
1213 3376 1299 3429 q.‚
1334 3376 1457 3409 cum
1489 3356 1612 3410 edd.
1647 3362 1777 3411 meis

768 3451 893 3490 ante
923 3440 1115 3504 Ruso„
1139 3440 1230 3508 qni
1261 3440 1462 3509 primus
1493 3437 1646 3507 (vide
1676 3441 1778 3506 Ill,

770 3518 831 3585 8,
850 3517 944 3588 62)
964 3519 1159 3570 omittit
1180 3528 1253 3571 est
1274 3520 1411 3570 inter
1434 3536 1527 3570 rec.
1555 3532 1609 3571 et
1632 3540 1664 3570 a
1678 3557 1697 3585 ‚
1723 3532 1776 3571 et

769 3616 1004 3670 quocum
1022 3598 1197 3650 facere
1218 3597 1422 3651 videtur
1440 3597 1603 3651 Andr.
1625 3601 1775 3652 Hanc

766 3680 1025 3731 rationem
1052 3689 1235 3729 tenent
1262 3676 1454 3729 Badius
1482 3696 1775 3750 omnesque

766 3778 895 3811 meae
937 3770 1061 3809 ante
1105 3757 1398 3820 Stoerium‚
1442 3760 1534 3829 qui
1573 3760 1776 3837 primus

769 3838 871 3890 dat
882 3848 1179 3910 receptam,
1208 3850 1260 3889 et
1287 3839 1454 3907 ipsius
1481 3837 1702 3890 Gesneri
1727 3856 1771 3889 c.

765 3930 905 3971 estet
924 3937 962 3970 r.
984 3937 1033 3968 a.
1055 3936 1108 3990 q.
1128 3915 1258 3972 Obr.
1284 3930 1518 3968 nostram
1538 3918 1774 3988 prenset-t,

768 4014 881 4067 qua:
912 4015 1075 4067 quum
1106 3995 1263 4047 facile
1296 4008 1511 4047 eruatur
1541 4014 1570 4047 e
1602 3995 1771 4049 codd.

767 4075 1043 4145 exemplis,
1065 4073 1227 4127 modo
1247 4075 1423 4146 priore
1442 4072 1564 4126 loco
1579 4085 1652 4127 est
1666 4093 1777 4127 mu·

772 4166 847 4205 tes
876 4155 930 4205 in
958 4163 1008 4204 et
1033 4153 1299 4205 lenissima
1326 4154 1649 4221 mutatione,
1676 4173 1775 4228 op-

1868 1769 1995 1820 tima
2019 1780 2101 1819 est
2121 1768 2262 1832 visa,
2287 1784 2452 1836 quum
2469 1768 2525 1818 in
2547 1764 2764 1835 vulgata
2789 1785 2888 1818 co-

1862 1848 2001 1918 garis
2019 1859 2143 1919 post
2161 1848 2310 1919 prius
2327 1855 2400 1897 est
2417 1847 2645 1898 inserere
2661 1856 2739 1913 et,
2754 1864 2886 1917 pos·

1861 1928 2027 1979 terius
2060 1939 2237 1978 autem
2259 1925 2429 1997 ¹plane
2456 1923 2652 1977 delere.
2681 1954 2758 1965 -
2783 1924 2883 1978 Ed.

1862 2007 2710 2071 Qn.‚mmoet‚mmat.
2735 2006 2804 2058 R.
2835 2022 2882 2071 ι,

1862 2103 2017 2138 causa
2039 2095 2139 2152 est,
2165 2102 2408 2137 recessum
2431 2094 2497 2136 et.
2522 2086 2616 2136 Eu.

1936 2165 1987 2232 4.
2008 2165 2195 2216 Erat...
2212 2162 2444 2236 quoettio.
2463 2161 2640 2214 Guelf.
2661 2173 2779 2214 erat
2799 2162 2888 2214 hie

1863 2243 2146 2295 constituta
2179 2241 2393 2313 questio
2411 2278 2430 2305 ,
2468 2259 2592 2293 cum
2631 2245 2792 2294 Voss.
2840 2259 2886 2294 ι.

1863 2321 2157 2376 sedTuric.
2177 2341 2247 2374 er.
2265 2321 2352 2373 hic
2370 2318 2426 2373 iot
2439 2319 2518 2392 (h.
2535 2340 2582 2373 e.
2599 2321 2742 2386 inde,
2761 2322 2887 2376 vido

1864 2421 2085 2473 prooem.
2119 2401 2187 2474 4)
2212 2412 2373 2454 const.
2396 2419 2500 2473 qun
2519 2420 2548 2453 a
2578 2420 2685 2454 sec.
2713 2422 2888 2456 manu

1867 2484 2283 2555 superscriptum
2299 2481 2372 2549 τᾷ
2388 2479 2450 2532 ὑῒ
2460 2494 2539 2533 est
2552 2492 2618 2532 et.
2639 2485 2887 2555 Apparet

1867 2575 2163 2635 receptam,
2195 2581 2310 2634 qum
2343 2574 2424 2614 est
2455 2562 2509 2613 in
2543 2559 2666 2614 edd.
2701 2566 2888 2616 omni-

1867 2639 1999 2708 bm,
2023 2645 2118 2695 niti
2147 2642 2262 2695 sola
2287 2643 2379 2696 «ὃν
2409 2641 2491 2693 hic
2520 2654 2574 2693 et
2600 2645 2890 2695 constituta

1869 2723 2298 2794 transpositione.
2310 2723 2746 2775 Uti-umiiomnes
2757 2762 2775 2790 ‚
2792 2726 2891 2795 qui

1864 2813 2112 2854 tacentur
2149 2800 2320 2855 codd.
2369 2800 2610 2853 ordinem
2654 2817 2890 2876 recepta

1867 2896 2112 2949 teneant,
2137 2881 2368 2935 dubitari
2391 2896 2588 2955 potest.
2610 2883 2745 2937 Obr.
2772 2887 2849 2939 sic
2867 2906 2884 2937 t

1864 2980 1934 3014 er.
1964 2973 2124 3014 const.
2150 2980 2258 3014 non
2292 2973 2366 3015 est
2395 2962 2480 3014 laic
2500 2982 2624 3035 qu„
2649 2982 2778 3015 cum
2801 2966 2892 3017 in-

1864 3041 2168 3113 terrogandi
2192 3044 2343 3113 signo
2366 3044 2422 3094 in
2450 3043 2570 3095 fine.
2603 3047 2890 3114 Agnoscat

1863 3120 1941 3172 ibi
1963 3120 2189 3175 litteram
2209 3141 2244 3173 n
2264 3135 2317 3174 et
2336 3124 2758 3194 superscriptum
2779 3135 2836 3175 et
2855 3143 2890 3177 e

1864 3201 2076 3267 Turic.‚
2108 3200 2202 3253 sed
2234 3200 2393 3272 longe
2429 3200 2534 3253 alio
2568 3201 2692 3255 loco
2727 3206 2887 3275 posi—

1868 3292 1999 3330 tum.
2031 3280 2092 3331 ln
2119 3292 2328 3351 recepta
2355 3281 2517 3350 quaeri
2546 3294 2763 3352 potest,
2797 3280 2890 3333 hic

1866 3370 2048 3409 utrum
2065 3358 2322 3428 significet
2347 3382 2369 3404 ι
2387 3361 2440 3410 in
2455 3358 2546 3410 tali
2566 3359 2815 3431 externplo
2835 3384 2887 3423 ι,

1868 3457 1934 3490 an
1959 3439 2217 3491 referatur
2240 3437 2307 3489 ad
2338 3438 2450 3501 ubi,
2477 3451 2537 3489 ut
2565 3440 2629 3489 sit
2656 3457 2760 3509 pro
2790 3441 2885 3491 ibi.

1865 3521 2012 3570 Prius
2036 3519 2165 3573 Obr.
2191 3518 2434 3590 profecto
2462 3521 2518 3569 in
2545 3537 2641 3570 sua
2671 3522 2887 3572 ratione

1867 3600 2064 3663 tenuit,
2094 3600 2359 3668 posterius
2390 3600 2445 3649 in
2478 3611 2660 3650 nostra
2700 3604 2885 3672 aptius

1864 3678 2085 3730 videtur.
2121 3675 2282 3746 Quod
2317 3679 2569 3730 Francius
2607 3682 2886 3749 conjectat

1866 3758 2007 3810 hic...
2033 3757 2127 3822 ibi,
2147 3760 2202 3810 in
2227 3776 2291 3809 eo
2315 3756 2522 3809 nullum
2543 3757 2889 3829 praesidium;

1863 3837 1991 3889 facit
2019 3839 2159 3888 enim
2187 3835 2448 3888 dicentem
2472 3835 2697 3905 Quintil.
2726 3837 2882 3908 quod

1863 3928 2050 3985 negat,
2077 3914 2292 3966 diversis
2320 3914 2450 3966 locis
2479 3932 2593 3966 esse
2623 3918 2884 3985 quaestio·

1865 4016 1983 4048 nem
2013 4009 2064 4046 ct
2086 3994 2485 4067 judicationem.
2519 3994 2573 4046 Si
2600 3995 2658 4046 in
2689 3997 2878 4047 Turic.

1861 4095 1960 4150 pro
1991 4075 2075 4127 hic
2104 4073 2162 4127 ἰιῗ
2183 4077 2420 4128 inversus
2448 4088 2584 4128 esset
2614 4075 2751 4128 ordo
2771 4115 2790 4142 ,
2828 4077 2884 4127 ιἰἰ

1863 4154 1974 4220 hic,
2001 4167 2257 4207 tentarem
2275 4154 2517 4218 antehac,
2542 4154 2700 4227 quod‘
2711 4155 2800 4207 vel
2823 4159 2884 4208 in
