3200 5150
635 471 1283 544 INSTITUTIONIS
1318 471 1574 539 ORAT.
1612 473 1771 538 LIB.
1810 472 1943 552 111,
1991 496 2044 538 1.

2243 475 2373 563 409

307 600 529 674 multa
548 602 767 676 Areus
780 657 800 691 ,
829 599 1051 673 multa
1069 597 1386 673 Caecilius
1406 611 1425 642 ¹
1451 617 1521 670 et
1540 597 2098 670 Halicarnasseus
2116 595 2374 694 Diony·

305 715 469 789 siuS.
508 717 856 816 Praecipue
895 736 1132 787 tamen
1169 713 1244 786 in
1274 739 1347 785 se
1384 731 1867 784 converterunt
1895 710 2118 782 studia
2152 709 2375 808 Apol·
2414 738 2475 793 ¹7

301 830 583 904 lodorus
609 831 1111 928 Pergamenus,
1136 828 1260 927 qui
1284 846 1659 928 praeceptor
1682 823 2066 924 Apolloniae
2096 824 2383 896 Caesaris

301 944 596 1043 Augusti
627 944 794 1032 fuit,
829 964 896 1016 et
915 940 1368 1014 Theodorus²
1398 941 1791 1030 Gadareus»,
1819 934 1940 1038 qui
1973 964 2044 1009 se
2072 937 2206 1010 dici
2231 963 2381 1008 rna-

299 1057 432 1130 luit
458 1057 847 1148 Rhodium3
881 1084 1096 1157 quem
1125 1054 1426 1129 studiose
1454 1054 1792 1128 audivisse
1810 1109 1830 1143 ,
1863 1079 2086 1153 quum
2116 1051 2190 1124 in
2220 1077 2376 1124 eam

298 1171 603 1245 insulam
632 1171 1040 1261 secessisset,
1070 1170 1320 1247 dicitur
1343 1170 1667 1242 Tiberius
1691 1171 1934 1242 Caesar.
1966 1167 2060 1239 Hi
2085 1165 2380 1238 diversas

301 1287 665 1385 opiniones
689 1285 1148 1377 tradiderunt,
1173 1285 1635 1386 appellatique
1660 1282 1822 1355 inde
1846 1281 2292 1382 Apollodorei
2315 1300 2384 1351 et

306 1397 729 1486 Theodorei,
755 1398 844 1471 ad
873 1426 1142 1473 morem
1175 1421 1388 1474 certas
1416 1401 1490 1472 in
1523 1396 1964 1499 philosophia
1990 1392 2245 1469 sectas-³
2273 1420 2383 1466 se-

303 1513 592 1612 quendi.
639 1513 775 1586 Sed
817 1513 1222 1614 Apollodori
1263 1535 1601 1615 praecepta
1648 1513 1866 1611 magis
1907 1538 1989 1584 ex
2033 1507 2383 1608 discipulis

305 1652 710 1724 cognoscas3
745 1654 1050 1726 quorum
1087 1628 1654 1729 diligentissimus
1694 1627 1768 1699 in
1808 1624 2141 1700 tradendo
2173 1623 2383 1697 latine

297 1835 388 1875 tur
433 1836 615 1876 noster
657 1822 905 1878 audiebat
947 1825 1262 1898 Apollonius
1282 1864 1300 1893 ,

301 1915 519 1972 eratque
539 1903 771 1956 Molonis
793 1904 931 1956 filius
945 1941 962 1969 ‚
985 1916 1044 1955 ut
1068 1922 1096 1955 a
1121 1904 1299 1956 multis

300 1977 606 2049 designatur
623 1981 982 2052 scriptoribus.
1002 1983 1188 2052 Neque
1207 2000 1303 2054 pu-

303 2068 360 2108 to
375 2070 519 2112 recte
531 2059 904 2112 casaubonum
916 2059 1085 2113 Strab.
1106 2079 1160 2132 p.
1178 2058 1302 2126 655,

304 2147 357 2187 et
378 2136 518 2188 Suet.
544 2138 671 2189 Caes.
698 2137 760 2203 4,
787 2137 1104 2209 exprobrare
1130 2140 1302 2207 Quin·

301 2212 515 2280 tiliano,
540 2214 683 2286 quod
706 2214 976 2267 Molonem
1006 2215 1304 2269 confuderit

301 2311 423 2344 cum
432 2292 736 2365 Apollonio,
747 2293 930 2345 Melon
938 2292 1117 2368 isfilio5
1128 2314 1304 2367 quam·

306 2388 466 2441 quam
484 2371 699 2437 Strabo,
722 2371 776 2423 ll.
800 2391 877 2423 cc.
892 2410 909 2438 ‚
923 2374 1127 2425 videtur
1146 2374 1303 2426 fidem

302 2450 476 2502 facere
492 2454 604 2522 ejus
620 2452 875 2523 opinioni.
897 2454 1070 2524 Major
1082 2467 1161 2505 est
1181 2471 1304 2505 anc-

304 2541 390 2582 tor
419 2530 801 2599 Quintilianus,
826 2549 983 2604 quam
1016 2534 1103 2586 cui
1133 2535 1188 2587 in
1219 2535 1307 2588 Ci-

304 2612 511 2661 ceronis
536 2612 784 2680 magistro
808 2610 1060 2664 diffidam.
1087 2611 1147 2665 Id
1171 2632 1302 2666 con-

301 2701 384 2740 tra
392 2691 657 2740 verissime
666 2689 1011 2742 casaubonus
1025 2704 1150 2764 post
1164 2711 1307 2744 eum-

305 2784 408 2837 que
436 2766 679 2820 disertius
706 2768 990 2821 Wetzelius
1017 2774 1081 2822 V.
1110 2771 1169 2822 C.
1204 2769 1305 2842 (ad

301 2847 410 2897 Cic.
451 2847 591 2896 Brut.
630 2865 677 2897 c.
718 2847 817 2916 89)
855 2859 1032 2899 tenere
1069 2848 1197 2900 mihi
1228 2851 1301 2901 vi-

301 2924 510 2989 dentur,
537 2924 680 2977 hunc
703 2927 970 2978 Ciceronis
998 2929 1301 2997 magistrum

302 3004 564 3056 diversum
598 3023 713 3056 esse
746 3004 814 3056 ab
848 3023 944 3070 eo,
972 3007 1062 3075 qui
1093 3007 1200 3057 Cic.
1235 3005 1303 3056 de

302 3085 396 3138 or.
426 3085 475 3149 1,
507 3100 567 3154 ¹7
596 3097 650 3136 et
680 3084 773 3147 283
801 3086 857 3134 it.
890 3083 1178 3148 delnv.1‚
1207 3083 1304 3150 56,

303 3176 626 3214 memoretur
638 3161 955 3233 Apollonius
969 3159 1305 3213 Alabanden-

304 3244 391 3293 sis.
418 3245 465 3294 Is
489 3243 627 3293 enim
651 3241 869 3293 Molone
895 3241 1139 3313 profecto
1167 3242 1305 3292 anti-

306 3323 494 3391 quior3
530 3338 705 3391 neque
741 3319 874 3371 alius
906 3317 1111 3371 videtur
1147 3337 1305 3389 quem

305 3398 521 3465 Strabo,
545 3400 578 3450 l.
605 3418 683 3463 c..‚
711 3399 1048 3469 cognominat
1065 3394 1303 3463 μαλακὰ,

306 3480 483 3547 aitque
495 3491 612 3529 ortu
624 3476 1042 3529 Alabandensem
1054 3496 1168 3529 sese
1181 3496 1307 3530 con-

308 3554 486 3606 tulisse
501 3554 949 3628 Rhodumjlujus
966 3574 1178 3627 quoque
1193 3554 1307 3609 rhe-

310 3635 437 3684 toris
474 3651 660 3704 magna
695 3636 857 3687 fuisse
888 3635 1096 3688 videtur
1128 3638 1307 3688 existi-

311 3712 473 3762 matio
506 3723 559 3761 et
589 3714 898 3780 auctoritas,
927 3718 1078 3785 cujus
1106 3713 1308 3766 dictum

310 3789 546 3862 negantis
574 3790 859 3862 quidquam
896 3792 1126 3863 lacman
1160 3794 1310 3846 citius

313 3869 587 3920 inarescere
609 3906 625 3932 ‚
671 3871 726 3919 in
773 3872 1110 3941 proverbium
1159 3873 1304 3926 abiit.

312 3949 420 4000 Cic.
439 3947 506 3999 de
521 3949 626 3997 inv.
643 3945 679 3997 l.
694 3965 741 3998 c.
762 3948 905 3999 Idem
921 3951 1118 4001 Partitt.
1138 3953 1305 4005 Oratt.

315 4043 363 4077 c.
398 4042 475 4095 ¹7·
506 4027 737 4098 Scriptor
763 4026 830 4078 ad
859 4029 1086 4079 Herenn.
1117 4031 1190 4095 n,
1214 4031 1309 4094 313

317 4105 620 4173 Quintilian.
647 4108 742 4170 vl,
774 4123 817 4171 1,
844 4123 936 4176 273
959 4106 1062 4158 Jul.
1090 4101 1313 4161 Severia-

319 4201 446 4249 nus,
469 4205 520 4257 p.
547 4184 741 4254 (Rhett.
766 4185 982 4256 Pithoei)
1005 4185 1122 4240 312.

1465 1843 1510 1878 1.
1535 1824 1782 1880 Coecilius.
1808 1822 2042 1890 Siculus,
2060 1820 2387 1887 celantium,

1387 1904 1489 1957 sub
1525 1905 1765 1973 Augusto
1800 1904 2010 1969 vivens,
2046 1900 2387 1977 Dionysiique

1385 1981 1505 2035 Hal.
1520 1981 1789 2033 familiaris
1800 2019 1817 2047 ‚
1832 1979 2118 2032 multorum
2135 1976 2390 2029 librorum

1389 2060 1458 2114 de
1483 2060 1744 2112 rhetorica
1774 2071 1978 2123 auctor,
2004 2056 2259 2126 religione
2289 2057 2387 2109 Ju-

1390 2139 1560 2205 daeu8‚
1583 2150 1826 2191 narrante
1848 2134 2023 2189 Suida.
2048 2138 2176 2207 Ejus
2194 2136 2390 2205 scripta

1390 2217 1768 2272 interciderunt
1818 2216 2010 2267 omnia.
2065 2216 2391 2266 Memor-atur

1389 2298 1628 2368 inprimis
1650 2295 1890 2365 Longino
1920 2296 2033 2364 ejus
2061 2290 2127 2343 de
2154 2291 2391 2343 sublimi·

1390 2387 1499 2426 tate
1526 2373 1753 2427 libellus.
1784 2371 2237 2423 Halicarnasseum
2264 2372 2390 2423 Dio-

1390 2456 1598 2529 nysium
1623 2456 1713 2526 qui
1736 2454 2008 2524 ignorant,
2027 2449 2218 2503 adeant
2234 2448 2387 2502 Fabr.

1391 2536 1448 2588 Β.
1487 2534 1550 2588 G.
1588 2532 1732 2586 Harl.
1757 2531 1862 2585 vol.
1896 2533 1984 2598 lv,
2015 2550 2069 2604 p.
2105 2530 2205 2585 382
2242 2547 2386 2601 seqq.

1391 2615 1498 2683 Qui
1515 2627 1766 2685 praeterea
1785 2624 2126 2664 recensentur
2142 2609 2243 2662 hac
2256 2611 2305 2678 s.
2324 2606 2389 2660 de

1390 2694 1455 2743 iis
1477 2690 1596 2743 vide
1620 2694 1691 2757 11,
1723 2690 1813 2756 15,
1845 2690 1932 2757 14,
1958 2690 2025 2741 23
2076 2687 2162 2741 35.

1464 2786 1513 2821 2.
1538 2767 1942 2840 Apollodorus...
1972 2766 2282 2829 Theodorus.
2303 2769 2391 2818 vi-

1391 2847 1460 2899 de
1487 2848 1630 2900 Suet.
1659 2849 1794 2916 Aug.
1825 2865 1872 2899 c.
1904 2847 2001 2915 89,
2029 2858 2083 2898 et
2102 2844 2276 2896 Tiber.
2303 2843 2386 2915 57.

1389 2928 1714 2978 Mentionem
1750 2926 1940 2997 prioris
1974 2923 2137 2976 habet
2167 2923 2355 2977 Strabo
2375 2961 2392 2989 ‚

1390 3002 1483 3055 lib.
1507 3005 1655 3069 xm,
1682 3022 1737 3074 p.
1764 3002 1896 3068 625,
1920 3001 2012 3053 ubi
2041 3014 2093 3053 et
2120 3003 2392 3071 utriusque

1393 3094 1548 3134 sectae
1570 3083 1833 3143 meminit3
1858 3081 2163 3152 posterioris
2186 3078 2222 3131 l.
2245 3081 2394 3144 XVI,

1391 3181 1447 3233 p.
1475 3160 1595 3231 759.
1622 3159 2006 3232 Apollodorum
2030 3160 2166 3211 inter
2186 3160 2393 3212 Macro-

1390 3240 1509 3292 bios
1525 3252 1763 3292 recenset
1777 3240 1990 3292 Lucian.
2008 3240 2120 3310 Bip.
2132 3237 2236 3289 vol.
2248 3238 2392 3302 vm,

1390 3339 1445 3392 Ρ.
1481 3319 1594 3372 128.
1626 3321 1753 3390 Ejus
1776 3317 1939 3370 libros
1961 3315 2269 3368 avidissimos
2296 3334 2394 3388 ap-

1391 3396 1555 3471 pellat
1571 3399 1797 3468 scriptor
1810 3395 2005 3467 dialogi
2023 3394 2091 3446 de
2105 3395 2221 3447 Orr.
2238 3414 2285 3447 o.
2311 3412 2394 3464 19,

1392 3481 1472 3532 De
1501 3477 1788 3531 Theodoro
1816 3477 1953 3530 bene
1981 3477 2194 3548 exponit
2225 3478 2392 3546 Lang-

1392 3555 1593 3609 baenins
1618 3555 1684 3608 ad
1705 3556 1927 3626 Longin.
1952 3574 1998 3607 c.
2027 3554 2088 3620 3,
2119 3553 2197 3621 14.
2222 3555 2390 3606 Etiam

1392 3634 1734 3700 Posidonius,
1759 3635 1993 3706 Apamea
2016 3646 2162 3685 ortus
2182 3672 2199 3700 ‚
2222 3633 2394 3684 dictus

1391 3713 1649 3767 Rhodius.
1673 3712 1984 3778 Athenoens‚
2005 3732 2060 3784 p.
2089 3712 2187 3764 252
2213 3713 2271 3763 Ε.

1466 3793 1516 3845 3.
1551 3797 1776 3846 Certus...
1809 3804 1978 3845 sectas.
2015 3793 2211 3844 Seneca
2244 3803 2394 3861 pater

1393 3871 1662 3924 Tiberium
1691 3873 1864 3943 ipsum
1896 3868 2128 3941 appellat
2158 3867 2394 3920 Theodo—

1398 3967 1540 4001 παθη
1560 3951 1770 4002 Suasor.
1792 3969 1846 4020 p.
1870 3950 1979 4020 Bip.
2005 3947 2086 4000 25.
2104 3947 2236 4000 Vide
2258 3950 2393 4000 Nos-

1398 4042 1537 4080 trum
1565 4031 1641 4095 u,
1673 4047 1752 4095 ιι,
1783 4047 1829 4080 2.
1859 4031 1986 4100 Ejus
2019 4042 2279 4081 sectarum
2310 4027 2392 4080 di-

1398 4109 1655 4160 versitatis
1689 4106 1983 4178 exemplum
2017 4118 2095 4159 est
2126 4106 2268 4179 apud
2300 4106 2393 4160 Se·

1400 4204 1514 4239 nec.
1544 4198 1680 4257 patr.
1705 4205 1759 4258 p.
1787 4187 1896 4257 Bip.
1931 4183 2044 4253 149.

2420 1177 2484 1232 18
