<?xml version="1.0" encoding="UTF-8"?>
<!DOCTYPE html PUBLIC "-//W3C//DTD XHTML 1.0 Transitional//EN"
    "http://www.w3.org/TR/xhtml1/DTD/xhtml1-transitional.dtd">
<html xmlns="http://www.w3.org/1999/xhtml" xml:lang="en" lang="en">
 <head>
  <title>
</title>
<meta http-equiv="Content-Type" content="text/html;charset=utf-8" />
  <meta name='ocr-system' content='tesseract 3.04.00' />
  <meta name='ocr-capabilities' content='ocr_page ocr_carea ocr_par ocr_line ocrx_word'/>
</head>
<body>
  <div class='ocr_page' id='page_1' title='image "./deinstitutioneo12quingoog_0055.png"; bbox 0 0 3200 5150; ppageno 0'>
   <div class='ocr_carea' id='block_1_1' title="bbox 333 502 2440 1044">
    <p class='ocr_par' dir='ltr' id='par_1_1' title="bbox 333 502 2440 1044">
     <span class='ocr_line' id='line_1_1' title="bbox 1119 502 2432 606; baseline 0.001 -28"><span class='ocrx_word' id='word_1_1' title='bbox 1119 502 1637 579; x_wconf 75' lang='lat' dir='ltr'>PRAEFATIO.</span> <span class='ocrx_word' id='word_1_2' title='bbox 1805 544 1810 547; x_wconf 96' lang='lat'>·</span> <span class='ocrx_word' id='word_1_3' title='bbox 2317 530 2432 606; x_wconf 63' lang='lat'>“29</span> 
     </span>
     <span class='ocr_line' id='line_1_2' title="bbox 337 629 2436 726; baseline 0.002 -24"><span class='ocrx_word' id='word_1_4' title='bbox 337 651 673 726; x_wconf 74' lang='lat' dir='ltr'>excerptas</span> <span class='ocrx_word' id='word_1_5' title='bbox 698 634 755 726; x_wconf 89' lang='lat' dir='ltr'>ej</span> <span class='ocrx_word' id='word_1_6' title='bbox 765 656 840 701; x_wconf 83' lang='lat' dir='ltr'>us</span> <span class='ocrx_word' id='word_1_7' title='bbox 862 629 1066 701; x_wconf 88' lang='lat' dir='ltr'>babet</span> <span class='ocrx_word' id='word_1_8' title='bbox 1091 654 1281 703; x_wconf 87' lang='lat' dir='ltr'>notas</span> <span class='ocrx_word' id='word_1_9' title='bbox 1298 687 1316 719; x_wconf 98' lang='lat'>,</span> <span class='ocrx_word' id='word_1_10' title='bbox 1342 637 1486 703; x_wconf 89' lang='lat' dir='ltr'>aliis</span> <span class='ocrx_word' id='word_1_11' title='bbox 1515 654 1740 703; x_wconf 88' lang='lat' dir='ltr'>autem</span> <span class='ocrx_word' id='word_1_12' title='bbox 1769 634 2171 703; x_wconf 81' lang='lat' dir='ltr'>editionibus</span> <span class='ocrx_word' id='word_1_13' title='bbox 2195 638 2436 706; x_wconf 75' lang='lat' dir='ltr'>Pinum</span> 
     </span>
     <span class='ocr_line' id='line_1_3' title="bbox 335 741 2440 836; baseline 0.002 -28"><span class='ocrx_word' id='word_1_14' title='bbox 335 758 549 808; x_wconf 88' lang='lat' dir='ltr'>totum</span> <span class='ocrx_word' id='word_1_15' title='bbox 578 741 936 831; x_wconf 81' lang='lat' dir='ltr'>complexis</span> <span class='ocrx_word' id='word_1_16' title='bbox 961 765 1174 809; x_wconf 88' lang='lat' dir='ltr'>careo.</span> <span class='ocrx_word' id='word_1_17' title='bbox 1205 746 1442 833; x_wconf 83' lang='lat' dir='ltr'>Neque</span> <span class='ocrx_word' id='word_1_18' title='bbox 1466 743 1778 833; x_wconf 85' lang='lat' dir='ltr'>poenitet,</span> <span class='ocrx_word' id='word_1_19' title='bbox 1804 743 1859 808; x_wconf 90' lang='lat' dir='ltr'>si</span> <span class='ocrx_word' id='word_1_20' title='bbox 1886 767 2041 809; x_wconf 83' lang='lat' dir='ltr'>vera</span> <span class='ocrx_word' id='word_1_21' title='bbox 2066 761 2252 826; x_wconf 88' lang='lat' dir='ltr'>sunt,</span> <span class='ocrx_word' id='word_1_22' title='bbox 2284 764 2440 836; x_wconf 75' lang='lat' dir='ltr'>quae</span> 
     </span>
     <span class='ocr_line' id='line_1_4' title="bbox 336 847 2439 940; baseline 0.002 -27"><span class='ocrx_word' id='word_1_23' title='bbox 336 847 422 914; x_wconf 86' lang='lat' dir='ltr'>de</span> <span class='ocrx_word' id='word_1_24' title='bbox 451 872 531 915; x_wconf 89' lang='lat' dir='ltr'>eo</span> <span class='ocrx_word' id='word_1_25' title='bbox 560 848 783 940; x_wconf 84' lang='lat' dir='ltr'>prodit</span> <span class='ocrx_word' id='word_1_26' title='bbox 809 852 1223 915; x_wconf 84' lang='lat' dir='ltr'><strong>Burmannus</strong></span> <span class='ocrx_word' id='word_1_27' title='bbox 1252 850 1320 913; x_wconf 92' lang='lat' dir='ltr'>in</span> <span class='ocrx_word' id='word_1_28' title='bbox 1356 850 1766 938; x_wconf 86' lang='lat' dir='ltr'>praefatione.</span> <span class='ocrx_word' id='word_1_29' title='bbox 1799 852 1877 915; x_wconf 89' lang='lat' dir='ltr'>In</span> <span class='ocrx_word' id='word_1_30' title='bbox 1908 850 2148 916; x_wconf 88' lang='lat' dir='ltr'>Critica</span> <span class='ocrx_word' id='word_1_31' title='bbox 2179 851 2439 919; x_wconf 78' lang='lat' dir='ltr'>ratione·</span> 
     </span>
     <span class='ocr_line' id='line_1_5' title="bbox 333 954 2438 1044; baseline 0.003 -24"><span class='ocrx_word' id='word_1_32' title='bbox 333 958 634 1020; x_wconf 86' lang='lat' dir='ltr'>omnium</span> <span class='ocrx_word' id='word_1_33' title='bbox 683 956 959 1021; x_wconf 89' lang='lat' dir='ltr'>minime</span> <span class='ocrx_word' id='word_1_34' title='bbox 1004 955 1171 1020; x_wconf 86' lang='lat' dir='ltr'>mihi</span> <span class='ocrx_word' id='word_1_35' title='bbox 1213 977 1284 1020; x_wconf 90' lang='lat' dir='ltr'>se</span> <span class='ocrx_word' id='word_1_36' title='bbox 1327 954 1633 1044; x_wconf 87' lang='lat' dir='ltr'>probavit</span> <span class='ocrx_word' id='word_1_37' title='bbox 1678 957 1912 1021; x_wconf 89' lang='lat' dir='ltr'>Petrus</span> <span class='ocrx_word' id='word_1_38' title='bbox 1955 958 2298 1038; x_wconf 85' lang='lat' dir='ltr'>Francius,</span> <span class='ocrx_word' id='word_1_39' title='bbox 2349 957 2438 1027; x_wconf 69' lang='lat' dir='ltr'>de</span> 
     </span>
    </p>
   </div>
   <div class='ocr_carea' id='block_1_2' title="bbox 331 1056 2433 1259">
    <p class='ocr_par' dir='ltr' id='par_1_2' title="bbox 331 1056 2433 1259">
     <span class='ocr_line' id='line_1_6' title="bbox 331 1056 2433 1154; baseline 0 -25"><span class='ocrx_word' id='word_1_40' title='bbox 331 1061 522 1152; x_wconf 87' lang='lat' dir='ltr'>cujus</span> <span class='ocrx_word' id='word_1_41' title='bbox 564 1062 963 1154; x_wconf 85' lang='lat' dir='ltr'>conjecturis</span> <span class='ocrx_word' id='word_1_42' title='bbox 1005 1056 1407 1142; x_wconf 83' lang='lat' dir='ltr'>identidem,</span> <span class='ocrx_word' id='word_1_43' title='bbox 1452 1080 1601 1151; x_wconf 84' lang='lat' dir='ltr'>quae</span> <span class='ocrx_word' id='word_1_44' title='bbox 1644 1062 1993 1143; x_wconf 80' lang='lat' dir='ltr'>sentirem,</span> <span class='ocrx_word' id='word_1_45' title='bbox 2038 1062 2246 1128; x_wconf 87' lang='lat' dir='ltr'>libere</span> <span class='ocrx_word' id='word_1_46' title='bbox 2282 1086 2433 1129; x_wconf 89' lang='lat' dir='ltr'>sum</span> 
     </span>
     <span class='ocr_line' id='line_1_7' title="bbox 331 1158 2433 1259; baseline 0.002 -28"><span class='ocrx_word' id='word_1_47' title='bbox 331 1167 949 1257; x_wconf 79' lang='lat' dir='ltr'>professus3neque</span> <span class='ocrx_word' id='word_1_48' title='bbox 979 1182 1215 1233; x_wconf 76' lang='lat' dir='ltr'>vereor</span> <span class='ocrx_word' id='word_1_49' title='bbox 1242 1165 1414 1231; x_wconf 89' lang='lat' dir='ltr'>banc</span> <span class='ocrx_word' id='word_1_50' title='bbox 1447 1164 1613 1231; x_wconf 88' lang='lat' dir='ltr'>mihi</span> <span class='ocrx_word' id='word_1_51' title='bbox 1643 1158 2017 1232; x_wconf 87' lang='lat' dir='ltr'>libertatem</span> <span class='ocrx_word' id='word_1_52' title='bbox 2050 1190 2174 1257; x_wconf 90' lang='lat' dir='ltr'>pro</span> <span class='ocrx_word' id='word_1_53' title='bbox 2206 1168 2433 1259; x_wconf 88' lang='lat' dir='ltr'>aliquo</span> 
     </span>
    </p>
   </div>
   <div class='ocr_carea' id='block_1_3' title="bbox 213 1270 2429 1362">
    <p class='ocr_par' dir='ltr' id='par_1_3' title="bbox 213 1270 2429 1362">
     <span class='ocr_line' id='line_1_8' title="bbox 213 1270 2429 1362; baseline 0.001 -25"><span class='ocrx_word' id='word_1_54' title='bbox 213 1273 216 1276; x_wconf 72' lang='grc'><strong>’</strong></span> <span class='ocrx_word' id='word_1_55' title='bbox 304 1272 594 1362; x_wconf 76' lang='lat' dir='ltr'>&#39;piaculo</span> <span class='ocrx_word' id='word_1_56' title='bbox 620 1272 1087 1362; x_wconf 83' lang='lat' dir='ltr'>exprobratum</span> <span class='ocrx_word' id='word_1_57' title='bbox 1116 1273 1216 1337; x_wconf 89' lang='lat' dir='ltr'>iri.</span> <span class='ocrx_word' id='word_1_58' title='bbox 1252 1271 1478 1359; x_wconf 79' lang='lat' dir='ltr'>Magni</span> <span class='ocrx_word' id='word_1_59' title='bbox 1507 1289 1665 1336; x_wconf 88' lang='lat' dir='ltr'>sane</span> <span class='ocrx_word' id='word_1_60' title='bbox 1690 1270 1864 1337; x_wconf 82' lang='lat' dir='ltr'>facio</span> <span class='ocrx_word' id='word_1_61' title='bbox 1890 1272 2143 1354; x_wconf 78' lang='lat' dir='ltr'>virum,</span> <span class='ocrx_word' id='word_1_62' title='bbox 2175 1275 2429 1355; x_wconf 90' lang='lat' dir='ltr'>Latini,</span> 
     </span>
    </p>
   </div>
   <div class='ocr_carea' id='block_1_4' title="bbox 315 1374 2448 4125">
    <p class='ocr_par' dir='ltr' id='par_1_4' title="bbox 315 1374 2448 3060">
     <span class='ocr_line' id='line_1_9' title="bbox 330 1374 2432 1469; baseline 0.001 -27"><span class='ocrx_word' id='word_1_63' title='bbox 330 1375 469 1443; x_wconf 90' lang='lat' dir='ltr'>imo</span> <span class='ocrx_word' id='word_1_64' title='bbox 512 1378 757 1458; x_wconf 83' lang='lat' dir='ltr'>Graeci,</span> <span class='ocrx_word' id='word_1_65' title='bbox 802 1376 1110 1443; x_wconf 81' lang='lat' dir='ltr'>carminis</span> <span class='ocrx_word' id='word_1_66' title='bbox 1153 1395 1291 1441; x_wconf 86' lang='lat' dir='ltr'>non</span> <span class='ocrx_word' id='word_1_67' title='bbox 1331 1374 1798 1464; x_wconf 86' lang='lat' dir='ltr'>poenitendum</span> <span class='ocrx_word' id='word_1_68' title='bbox 1838 1376 2192 1458; x_wconf 88' lang='lat' dir='ltr'>artificem,</span> <span class='ocrx_word' id='word_1_69' title='bbox 2229 1402 2432 1469; x_wconf 89' lang='lat' dir='ltr'>quem</span> 
     </span>
     <span class='ocr_line' id='line_1_10' title="bbox 326 1478 2432 1571; baseline 0.001 -23"><span class='ocrx_word' id='word_1_70' title='bbox 326 1483 696 1571; x_wconf 76' lang='lat' dir='ltr'>praesertim</span> <span class='ocrx_word' id='word_1_71' title='bbox 725 1499 1107 1548; x_wconf 86' lang='lat' dir='ltr'>nostrorum</span> <span class='ocrx_word' id='word_1_72' title='bbox 1130 1481 1535 1570; x_wconf 81' lang='lat' dir='ltr'>principum,</span> <span class='ocrx_word' id='word_1_73' title='bbox 1561 1478 1748 1546; x_wconf 78' lang='lat' dir='ltr'>velut</span> <span class='ocrx_word' id='word_1_74' title='bbox 1772 1480 2089 1549; x_wconf 92' lang='lat' dir='ltr'>Friderici</span> <span class='ocrx_word' id='word_1_75' title='bbox 2117 1484 2432 1550; x_wconf 88' lang='lat' dir='ltr'>Gulielmi</span> 
     </span>
     <span class='ocr_line' id='line_1_11' title="bbox 326 1586 2448 1677; baseline 0.002 -24"><span class='ocrx_word' id='word_1_76' title='bbox 326 1586 584 1677; x_wconf 77' lang='lat' dir='ltr'>magni,</span> <span class='ocrx_word' id='word_1_77' title='bbox 629 1607 735 1653; x_wconf 84' lang='lat' dir='ltr'>res</span> <span class='ocrx_word' id='word_1_78' title='bbox 772 1604 986 1677; x_wconf 78' lang='lat' dir='ltr'>gestas</span> <span class='ocrx_word' id='word_1_79' title='bbox 1024 1604 1384 1676; x_wconf 88' lang='lat' dir='ltr'>nostraque</span> <span class='ocrx_word' id='word_1_80' title='bbox 1424 1587 1756 1668; x_wconf 85' lang='lat' dir='ltr'>instituta,</span> <span class='ocrx_word' id='word_1_81' title='bbox 1788 1589 1973 1653; x_wconf 86' lang='lat' dir='ltr'>velut</span> <span class='ocrx_word' id='word_1_82' title='bbox 2007 1589 2448 1657; x_wconf 86' lang='lat' dir='ltr'>Academiam&#39;</span> 
     </span>
     <span class='ocr_line' id='line_1_12' title="bbox 325 1693 2430 1786; baseline 0.002 -26"><span class='ocrx_word' id='word_1_83' title='bbox 325 1693 874 1786; x_wconf 86' lang='lat' dir='ltr'>Fridericianam‚</span> <span class='ocrx_word' id='word_1_84' title='bbox 903 1694 1012 1760; x_wconf 79' lang='lat' dir='ltr'>vel</span> <span class='ocrx_word' id='word_1_85' title='bbox 1046 1695 1382 1784; x_wconf 81' lang='lat' dir='ltr'>praecipue</span> <span class='ocrx_word' id='word_1_86' title='bbox 1415 1693 1896 1776; x_wconf 72' lang='lat' dir='ltr'>celebrantem,</span> <span class='ocrx_word' id='word_1_87' title='bbox 1933 1698 2130 1762; x_wconf 88' lang='lat' dir='ltr'>etiam</span> <span class='ocrx_word' id='word_1_88' title='bbox 2161 1700 2430 1766; x_wconf 82' lang='lat' dir='ltr'>caritate</span> 
     </span>
     <span class='ocr_line' id='line_1_13' title="bbox 326 1799 2437 1895; baseline 0.002 -29"><span class='ocrx_word' id='word_1_89' title='bbox 326 1801 618 1893; x_wconf 87' lang='lat' dir='ltr'>quadam</span> <span class='ocrx_word' id='word_1_90' title='bbox 644 1802 873 1891; x_wconf 85' lang='lat' dir='ltr'>patriae</span> <span class='ocrx_word' id='word_1_91' title='bbox 899 1800 1261 1867; x_wconf 85' lang='lat' dir='ltr'>exosculari</span> <span class='ocrx_word' id='word_1_92' title='bbox 1286 1799 1585 1865; x_wconf 88' lang='lat' dir='ltr'>debeam.</span> <span class='ocrx_word' id='word_1_93' title='bbox 1617 1800 1749 1867; x_wconf 89' lang='lat' dir='ltr'>Sed</span> <span class='ocrx_word' id='word_1_94' title='bbox 1778 1802 2113 1891; x_wconf 79' lang='lat' dir='ltr'>diligentia</span> <span class='ocrx_word' id='word_1_95' title='bbox 2131 1848 2149 1885; x_wconf 80' lang='grc'><strong>,</strong></span> <span class='ocrx_word' id='word_1_96' title='bbox 2181 1806 2236 1871; x_wconf 88' lang='lat' dir='ltr'>si</span> <span class='ocrx_word' id='word_1_97' title='bbox 2266 1806 2437 1895; x_wconf 64' lang='lat' dir='ltr'>quid,</span> 
     </span>
     <span class='ocr_line' id='line_1_14' title="bbox 322 1902 2426 1997; baseline 0 -23"><span class='ocrx_word' id='word_1_98' title='bbox 322 1907 561 1988; x_wconf 75' lang='lat' dir='ltr'>video,</span> <span class='ocrx_word' id='word_1_99' title='bbox 595 1924 663 1973; x_wconf 87' lang='lat' dir='ltr'>et</span> <span class='ocrx_word' id='word_1_100' title='bbox 692 1906 997 1973; x_wconf 88' lang='lat' dir='ltr'>acumine</span> <span class='ocrx_word' id='word_1_101' title='bbox 1030 1906 1098 1970; x_wconf 93' lang='lat' dir='ltr'>in</span> <span class='ocrx_word' id='word_1_102' title='bbox 1125 1905 1357 1971; x_wconf 89' lang='lat' dir='ltr'>alienis</span> <span class='ocrx_word' id='word_1_103' title='bbox 1386 1902 1688 1972; x_wconf 85' lang='lat' dir='ltr'>sensibus</span> <span class='ocrx_word' id='word_1_104' title='bbox 1723 1904 2200 1997; x_wconf 88' lang='lat' dir='ltr'>perspiciendis</span> <span class='ocrx_word' id='word_1_105' title='bbox 2236 1928 2301 1974; x_wconf 87' lang='lat' dir='ltr'>et</span> <span class='ocrx_word' id='word_1_106' title='bbox 2330 1903 2426 1975; x_wconf 84' lang='lat' dir='ltr'>di-</span> 
     </span>
     <span class='ocr_line' id='line_1_15' title="bbox 320 2012 2428 2105; baseline 0.001 -26"><span class='ocrx_word' id='word_1_107' title='bbox 320 2013 633 2081; x_wconf 80' lang='lat' dir='ltr'>vinandis</span> <span class='ocrx_word' id='word_1_108' title='bbox 662 2014 870 2079; x_wconf 90' lang='lat' dir='ltr'>caruit</span> <span class='ocrx_word' id='word_1_109' title='bbox 896 2012 1100 2079; x_wconf 89' lang='lat' dir='ltr'>homo</span> <span class='ocrx_word' id='word_1_110' title='bbox 1128 2013 1375 2102; x_wconf 89' lang='lat' dir='ltr'>poetici</span> <span class='ocrx_word' id='word_1_111' title='bbox 1407 2013 1615 2101; x_wconf 79' lang='lat' dir='ltr'>magis</span> <span class='ocrx_word' id='word_1_112' title='bbox 1646 2013 1911 2094; x_wconf 79' lang='lat' dir='ltr'>calori5‚</span> <span class='ocrx_word' id='word_1_113' title='bbox 1946 2038 2144 2105; x_wconf 91' lang='lat' dir='ltr'>quam</span> <span class='ocrx_word' id='word_1_114' title='bbox 2170 2017 2428 2083; x_wconf 80' lang='lat' dir='ltr'>Criticae</span> 
     </span>
     <span class='ocr_line' id='line_1_16' title="bbox 320 2116 2436 2212; baseline 0 -26"><span class='ocrx_word' id='word_1_115' title='bbox 320 2119 783 2186; x_wconf 81' lang='lat' dir='ltr'>accurationis.</span> <span class='ocrx_word' id='word_1_116' title='bbox 800 2120 934 2184; x_wconf 91' lang='lat' dir='ltr'>Tot</span> <span class='ocrx_word' id='word_1_117' title='bbox 951 2135 1175 2183; x_wconf 89' lang='lat' dir='ltr'>autem</span> <span class='ocrx_word' id='word_1_118' title='bbox 1191 2116 1602 2183; x_wconf 88' lang='lat' dir='ltr'>eruditorum</span> <span class='ocrx_word' id='word_1_119' title='bbox 1620 2116 1956 2185; x_wconf 88' lang='lat' dir='ltr'>laboribus</span> <span class='ocrx_word' id='word_1_120' title='bbox 1973 2120 2040 2184; x_wconf 90' lang='lat' dir='ltr'>in</span> <span class='ocrx_word' id='word_1_121' title='bbox 2057 2145 2208 2187; x_wconf 90' lang='lat' dir='ltr'>meo</span> <span class='ocrx_word' id='word_1_122' title='bbox 2224 2123 2436 2212; x_wconf 87' lang='lat' dir='ltr'>scrip--</span> 
     </span>
     <span class='ocr_line' id='line_1_17' title="bbox 320 2225 2430 2318; baseline 0.001 -26"><span class='ocrx_word' id='word_1_123' title='bbox 320 2242 473 2292; x_wconf 83' lang='lat' dir='ltr'>tore</span> <span class='ocrx_word' id='word_1_124' title='bbox 513 2226 881 2306; x_wconf 86' lang='lat' dir='ltr'>collocatis,</span> <span class='ocrx_word' id='word_1_125' title='bbox 926 2225 1071 2291; x_wconf 89' lang='lat' dir='ltr'>fieri</span> <span class='ocrx_word' id='word_1_126' title='bbox 1109 2248 1247 2290; x_wconf 90' lang='lat' dir='ltr'>non</span> <span class='ocrx_word' id='word_1_127' title='bbox 1283 2225 1535 2314; x_wconf 89' lang='lat' dir='ltr'>potuit,</span> <span class='ocrx_word' id='word_1_128' title='bbox 1577 2226 1738 2314; x_wconf 90' lang='lat' dir='ltr'>quin</span> <span class='ocrx_word' id='word_1_129' title='bbox 1780 2225 2066 2314; x_wconf 87' lang='lat' dir='ltr'>plurima</span> <span class='ocrx_word' id='word_1_130' title='bbox 2094 2226 2234 2318; x_wconf 89' lang='lat' dir='ltr'>jam</span> <span class='ocrx_word' id='word_1_131' title='bbox 2272 2230 2430 2296; x_wconf 85' lang='lat' dir='ltr'>satis</span> 
     </span>
     <span class='ocr_line' id='line_1_18' title="bbox 321 2330 2427 2423; baseline 0 -25"><span class='ocrx_word' id='word_1_132' title='bbox 321 2330 668 2423; x_wconf 83' lang='lat' dir='ltr'>explanata</span> <span class='ocrx_word' id='word_1_133' title='bbox 693 2333 1076 2421; x_wconf 88' lang='lat' dir='ltr'>reperirem.</span> <span class='ocrx_word' id='word_1_134' title='bbox 1102 2333 1253 2415; x_wconf 88' lang='lat' dir='ltr'>Quo</span> <span class='ocrx_word' id='word_1_135' title='bbox 1287 2331 1356 2395; x_wconf 90' lang='lat' dir='ltr'>in</span> <span class='ocrx_word' id='word_1_136' title='bbox 1387 2353 1632 2419; x_wconf 78' lang='lat' dir='ltr'>genere</span> <span class='ocrx_word' id='word_1_137' title='bbox 1666 2330 1831 2396; x_wconf 89' lang='lat' dir='ltr'>nihil</span> <span class='ocrx_word' id='word_1_138' title='bbox 1860 2332 2028 2396; x_wconf 90' lang='lat' dir='ltr'>ultra</span> <span class='ocrx_word' id='word_1_139' title='bbox 2054 2333 2283 2398; x_wconf 86' lang='lat' dir='ltr'>lectori</span> <span class='ocrx_word' id='word_1_140' title='bbox 2312 2332 2427 2399; x_wconf 91' lang='lat' dir='ltr'>de-</span> 
     </span>
     <span class='ocr_line' id='line_1_19' title="bbox 317 2436 2427 2531; baseline 0 -25"><span class='ocrx_word' id='word_1_141' title='bbox 317 2438 609 2507; x_wconf 80' lang='lat' dir='ltr'>bebatur</span> <span class='ocrx_word' id='word_1_142' title='bbox 629 2465 667 2507; x_wconf 91' lang='lat' dir='ltr'>a</span> <span class='ocrx_word' id='word_1_143' title='bbox 690 2464 832 2522; x_wconf 90' lang='lat' dir='ltr'>me,</span> <span class='ocrx_word' id='word_1_144' title='bbox 862 2459 1061 2531; x_wconf 88' lang='lat' dir='ltr'>quam</span> <span class='ocrx_word' id='word_1_145' title='bbox 1090 2458 1165 2505; x_wconf 91' lang='lat' dir='ltr'>ut</span> <span class='ocrx_word' id='word_1_146' title='bbox 1192 2440 1388 2506; x_wconf 88' lang='lat' dir='ltr'>hasce</span> <span class='ocrx_word' id='word_1_147' title='bbox 1418 2463 1582 2529; x_wconf 89' lang='lat' dir='ltr'>opes</span> <span class='ocrx_word' id='word_1_148' title='bbox 1612 2436 1814 2531; x_wconf 70' lang='lat' dir='ltr'>quain</span> <span class='ocrx_word' id='word_1_149' title='bbox 1842 2441 2331 2530; x_wconf 78' lang='lat' dir='ltr'>religiosissime</span> <span class='ocrx_word' id='word_1_150' title='bbox 2356 2442 2427 2507; x_wconf 87' lang='lat' dir='ltr'>in</span> 
     </span>
     <span class='ocr_line' id='line_1_20' title="bbox 319 2544 2426 2639; baseline 0 -26"><span class='ocrx_word' id='word_1_151' title='bbox 319 2547 468 2639; x_wconf 81' lang='lat' dir='ltr'>ejus</span> <span class='ocrx_word' id='word_1_152' title='bbox 509 2546 937 2614; x_wconf 86' lang='lat' dir='ltr'>commodum</span> <span class='ocrx_word' id='word_1_153' title='bbox 974 2563 1454 2614; x_wconf 86' lang='lat' dir='ltr'>converterem.</span> <span class='ocrx_word' id='word_1_154' title='bbox 1496 2548 1579 2612; x_wconf 91' lang='lat' dir='ltr'>Et</span> <span class='ocrx_word' id='word_1_155' title='bbox 1618 2564 1797 2613; x_wconf 83' lang='lat' dir='ltr'>recte</span> <span class='ocrx_word' id='word_1_156' title='bbox 1835 2546 2070 2614; x_wconf 78' lang='lat' dir='ltr'>videor</span> <span class='ocrx_word' id='word_1_157' title='bbox 2106 2565 2214 2613; x_wconf 89' lang='lat' dir='ltr'>me</span> <span class='ocrx_word' id='word_1_158' title='bbox 2252 2544 2426 2615; x_wconf 87' lang='lat' dir='ltr'>tueri</span> 
     </span>
     <span class='ocr_line' id='line_1_21' title="bbox 315 2646 2428 2743; baseline 0.002 -27"><span class='ocrx_word' id='word_1_159' title='bbox 315 2653 714 2735; x_wconf 83' lang='lat' dir='ltr'>Quintiliani</span> <span class='ocrx_word' id='word_1_160' title='bbox 736 2652 868 2718; x_wconf 89' lang='lat' dir='ltr'>mei</span> <span class='ocrx_word' id='word_1_161' title='bbox 894 2646 1111 2718; x_wconf 87' lang='lat' dir='ltr'>dicto:</span> <span class='ocrx_word' id='word_1_162' title='bbox 1151 2682 1179 2712; x_wconf 76' lang='grc' dir='ltr'><strong><em>κ</em></strong></span> <span class='ocrx_word' id='word_1_163' title='bbox 1207 2655 1491 2717; x_wconf 79' lang='lat' dir='ltr'>Pravum</span> <span class='ocrx_word' id='word_1_164' title='bbox 1517 2669 1617 2718; x_wconf 88' lang='lat' dir='ltr'>est</span> <span class='ocrx_word' id='word_1_165' title='bbox 1642 2652 1979 2743; x_wconf 88' lang='lat' dir='ltr'>quoddam</span> <span class='ocrx_word' id='word_1_166' title='bbox 2004 2653 2299 2719; x_wconf 89' lang='lat' dir='ltr'>studium</span> <span class='ocrx_word' id='word_1_167' title='bbox 2329 2656 2428 2720; x_wconf 87' lang='lat' dir='ltr'>ni·-</span> 
     </span>
     <span class='ocr_line' id='line_1_22' title="bbox 315 2754 2428 2848; baseline 0.002 -25"><span class='ocrx_word' id='word_1_168' title='bbox 315 2754 419 2823; x_wconf 78' lang='lat' dir='ltr'>hil</span> <span class='ocrx_word' id='word_1_169' title='bbox 441 2780 672 2821; x_wconf 87' lang='lat' dir='ltr'>eorum</span> <span class='ocrx_word' id='word_1_170' title='bbox 691 2780 841 2848; x_wconf 82' lang='lat' dir='ltr'>quae</span> <span class='ocrx_word' id='word_1_171' title='bbox 856 2757 1040 2847; x_wconf 87' lang='lat' dir='ltr'>prior</span> <span class='ocrx_word' id='word_1_172' title='bbox 1052 2757 1290 2848; x_wconf 90' lang='lat' dir='ltr'>aliquis</span> <span class='ocrx_word' id='word_1_173' title='bbox 1311 2758 1651 2847; x_wconf 86' lang='lat' dir='ltr'>occuparit</span> <span class='ocrx_word' id='word_1_174' title='bbox 1672 2756 1966 2840; x_wconf 82' lang='lat' dir='ltr'>dicendi3</span> <span class='ocrx_word' id='word_1_175' title='bbox 1984 2781 2132 2848; x_wconf 84' lang='lat' dir='ltr'>quae</span> <span class='ocrx_word' id='word_1_176' title='bbox 2150 2759 2428 2827; x_wconf 80' lang='lat' dir='ltr'>ambitio·</span> 
     </span>
     <span class='ocr_line' id='line_1_23' title="bbox 318 2862 2425 2958; baseline 0.003 -32"><span class='ocrx_word' id='word_1_177' title='bbox 318 2862 558 2952; x_wconf 87' lang='lat' dir='ltr'>procul</span> <span class='ocrx_word' id='word_1_178' title='bbox 576 2864 788 2928; x_wconf 87' lang='lat' dir='ltr'>aberit</span> <span class='ocrx_word' id='word_1_179' title='bbox 805 2886 843 2927; x_wconf 87' lang='lat' dir='ltr'>a</span> <span class='ocrx_word' id='word_1_180' title='bbox 863 2887 992 2927; x_wconf 89' lang='lat' dir='ltr'>me.</span> <span class='ocrx_word' id='word_1_181' title='bbox 1013 2865 1246 2928; x_wconf 88' lang='lat' dir='ltr'>Dicam</span> <span class='ocrx_word' id='word_1_182' title='bbox 1268 2864 1448 2928; x_wconf 87' lang='lat' dir='ltr'>enim</span> <span class='ocrx_word' id='word_1_183' title='bbox 1468 2886 1602 2928; x_wconf 91' lang='lat' dir='ltr'>non</span> <span class='ocrx_word' id='word_1_184' title='bbox 1621 2865 1853 2954; x_wconf 88' lang='lat' dir='ltr'>utique</span> <span class='ocrx_word' id='word_1_185' title='bbox 1867 2914 1884 2945; x_wconf 91' lang='lat'>‚</span> <span class='ocrx_word' id='word_1_186' title='bbox 1903 2875 2054 2955; x_wconf 84' lang='lat' dir='ltr'>qu‘ae</span> <span class='ocrx_word' id='word_1_187' title='bbox 2072 2866 2425 2958; x_wconf 66' lang='lat' dir='ltr'>invenero,</span> 
     </span>
     <span class='ocr_line' id='line_1_24' title="bbox 321 2958 1621 3060; baseline -0.002 -24"><span class='ocrx_word' id='word_1_188' title='bbox 321 2967 445 3037; x_wconf 80' lang='lat' dir='ltr'>sed</span> <span class='ocrx_word' id='word_1_189' title='bbox 469 2958 618 3060; x_wconf 61' lang='lat' dir='ltr'>quie</span> <span class='ocrx_word' id='word_1_190' title='bbox 643 2967 1053 3059; x_wconf 75' lang='lat' dir='ltr'>placebunt»</span> <span class='ocrx_word' id='word_1_191' title='bbox 1090 2971 1156 3034; x_wconf 84' lang='grc' dir='ltr'>ΙΙ</span> <span class='ocrx_word' id='word_1_192' title='bbox 1172 3018 1190 3049; x_wconf 86' lang='grc'><strong>,</strong></span> <span class='ocrx_word' id='word_1_193' title='bbox 1233 2970 1338 3050; x_wconf 89' lang='grc' dir='ltr'>ι5,</span> <span class='ocrx_word' id='word_1_194' title='bbox 1372 2967 1477 3059; x_wconf 86' lang='grc'>37,</span> <span class='ocrx_word' id='word_1_195' title='bbox 1514 2966 1621 3036; x_wconf 87' lang='grc'>38.</span> 
     </span>
    </p>

    <p class='ocr_par' dir='ltr' id='par_1_5' title="bbox 319 3074 2432 4125">
     <span class='ocr_line' id='line_1_25' title="bbox 411 3074 2428 3166; baseline 0.002 -24"><span class='ocrx_word' id='word_1_196' title='bbox 411 3078 659 3142; x_wconf 85' lang='lat' dir='ltr'>Praeter</span> <span class='ocrx_word' id='word_1_197' title='bbox 697 3074 1023 3142; x_wconf 86' lang='lat' dir='ltr'>editiones</span> <span class='ocrx_word' id='word_1_198' title='bbox 1051 3075 1267 3166; x_wconf 87' lang='lat' dir='ltr'>justas</span> <span class='ocrx_word' id='word_1_199' title='bbox 1301 3075 1640 3165; x_wconf 86' lang='lat' dir='ltr'>scriptoris</span> <span class='ocrx_word' id='word_1_200' title='bbox 1677 3077 1843 3158; x_wconf 88' lang='lat' dir='ltr'>mei,</span> <span class='ocrx_word' id='word_1_201' title='bbox 1882 3076 2227 3144; x_wconf 81' lang='lat' dir='ltr'>affuerunt</span> <span class='ocrx_word' id='word_1_202' title='bbox 2256 3078 2428 3148; x_wconf 84' lang='lat' dir='ltr'>mihi</span> 
     </span>
     <span class='ocr_line' id='line_1_26' title="bbox 322 3177 2428 3273; baseline 0.001 -25"><span class='ocrx_word' id='word_1_203' title='bbox 322 3182 521 3248; x_wconf 75' lang='lat' dir='ltr'>etiam</span> <span class='ocrx_word' id='word_1_204' title='bbox 562 3181 831 3272; x_wconf 88' lang='lat' dir='ltr'>qnidam</span> <span class='ocrx_word' id='word_1_205' title='bbox 870 3178 1285 3246; x_wconf 86' lang='lat' dir='ltr'>eruditorum</span> <span class='ocrx_word' id='word_1_206' title='bbox 1321 3177 1564 3262; x_wconf 88' lang='lat' dir='ltr'>libelli,</span> <span class='ocrx_word' id='word_1_207' title='bbox 1607 3180 1851 3270; x_wconf 84' lang='lat' dir='ltr'>quibus</span> <span class='ocrx_word' id='word_1_208' title='bbox 1894 3182 2193 3273; x_wconf 89' lang='lat' dir='ltr'>ejusdem</span> <span class='ocrx_word' id='word_1_209' title='bbox 2227 3185 2428 3251; x_wconf 76' lang='lat' dir='ltr'>inter-</span> 
     </span>
     <span class='ocr_line' id='line_1_27' title="bbox 319 3286 2430 3379; baseline 0.002 -25"><span class='ocrx_word' id='word_1_210' title='bbox 319 3289 728 3379; x_wconf 84' lang='lat' dir='ltr'>pretationes</span> <span class='ocrx_word' id='word_1_211' title='bbox 762 3288 1281 3355; x_wconf 86' lang='lat' dir='ltr'>continerentur.</span> <span class='ocrx_word' id='word_1_212' title='bbox 1322 3289 1421 3352; x_wconf 81' lang='lat' dir='ltr'>Ex</span> <span class='ocrx_word' id='word_1_213' title='bbox 1453 3286 1697 3378; x_wconf 88' lang='lat' dir='ltr'>quibus</span> <span class='ocrx_word' id='word_1_214' title='bbox 1735 3286 1791 3353; x_wconf 89' lang='lat' dir='ltr'>si</span> <span class='ocrx_word' id='word_1_215' title='bbox 1823 3289 1939 3378; x_wconf 90' lang='lat' dir='ltr'>qui</span> <span class='ocrx_word' id='word_1_216' title='bbox 1971 3314 2080 3355; x_wconf 88' lang='lat' dir='ltr'>me</span> <span class='ocrx_word' id='word_1_217' title='bbox 2112 3291 2430 3359; x_wconf 84' lang='lat' dir='ltr'>latuerint</span> 
     </span>
     <span class='ocr_line' id='line_1_28' title="bbox 320 3393 2426 3485; baseline 0.002 -25"><span class='ocrx_word' id='word_1_218' title='bbox 320 3413 592 3484; x_wconf 78' lang='lat' dir='ltr'>magnas</span> <span class='ocrx_word' id='word_1_219' title='bbox 618 3396 679 3461; x_wconf 88' lang='lat' dir='ltr'>ei</span> <span class='ocrx_word' id='word_1_220' title='bbox 705 3393 969 3461; x_wconf 88' lang='lat' dir='ltr'>habebo</span> <span class='ocrx_word' id='word_1_221' title='bbox 992 3393 1257 3483; x_wconf 80' lang='lat' dir='ltr'>gratias,</span> <span class='ocrx_word' id='word_1_222' title='bbox 1286 3394 1402 3485; x_wconf 89' lang='lat' dir='ltr'>qui</span> <span class='ocrx_word' id='word_1_223' title='bbox 1426 3393 1590 3459; x_wconf 85' lang='lat' dir='ltr'>mihi</span> <span class='ocrx_word' id='word_1_224' title='bbox 1617 3416 1849 3459; x_wconf 89' lang='lat' dir='ltr'>eorum</span> <span class='ocrx_word' id='word_1_225' title='bbox 1869 3393 2170 3462; x_wconf 85' lang='lat' dir='ltr'>notitiam</span> <span class='ocrx_word' id='word_1_226' title='bbox 2193 3399 2426 3465; x_wconf 60' lang='lat' dir='ltr'>voluee</span> 
     </span>
     <span class='ocr_line' id='line_1_29' title="bbox 319 3499 2429 3592; baseline 0.003 -26"><span class='ocrx_word' id='word_1_227' title='bbox 319 3501 409 3566; x_wconf 83' lang='lat' dir='ltr'>rit</span> <span class='ocrx_word' id='word_1_228' title='bbox 437 3502 778 3590; x_wconf 87' lang='lat' dir='ltr'>impertiri.</span> <span class='ocrx_word' id='word_1_229' title='bbox 804 3503 1039 3592; x_wconf 82' lang='lat' dir='ltr'>Neque</span> <span class='ocrx_word' id='word_1_230' title='bbox 1066 3499 1300 3565; x_wconf 90' lang='lat' dir='ltr'>dubito</span> <span class='ocrx_word' id='word_1_231' title='bbox 1318 3550 1335 3582; x_wconf 90' lang='lat'>,</span> <span class='ocrx_word' id='word_1_232' title='bbox 1368 3501 1531 3591; x_wconf 86' lang='lat' dir='ltr'>quin</span> <span class='ocrx_word' id='word_1_233' title='bbox 1556 3500 1783 3567; x_wconf 82' lang='lat' dir='ltr'>multae</span> <span class='ocrx_word' id='word_1_234' title='bbox 1807 3502 2218 3592; x_wconf 78' lang='lat' dir='ltr'>singulorum</span> <span class='ocrx_word' id='word_1_235' title='bbox 2246 3504 2429 3572; x_wconf 79' lang='lat' dir='ltr'>loco-</span> 
     </span>
     <span class='ocr_line' id='line_1_30' title="bbox 320 3605 2430 3698; baseline 0.003 -26"><span class='ocrx_word' id='word_1_236' title='bbox 320 3623 473 3672; x_wconf 80' lang='lat' dir='ltr'>rum</span> <span class='ocrx_word' id='word_1_237' title='bbox 494 3608 959 3697; x_wconf 85' lang='lat' dir='ltr'>explicationes</span> <span class='ocrx_word' id='word_1_238' title='bbox 975 3607 1044 3670; x_wconf 92' lang='lat' dir='ltr'>in</span> <span class='ocrx_word' id='word_1_239' title='bbox 1059 3605 1342 3672; x_wconf 83' lang='lat' dir='ltr'>aliorum</span> <span class='ocrx_word' id='word_1_240' title='bbox 1361 3609 1762 3698; x_wconf 89' lang='lat' dir='ltr'>scriptorum</span> <span class='ocrx_word' id='word_1_241' title='bbox 1783 3605 2185 3677; x_wconf 90' lang='lat' dir='ltr'>editionibus</span> <span class='ocrx_word' id='word_1_242' title='bbox 2207 3609 2430 3680; x_wconf 79' lang='lat' dir='ltr'>obiter</span> 
     </span>
     <span class='ocr_line' id='line_1_31' title="bbox 321 3712 2418 3803; baseline 0.003 -26"><span class='ocrx_word' id='word_1_243' title='bbox 321 3715 714 3802; x_wconf 74' lang='lat' dir='ltr'>propositae,</span> <span class='ocrx_word' id='word_1_244' title='bbox 753 3712 1145 3779; x_wconf 87' lang='lat' dir='ltr'>industriam</span> <span class='ocrx_word' id='word_1_245' title='bbox 1174 3733 1393 3779; x_wconf 89' lang='lat' dir='ltr'>meam</span> <span class='ocrx_word' id='word_1_246' title='bbox 1428 3712 1809 3803; x_wconf 81' lang='lat' dir='ltr'>effugerint.</span> <span class='ocrx_word' id='word_1_247' title='bbox 1845 3715 2313 3782; x_wconf 78' lang='lat' dir='ltr'>Lochmannus</span> <span class='ocrx_word' id='word_1_248' title='bbox 2339 3719 2418 3783; x_wconf 78' lang='lat' dir='ltr'>V.</span> 
     </span>
     <span class='ocr_line' id='line_1_32' title="bbox 325 3819 2423 3912; baseline 0.003 -28"><span class='ocrx_word' id='word_1_249' title='bbox 325 3822 397 3885; x_wconf 90' lang='lat' dir='ltr'>C.</span> <span class='ocrx_word' id='word_1_250' title='bbox 428 3819 767 3909; x_wconf 82' lang='lat' dir='ltr'>professor</span> <span class='ocrx_word' id='word_1_251' title='bbox 791 3821 1269 3910; x_wconf 79' lang='lat' dir='ltr'>Coburgensis,</span> <span class='ocrx_word' id='word_1_252' title='bbox 1302 3820 1490 3912; x_wconf 89' lang='lat' dir='ltr'>cujus</span> <span class='ocrx_word' id='word_1_253' title='bbox 1515 3839 1714 3912; x_wconf 87' lang='lat' dir='ltr'>supra</span> <span class='ocrx_word' id='word_1_254' title='bbox 1733 3819 1874 3912; x_wconf 85' lang='lat' dir='ltr'>jam</span> <span class='ocrx_word' id='word_1_255' title='bbox 1905 3846 1944 3887; x_wconf 89' lang='lat' dir='ltr'>a</span> <span class='ocrx_word' id='word_1_256' title='bbox 1976 3847 2085 3887; x_wconf 90' lang='lat' dir='ltr'>me</span> <span class='ocrx_word' id='word_1_257' title='bbox 2116 3824 2287 3889; x_wconf 86' lang='lat' dir='ltr'>facta</span> <span class='ocrx_word' id='word_1_258' title='bbox 2324 3842 2423 3890; x_wconf 88' lang='lat' dir='ltr'>est</span> 
     </span>
     <span class='ocr_line' id='line_1_33' title="bbox 323 3921 2422 4017; baseline 0.001 -25"><span class='ocrx_word' id='word_1_259' title='bbox 323 3921 578 3992; x_wconf 88' lang='lat' dir='ltr'>mentio</span> <span class='ocrx_word' id='word_1_260' title='bbox 595 3975 613 4007; x_wconf 88' lang='lat'>,</span> <span class='ocrx_word' id='word_1_261' title='bbox 643 3926 895 4017; x_wconf 82' lang='lat' dir='ltr'>aliquot</span> <span class='ocrx_word' id='word_1_262' title='bbox 923 3925 1417 4016; x_wconf 90' lang='lat' dir='ltr'>prolusionibus</span> <span class='ocrx_word' id='word_1_263' title='bbox 1442 3928 1577 3993; x_wconf 90' lang='lat' dir='ltr'>suis</span> <span class='ocrx_word' id='word_1_264' title='bbox 1602 3926 1949 3993; x_wconf 79' lang='lat' dir='ltr'>illustravit</span> <span class='ocrx_word' id='word_1_265' title='bbox 1977 3926 2272 3993; x_wconf 91' lang='lat' dir='ltr'>Fabium.</span> <span class='ocrx_word' id='word_1_266' title='bbox 2295 3930 2422 3995; x_wconf 89' lang='lat' dir='ltr'>Eas</span> 
     </span>
     <span class='ocr_line' id='line_1_34' title="bbox 324 4031 2432 4125; baseline 0 -26"><span class='ocrx_word' id='word_1_267' title='bbox 324 4055 532 4123; x_wconf 86' lang='lat' dir='ltr'>penes</span> <span class='ocrx_word' id='word_1_268' title='bbox 567 4053 677 4096; x_wconf 87' lang='lat' dir='ltr'>me</span> <span class='ocrx_word' id='word_1_269' title='bbox 716 4054 858 4098; x_wconf 90' lang='lat' dir='ltr'>esse</span> <span class='ocrx_word' id='word_1_270' title='bbox 888 4055 1120 4099; x_wconf 89' lang='lat' dir='ltr'>omnes</span> <span class='ocrx_word' id='word_1_271' title='bbox 1146 4031 1312 4098; x_wconf 89' lang='lat' dir='ltr'>mihi</span> <span class='ocrx_word' id='word_1_272' title='bbox 1339 4032 1734 4122; x_wconf 88' lang='lat' dir='ltr'>persuadeo.</span> <span class='ocrx_word' id='word_1_273' title='bbox 1776 4033 1955 4099; x_wconf 90' lang='lat' dir='ltr'>Sunt·</span> <span class='ocrx_word' id='word_1_274' title='bbox 1975 4050 2197 4098; x_wconf 89' lang='lat' dir='ltr'>autem</span> <span class='ocrx_word' id='word_1_275' title='bbox 2231 4036 2432 4125; x_wconf 83' lang='lat' dir='ltr'>quin·</span> 
     </span>
    </p>
   </div>
   <div class='ocr_carea' id='block_1_5' title="bbox 327 4139 2428 4237">
    <p class='ocr_par' dir='ltr' id='par_1_6' title="bbox 327 4139 2428 4237">
     <span class='ocr_line' id='line_1_35' title="bbox 327 4139 2428 4237; baseline 0.002 -32"><span class='ocrx_word' id='word_1_276' title='bbox 327 4163 458 4230; x_wconf 82' lang='lat' dir='ltr'>que</span> <span class='ocrx_word' id='word_1_277' title='bbox 481 4162 810 4209; x_wconf 83' lang='lat' dir='ltr'>annorum</span> <span class='ocrx_word' id='word_1_278' title='bbox 846 4139 1049 4236; x_wconf 83' lang='lat'>1776,</span> <span class='ocrx_word' id='word_1_279' title='bbox 1077 4139 1195 4230; x_wconf 85' lang='lat'>78,</span> <span class='ocrx_word' id='word_1_280' title='bbox 1227 4140 1345 4223; x_wconf 82' lang='lat'>88,</span> <span class='ocrx_word' id='word_1_281' title='bbox 1378 4140 1493 4237; x_wconf 82' lang='lat'>89,</span> <span class='ocrx_word' id='word_1_282' title='bbox 1523 4163 1633 4229; x_wconf 85' lang='lat'>90.</span> <span class='ocrx_word' id='word_1_283' title='bbox 1664 4140 1879 4233; x_wconf 86' lang='lat' dir='ltr'>Hujus</span> <span class='ocrx_word' id='word_1_284' title='bbox 1899 4141 2025 4208; x_wconf 83' lang='lat' dir='ltr'>viri</span> <span class='ocrx_word' id='word_1_285' title='bbox 2050 4158 2115 4208; x_wconf 89' lang='lat' dir='ltr'>et</span> <span class='ocrx_word' id='word_1_286' title='bbox 2143 4140 2428 4233; x_wconf 77' lang='lat' dir='ltr'>diligen-</span> 
     </span>
    </p>
   </div>
  </div>
 </body>
</html>
