3200 5150
1174 516 1690 583 PRAEFATlo.
2400 545 2477 610 27

469 653 523 699 et
549 639 796 718 judicare
819 644 1005 699 visum
1027 652 1136 712 est,
1165 644 1268 698 etsi
1302 640 1439 698 levis
1472 654 1702 721 apparet
1726 640 2032 699 diversitas.
2066 640 2275 700 Placuit
2297 647 2490 701 Ex-Je-

469 740 615 792 mitis
649 733 1049 806 Quintilianum
1089 734 1354 792 reducere
1390 738 1449 792 in
1491 734 1709 793 scholas
1750 754 1908 805 suas,
1947 735 2045 792 sed
2085 738 2160 793 ita
2201 750 2263 793 ut
2304 741 2489 815 ipsum

468 847 689 906 quoque
729 827 1008 885 Rollinum
1052 829 1443 903 contraherent
1485 840 1543 886 et
1581 828 1914 885 breviarent.
1961 831 2103 885 Mira
2141 832 2289 886 inter
2326 829 2491 906 hujus

471 920 688 999 collegii
725 919 978 977 homines
1009 921 1300 980 intercedit
1333 922 1611 979 bonorum
1645 924 1997 991 communio,
2028 933 2093 978 ut
2127 941 2197 978 ne
2234 935 2496 1001 appareat

470 1014 730 1091 quidem,
760 1013 950 1071 Blassii
979 1033 1120 1093 opus
1148 1018 1442 1092 repetitum
1471 1033 1590 1071 esse
1616 1034 1682 1070 ex
1703 1013 1975 1084 Andrete,
2009 1017 2116 1072 nisi
2150 1017 2234 1084 ei,
2262 1018 2357 1091 qui
2389 1014 2496 1071 hoc

472 1125 691 1184 quoque
714 1110 1010 1184 usurparit.
1034 1106 1320 1186 Philologo
1344 1120 1522 1164 totum
1545 1109 1655 1164 hoc
1685 1110 2001 1165 institutum
2023 1127 2138 1163 non
2161 1127 2498 1185 magnopere

431 1227 436 1231 ·
471 1197 763 1276 probetur,
806 1200 902 1256 ubi
942 1212 1102 1257 vetus
1144 1204 1382 1279 scriptor
1421 1200 1491 1257 ad
1532 1200 1772 1258 formam
1817 1204 2139 1258 recentioris
2182 1200 2498 1280 compendii

470 1293 769 1372 redigitur,
805 1298 1118 1375 artiumque
1156 1299 1445 1374 praeceptis
1485 1307 1748 1354 oneratur
1784 1316 1815 1352 e
1846 1296 2201 1375 popularium
2237 1296 2500 1374 operibus

472 1391 770 1466 excerptis,
795 1388 947 1466 quod
969 1388 1133 1468 longe
1157 1409 1313 1448 secus
1333 1403 1415 1447 est
1438 1392 1496 1446 in
1514 1386 1749 1446 Rollino.
1774 1389 2274 1447 Chrestomathiam
2298 1395 2499 1466 Quinc-

475 1484 757 1552 tilianam,
788 1493 854 1538 ut
888 1494 1092 1540 vocant
1129 1486 1225 1560 qui
1259 1483 1403 1539 hanc
1434 1485 1716 1561 epitomen
1749 1481 2121 1552 adornarunt,
2149 1490 2316 1559 q‘uam
2353 1493 2499 1538 recte

475 1573 806 1645 defendant,
836 1578 883 1634 si
911 1575 1219 1633 defendunt
1233 1618 1251 1647 ,
1279 1576 1533 1653 exemplo
1557 1575 1832 1634 columna!
1852 1580 2098 1652 'Ii-ajanoe
2114 1617 2131 1645 ‚
2155 1579 2256 1632 viae
2279 1579 2470 1655 Appiae
2484 1616 2500 1646 ‚

474 1668 612 1746 legis
646 1672 1014 1746 Semproniae,
1049 1673 1237 1727 nescio
1273 1669 1564 1747 equidem;
1597 1668 1856 1748 displicet
1887 1681 2072 1726 tamen
2108 1670 2261 1746 quod
2296 1689 2502 1727 novare

476 1759 686 1836 aliquid
723 1760 1067 1832 maluerunt,
1095 1781 1263 1840 quam
1304 1762 1729 1836 Quintilianeum
1770 1757 2048 1836 appellare
2085 1778 2213 1815 cum
2248 1772 2333 1817 tot
2369 1763 2502 1817 viris

475 1848 842 1923 doctissimis,
883 1854 1154 1932 quidquid
1188 1857 1493 1933 pertineret
1528 1853 1598 1910 ad
1636 1856 1962 1931 scriptorem
2000 1861 2271 1908 nostrum.
2313 1858 2505 1930 Neque

476 1965 734 2024 magnam
763 1947 1169 2004 committendas
1200 1960 1256 2004 et
1287 1946 1671 2004 continuanda
1699 1948 1963 2001 orationis
1988 1942 2288 2002 sollertiam
2315 1949 2372 2001 in
2398 1947 2506 2003 hoc

475 2041 700 2117 negotio
723 2041 1126 2115 praestiterunt,
1156 2059 1328 2118 quum
1350 2039 1583 2096 Fabium
1603 2038 1864 2117 juberent
1891 2038 2042 2095 hunc
2073 2040 2133 2094 in
2162 2038 2392 2095 modum
2421 2038 2505 2095 lo-

477 2134 574 2210 qui
596 2156 609 2187 =
644 2156 667 2181 α
690 2129 825 2189 Inde
848 2134 952 2188 erit
974 2144 1146 2190 status
1161 2174 1178 2203 ,
1207 2132 1358 2211 quod
1374 2165 1443 2175 —
1459 2136 1675 2189 auditor
1694 2131 2056 2210 spectandum
2086 2135 2323 2188 maxime
2350 2131 2511 2188 intel-

484 2250 510 2276 ·
534 2225 683 2304 ligit:
710 2224 862 2303 quod
892 2241 1016 2283 esset
1043 2228 1102 2281 in
1135 2244 1299 2283 causa
1329 2226 1811 2303 potentissimum,
1843 2237 1900 2282 et
1931 2229 1988 2282 in
2019 2244 2131 2303 quo
2160 2226 2398 2282 maxime
2421 2244 2509 2281 res

489 2340 514 2371 ι
539 2334 833 2377 verteretur.
860 2344 883 2369 ι·
918 2320 1137 2379 Frustra
1160 2321 1549 2398 grammaticus
1582 2318 1677 2376 hic
1703 2330 2036 2375 structuram
2063 2318 2327 2397 expedire
2358 2316 2514 2374 labo-

480 2424 599 2483 ret,
645 2424 701 2470 et
744 2415 1011 2489 temporis
1052 2423 1147 2470 aut
1192 2412 1343 2469 modi
1378 2415 1655 2470 ‘rationem'
1697 2411 1928 2469 reddere
1965 2423 2197 2481 conetur
2231 2414 2291 2468 in
2325 2411 2512 2468 verbis

482 2508 726 2584 signatis.
752 2505 953 2563 Fabius
976 2504 1200 2585 quidem
1216 2547 1232 2577 ,
1257 2508 1430 2562 mirus
1452 2504 1624 2563 lucidi
1647 2505 1858 2563 ordinis
1882 2518 1937 2562 et
1957 2505 2226 2585 expedita·
2249 2507 2512 2562 orationis

484 2599 713 2670 artifex,
745 2602 932 2678 priora
958 2600 1054 2658 illa
1080 2618 1255 2677 usque
1279 2599 1350 2656 ad
1381 2603 1633 2677 intelligit
1657 2602 1818 2677 ponit
1840 2605 1942 2668 111,
1973 2602 2007 2654 6
2024 2639 2040 2668 ,
2070 2619 2137 2672 9;
2167 2597 2355 2655 multis
2378 2618 2513 2656 vero

484 2695 783 2770 interjectis
820 2691 969 2762 aliis,
1005 2694 1056 2762 S.
1097 2692 1345 2769 ejusdem
1378 2696 1573 2771 capitis
1612 2713 1673 2749 αι
1696 2733 1714 2762 ,
1746 2695 2052 2770 posteriora
2085 2691 2220 2748 dicit
2253 2694 2312 2748 in
2348 2711 2512 2750 sensu

485 2788 733 2862 integro,
762 2785 861 2842 uhi
892 2785 1186 2865 proecedit:
1229 2811 1251 2836 οι
1275 2790 1476 2843 Nostra
1508 2788 1699 2864 opinio
1731 2806 1951 2864 semper
1981 2786 2096 2842 haec
2131 2784 2239 2842 fuit
2260 2812 2282 2835 ι·
2304 2826 2322 2855 ,
2349 2788 2425 2842 ita
2454 2799 2514 2842 ut

487 2877 638 2934 salva
661 2890 716 2934 et
737 2877 957 2956 elegans
980 2882 1054 2936 sit
1075 2890 1350 2937 structura
1372 2883 1431 2935 in
1457 2878 1795 2958 imperfectis
1820 2882 1939 2937 istis
1964 2882 2319 2955 conjunctivi.
2340 2878 2518 2936 Debe-

485 2969 623 3028 bant
652 2973 822 3047 igitur
846 2974 1140 3030 immutare
1170 2973 1289 3030 haec
1315 2972 1605 3051 paululum
1621 3014 1639 3043 ,
1662 2984 1726 3029 ut
1748 2976 1972 3042 Latina,
1996 2975 2110 3028 imo
2139 2991 2303 3041 sana,
2332 2992 2519 3029 mane-

486 3075 642 3131 rent3
671 3062 824 3141 quod
855 3063 1037 3120 facere
1059 3068 1352 3142 caeteroqui
1376 3064 1572 3142 religio
1605 3068 1674 3122 iis
1706 3083 1821 3122 non
1854 3064 1992 3133 fuit,
2021 3067 2286 3142 quoniam
2309 3069 2522 3121 auditor

487 3159 827 3235 scripserunt
870 3156 1040 3214 modo
1078 3176 1182 3235 pro
1220 3177 1322 3227 eo,
1364 3157 1518 3235 quod
1556 3170 1643 3214 est
1682 3157 1832 3236 apud
1871 3158 2303 3229 Quintilianum,
2327 3161 2514 3235 judex.

487 3253 680 3319 Nunc,
710 3249 846 3309 dum
876 3269 1066 3327 presse
1097 3251 1350 3326 sequitur
1380 3253 1710 3328 scriptorem
1735 3251 2070 3328 epitomator
2095 3249 2308 3307 Andres
2325 3292 2343 3321 ,
2368 3254 2519 3327 inju-

484 3346 630 3398 riam
654 3340 788 3399 fecit
812 3342 1175 3399 disertissimo
1204 3342 1437 3399 homini.
1466 3342 1769 3400 Andretem
1791 3362 1926 3399 vero
1955 3341 2281 3421 simpliciter
2302 3363 2522 3422 expres-

491 3439 563 3493 sit
583 3434 850 3506 Blassius,
872 3439 973 3492 etsi
994 3436 1127 3493 alias
1150 3435 1408 3493 deserens
1432 3435 1721 3506 eumdem,
1749 3448 1806 3492 et
1827 3435 1989 3514 plura
2016 3439 2183 3492 ctiam
2207 3455 2478 3494 resecans.

504 3548 602 3610 Ex
632 3544 792 3627 hoc,
825 3570 1026 3636 quem
1065 3548 1203 3638 egi,
1243 3570 1448 3614 censu
1480 3546 1854 3614 editionum
1881 3570 2183 3614 mearum
2211 3565 2516 3638 apparet,

418 3667 494 3716 ut
529 3649 738 3719 bonas
770 3651 1038 3733 multas,
1070 3653 1205 3718 imo
1234 3651 1547 3743 capitales
1580 3652 1750 3720 mihi
1780 3670 2023 3743 praesto
2054 3676 2233 3735 esse,
2265 3656 2354 3720 ita
2383 3677 2519 3719 nou

419 3759 645 3846 paucis
678 3759 890 3849 iisque
922 3782 1178 3848 magnae
1213 3759 1653 3841 auctoritatiS,
1687 3776 1765 3826 ut
1794 3759 2288 3849 Stephanianis,
2315 3758 2523 3824 Vido·

417 3864 578 3945 vaei,
620 3864 1013 3948 Vascosani‚
1062 3859 1367 3931 Gallandi
1412 3889 1521 3931 me
1571 3889 1833 3946 carere,
1881 3887 2033 3956 quae
2084 3865 2361 3930 fortasse
2407 3863 2525 3929 ali-

424 3968 694 4062 quando
747 3970 1172 4038 dominorum
1219 3973 1530 4038 facilitate
1581 3971 1749 4038 mihi
1799 3971 2188 4060 contingent
2232 3969 2519 4040 utendae.

425 4075 920 4165 Amplissimum
959 4079 1290 4158 omnium,
1327 4094 1664 4169 quotquot
1701 4077 1889 4144 factae
1926 4091 2113 4154 sunt,
2149 4074 2521 4143 editionum

425 4177 713 4250 indicem
755 4205 1019 4251 mecum
1066 4184 1579 4252 communicavit
1617 4185 1717 4252 vir
1759 4184 1858 4251 rei
1897 4181 2178 4250 librariae
2218 4199 2520 4250 veterum
