3200 5150
836 505 910 548 ιο
1290 474 1639 544 osone.
1689 473 1907 563 nnn.
1956 470 2429 537 SPALDmG

826 618 894 667 et
916 623 1001 667 ne
1024 598 1500 689 certaquidem
1524 613 1625 663 est
1651 596 1973 685 scriptura
2003 590 2204 685 hujus
2231 594 2431 661 vocis.
2469 596 2546 660 In
2575 609 2757 662 tanto
2783 596 2901 662 ho·

820 728 1065 773 norum
1084 705 1343 794 fastigio
1361 704 1720 771 collocatus
1739 699 1954 767 oblata
1970 723 2009 766 a
2027 700 2242 764 Plinio
2262 701 2317 764 L
2330 699 2533 764 millia
2557 722 2904 765 nummum

823 813 931 877 vix
953 812 1172 903 potuit
1193 832 1328 876 non
1356 808 1685 898 indignari
1701 858 1719 889 ‚
1755 805 1872 872 sed
1901 828 1987 871 ne
2020 803 2301 871 idoneus
2324 804 2598 895 quidem
2619 804 2903 887 videtur,

824 919 941 1008 qui
958 940 997 983 a
1017 919 1055 983 J
1062 916 1337 982 uvenale
1357 930 1694 1005 tamquam
1711 930 2090 1002 temporum
2110 932 2382 977 suorum
2403 910 2660 1000 insigne
2684 910 2906 978 divitis

823 1022 1106 1088 rhetoris
1158 1019 1532 1110 exemplum
1581 1035 1968 1085 ostentetur.
2020 1017 2250 1082 Refert
2296 1016 2474 1082 enim
2515 1015 2599 1083 ad
2642 1040 2906 1084 causam

823 1129 1035 1208 illam,
1068 1150 1267 1218 quam
1298 1126 1432 1215 agit
1460 1143 1692 1216 poeta,
1724 1122 2197 1202 dirimendam,
2227 1123 2450 1189 vivere
2473 1138 2608 1188 tam
2642 1110 2906 1190 felicem

822 1233 1055 1301 orandi
1089 1250 1566 1322 praeceptorem
1600 1255 1679 1297 ea
1716 1233 1855 1321 ipsa
1892 1246 2271 1317 tempestate
2307 1252 2437 1320 qua
2473 1229 2652 1295 solus
2693 1232 2910 1296 Caesar

720 1323 735 1334 ”
820 1338 1270 1424 (Hadrianum
1308 1335 1637 1427 intellige)
1681 1340 1889 1403 metes
1926 1335 2281 1405 Camoenas
2321 1338 2683 1422 respexerit
2712 1337 2785 1419 (J
2796 1359 2904 1400 uv.
2937 1401 2946 1407 ,

823 1446 951 1512 Sat.
978 1446 1134 1525 vn,
1174 1467 1199 1509 ι
1221 1494 1241 1525 ,
1280 1447 1372 1531 2).
1407 1444 1673 1534 Alioqui
1703 1442 1882 1509 enim
1908 1438 2395 1533 cujus‘tandem
2423 1459 2523 1507 est
2547 1444 2865 1506 momenti
2887 1493 2906 1523 ‚

822 1549 1008 1640 quod
1037 1548 1425 1640 aliquando,
1455 1548 1579 1616 sub
1609 1550 2019 1630 Domitiano,
2055 1547 2240 1613 dives
2270 1547 2396 1627 fuit
2424 1548 2914 1631 Quintilianus?

821 1655 952 1722 Sed
970 1655 1169 1721 habet
1183 1672 1361 1722 totus
1375 1657 1497 1722 iste
1511 1658 1549 1722 J
1556 1655 1850 1721 uvenalis
1869 1656 2075 1733 locus,
2098 1655 2168 1718 in
2190 1652 2431 1744 quibus
2447 1652 2715 1719 haereas.
2732 1653 2914 1719 Olim

823 1762 962 1826 fere
980 1763 1121 1826 VV.
1149 1764 1291 1827 DD.
1318 1762 1584 1842 iratum,
1612 1761 1701 1828 ob
1720 1777 1987 1850 negatas
2011 1760 2081 1825 in
2101 1778 2305 1850 opere
2331 1780 2453 1823 suo
2473 1756 2734 1839 laudes,
2761 1757 2911 1823 rhe-

819 1870 949 1935 tori
988 1886 1256 1957 poetam
1286 1868 1684 1936 videbantur
1719 1869 1846 1935 sibi
1881 1888 2274 1965 agnoseere3
2311 1867 2718 1955 argumentis
2754 1888 2912 1932 sane

823 1964 1118 2040 infirmis.
1162 1978 1501 2056 Attamen,
1542 1996 1623 2040 ex
1656 1999 1792 2062 quo
1829 1975 1974 2041 haec
2011 1972 2466 2061 interpretatio
2490 1971 2690 2060 vulgo
2727 1971 2912 2063 rejici

820 2081 1053 2169 coepit,
1083 2103 1318 2168 parum
1344 2077 1703 2144 attendisse
1733 2099 1848 2142 eos
1883 2076 2062 2142 dicas
2093 2077 2476 2141 universum
2502 2076 2701 2168 hujus
2730 2101 2914 2143 com-

822 2185 1321 2251 memorationis
1345 2184 1672 2262 colorem,
1710 2182 1828 2272 qui
1863 2183 2150 2246 amicum
2183 2197 2250 2246 et
2281 2182 2613 2246 faventem
2647 2184 2913 2265 Quinti-

821 2292 999 2357 liano
1021 2293 1130 2355 vix
1150 2306 1401 2379 arguat.
1427 2293 1530 2355 An
1554 2288 1888 2354 cumulata
1912 2288 2033 2353 ista
2057 2286 2369 2352 attributa
2391 2310 2431 2352 a
2453 2309 2648 2353 versu
2685 2312 2706 2352 ι
2721 2308 2806 2376 90
2824 2288 2912 2354 ad

833 2397 953 2486 193
991 2413 1146 2463 sunt
1181 2396 1354 2462 serio
1387 2393 1758 2460 laudantis?
1789 2394 2026 2459 Nonne
2057 2409 2156 2459 est
2184 2393 2398 2458 irrisio
2428 2394 2495 2458 in
2525 2394 2641 2459 iis:
2689 2423 2716 2453 a
2742 2396 2824 2460 Et
2855 2397 2913 2462 si

824 2503 1150 2594 perfrixit,
1181 2518 1398 2569 eantat
1424 2500 1637 2566 bene?
1661 2529 1688 2559 n
1722 2502 1874 2565 Non
1896 2500 2068 2589 fugit
2090 2521 2198 2562 me
2226 2499 2355 2565 Sat.
2375 2500 2498 2581 Vl,
2528 2503 2640 2588 74,
2673 2503 2916 2591 turpis·

824 2610 1004 2675 simis
1027 2607 1408 2674 hominibus
1434 2607 1677 2674 diserte
1703 2608 1952 2697 opponi
1978 2606 2458 2690 Quintilianum
2475 2657 2492 2687 ,
2525 2627 2745 2697 neque
2772 2632 2911 2674 me-

823 2714 951 2780 lius
997 2715 1248 2780 caeteris
1288 2737 1397 2780 me
1414 2764 1430 2795 ,
1480 2738 1616 2804 quo
1660 2712 1805 2780 haec
1853 2711 2238 2793 tenderent,
2287 2714 2696 2802 perspexisse
2744 2715 2911 2781 mihi

822 2833 1036 2886 sumo.
1078 2820 1157 2886 Id
1192 2843 1349 2910 ago,
1372 2809 1478 2885 sne
1520 2821 1670 2911 quis
1712 2819 2096 2909 expeditum
2133 2822 2317 2884 omni
2354 2839 2433 2884 ex
2468 2837 2655 2909 parte
2685 2821 2913 2888 loc'um

823 2927 1180 3007 existimet,
1212 2928 1280 2991 in
1310 2950 1446 3018 quo
1462 2943 1831 3014 ‘tanguntur
1858 2927 2136 2990 fortasse
2161 2923 2466 3015 quaedam
2489 2942 2648 2993 tunc
2673 2929 2740 2991 in
2769 2928 2915 2992 vul-

821 3047 944 3118 gus
967 3048 1150 3114 nota,
1170 3055 1455 3122 quorum
1473 3030 1558 3096 ad
1582 3053 1705 3096 nos
1731 3031 1960 3096 notitia
1985 3031 2164 3095 nulla
2188 3032 2585 3119 pervenerit.
2611 3035 2712 3096 An
2737 3033 2911 3100 forte

824 3152 890 3201 et
925 3136 1066 3204 haec
1102 3138 1309 3204 nostri
1345 3138 1682 3226 scriptoris
1712 3138 2252 3202 commemoratio
2289 3158 2411 3224 per
2436 3137 2711 3226 figuram
2740 3140 2914 3205 facta

826 3259 924 3308 est
945 3265 983 3307 a
1006 3245 1045 3307 J
1050 3244 1355 3323 uvenale,
1386 3245 1579 3308 sicuti
1601 3243 1804 3308 altera
1829 3242 1940 3308 illa
1963 3239 2210 3308 Paridis
2234 3240 2599 3337 histrionis,
2627 3246 2735 3309 cui
2755 3249 2916 3334 Aga·

824 3371 953 3412 ven
972 3369 1157 3412 suam
1177 3350 1435 3438 aliaque
1456 3335 1760 3438 poema'ta
1783 3346 2104 3413 venderet
2120 3347 2398 3413 Statius?
2412 3350 2473 3431 (J
2477 3371 2585 3413 uv.
2607 3350 2734 3416 Sat.
2753 3352 2880 3415 vn
2893 3399 2911 3430 ‚

825 3456 911 3543 87
949 3460 1175 3546 seqq.)
1210 3458 1377 3520 Nam
1415 3457 1637 3544 ipsum
1665 3454 1939 3545 quidem
1968 3457 2329 3522 Domitiani
2361 3455 2662 3522 Paridem
2697 3457 2911 3548 desig-

821 3563 965 3627 nari
989 3585 1126 3628 non
1150 3565 1444 3652 potuisse
1467 3587 1506 3629 a
1528 3564 1885 3630 Satirarum
1909 3566 2257 3655 scriptore,
2277 3565 2532 3630 affatim
2556 3565 2912 3654 probatum

824 3686 924 3736 est
941 3694 980 3735 a
998 3669 1339 3752 salmasio,
1361 3672 1404 3737 l.
1423 3695 1479 3738 c.
1495 3722 1512 3754 ,
1537 3695 1574 3737 e
1593 3673 1855 3739 ⁸vetusto
1871 3675 2028 3739 vitae
2043 3676 2081 3740 J
2085 3675 2380 3740 uvenalis
2398 3691 2687 3756 auctore,
2707 3698 2913 3765 quem

825 3778 977 3843 satis
1002 3775 1447 3867 probabiliter
1479 3779 1747 3869 conjicit
1783 3781 1894 3845 ille
1935 3781 2324 3847 Suetonium
2366 3791 2527 3845 esse.
2573 3781 2705 3862 Ita,
2747 3779 2913 3846 dum

821 3884 1300 3966 Quintilianum
1341 3884 1630 3976 appellat
1650 3936 1666 3967 ,
1710 3886 1914 3951 alium
1952 3888 2230 3953 istorum
2271 3903 2648 3975 temporum
2683 3886 2910 3953 rheto-

824 4010 967 4054 rem
1015 3990 1404 4081 significavit
1452 3993 1790 4059 Juvenalis
1806 4043 1823 4075 ,
1876 3992 1961 4059 ab
2003 3991 2368 4083 aequalibus
2412 3991 2912 4082 agnoscendum

828 4117 980 4160 eum
1000 4119 1135 4162 non
1154 4100 1372 4164 miuus
1389 4149 1406 4184 ,
1434 4122 1632 4190 quam
1660 4099 1846 4165 illum
1871 4098 1993 4165 sub
2020 4098 2250 4165 Paride
2274 4097 2626 4189 figuratum
2649 4098 2912 4165 histrio-
