3200 5150
693 497 1340 566 1Ns⁷r1TUT10N18
1375 497 1631 563 ORAT.
1672 500 1834 563 Lm.
1873 501 1939 580 1,
1982 526 2042 589 7.

2294 505 2410 597 ¹95

321 623 788 724 uibu8,‘quas
811 624 1175 723 proposui,
1207 622 1444 694 litteris
1476 644 1882 713 enotamus;
1921 626 1994 697 in
2016 652 2159 725 quo
2186 629 2416 726 pueris

329 740 567 829 nobis,
606 739 694 812 ad
726 739 1063 838 pinguem
1098 765 1263 810 sane
1296 764 1549 810 sonum
1570 793 1588 825 ‚
1628 766 1723 840 qu
1756 760 1825 811 et
1851 746 1920 811 οἱ
1944 754 1963 784 ¹
2005 740 2416 835 utebantur,

329 874 601 929 tantum
637 876 718 926 ut
748 855 837 945 ab
875 852 993 927 illo
1022 861 1146 956 qui
1179 852 1730 951 distingueretur.
1778 854 2016 947 Quid?
2055 882 2210 955 quae
2245 858 2421 929 scri·
2461 874 2525 926 ιε

330 967 598 1043 buntur
626 967 855 1056 aliter,
886 994 1102 1066 quarn
1125 965 1639 1038 enunciantur?
1670 970 1853 1038 Nam
1887 990 1956 1040 et
1983 971 2200 1068 Gajus
2220 972 2282 1042 C
2304 970 2426 1043 lit-

329 1103 475 1155 tera
500 1102 810 1179 notatur,
845 1109 999 1182 quae
1028 1082 1340 1181 inversa²
1366 1084 1426 1156 D
1456 1081 1828 1154 mulierem
1858 1081 2230 1175 declarat³‚
2261 1086 2429 1184 quia

332 1218 479 1269 tam
516 1198 731 1298 Cajas
761 1223 906 1269 esse
937 1198 1295 1287 vocitataS,
1327 1224 1544 1298 quam
1568 1193 1858 1295 Cujus-4,
1895 1196 2104 1268 etiam
2128 1223 2210 1269 ex
2238 1225 2431 1298 nup-

335 1311 615 1384 tialibus
665 1311 869 1383 sac'ris
921 1331 1220 1412 apparet.
1279 1314 1423 1384 Nec
1469 1308 1745 1382 Gneus⁵
1791 1335 1949 1381 eam
2008 1310 2304 1384 litteram
2357 1312 2431 1386 in
2471 1346 2538 1399 ²9

251 1586 259 1594 ,
339 1525 654 1581 diunt.Vide
667 1541 850 1580 notam
868 1526 1005 1593 adl,
1026 1545 1076 1599 7,
1099 1544 1185 1593 21,
1203 1527 1344 1579 dixe·

339 1618 480 1660 runt.
508 1635 581 1645 —
608 1609 670 1659 R.
698 1624 762 1672 a,
785 1608 944 1659 Cau».
972 1620 1024 1659 et
1047 1608 1201 1671 Cum,
1228 1624 1346 1659 usus

342 1688 386 1739 el
417 1685 659 1737 litteram.
677 1686 789 1738 Ed.
823 1685 1019 1750 flach,
1046 1704 1166 1737 usus
1190 1687 1231 1737 F
1258 1684 1346 1737 lit-

343 1777 523 1818 teram.
549 1766 642 1817 En.
664 1763 1071 1816 —AEolicam...
1100 1763 1342 1816 litteram.

343 1844 546 1909 videl,
569 1841 631 1909 4,
657 1860 704 1913 7.
721 1842 1090 1914 -AdJecerat.
1108 1846 1260 1895 Voss.
1287 1857 1315 1892 a
1328 1877 1346 1907 ,

343 1921 599 1995 aaeijecen’t.
632 1923 756 1974 Non
787 1923 900 1974 eine
933 1920 1220 1991 elegantia,
1248 1938 1346 1993 pro

346 2000 460 2055 his:
488 2000 725 2073 adjecisse
741 2001 900 2072 possit
923 1998 1098 2051 videri.

424 2096 470 2132 ι.
507 2079 589 2149 Qu
617 2092 672 2132 et
696 2079 763 2130 oi.
794 2077 954 2131 Goth.
984 2077 1121 2148 (tac.
1149 2076 1350 2148 Genu.)

346 2158 506 2232 quoi,
544 2171 604 2210 ut
638 2171 692 2211 et
721 2161 873 2211 Voss.
912 2175 941 2209 τι
980 2171 1033 2210 et
1067 2170 1193 2210 vett.
1227 2155 1347 2209 edd.

346 2239 460 2290 fere
481 2255 680 2289 omnes.
700 2239 761 2288 In
778 2236 953 2289 Guelf.
976 2249 1149 2288 tamen
1170 2248 1249 2288 est
1265 2254 1353 2287 re-

349 2330 538 2389 cepta,
567 2335 726 2387 quam
754 2330 807 2369 et
833 2319 890 2368 in
918 2316 1222 2369 Florentino
1251 2314 1355 2385 legi

349 2410 528 2449 narrat
552 2394 764 2467 Regius.
793 2394 1051 2466 Equidem
1074 2393 1236 2447 altera
1261 2411 1354 2445 ac-

351 2477 650 2546 quiescam,
665 2473 827 2526 modo
843 2473 1155 2526 dirimantur
1173 2472 1354 2525 littere

399 2592 417 2621 ‚
442 2574 478 2607 ιι
492 2593 510 2621 ,
536 2572 567 2607 o
582 2592 600 2619 ,
626 2573 661 2605 ι.

350 2572 383 2628 q
412 2650 474 2686 a.
512 2635 739 2686 Inventa.
759 2675 762 2680 ,
783 2635 892 2697 Ita,
929 2633 1058 2683 sine=
1075 2631 1242 2700 figura
1270 2633 1315 2683 9
1334 2667 1353 2695 ,

350 2711 530 2765 Guelf.
560 2725 612 2764 et
641 2730 823 2763 omnes
856 2723 990 2781 puto
1017 2709 1184 2762 Codd.
1219 2707 1351 2760 Edd.

356 2789 572 2860 quidem
590 2807 774 2840 omnes
793 2808 947 2854 mete,
962 2786 1353 2860 praetequph.

351 2869 505 2920 Stoer.
538 2866 761 2917 Chouet.
796 2868 967 2916 Burm.
998 2867 1164 2936 Capp.
1194 2865 1353 2917 Gesn-

354 2944 489 3000 Vide
507 2957 690 2995 notam
709 2942 778 2994 ad
797 2945 843 3011 S.
867 2959 953 3012 27,
972 2960 1090 2998 urm
1111 2941 1352 2993 litteram.

430 3024 479 3076 3.
512 3020 789 3074 Mulierum
820 3019 1063 3072 declarat.
1090 3023 1211 3072 Non
1241 3021 1357 3089 qui·

355 3101 481 3156 dem
501 3101 774 3154 mulierem
801 3111 1029 3164 certam,
1056 3100 1234 3168 Cajam
1260 3114 1358 3168 ap-

355 3181 640 3254 pellatam,
679 3178 774 3233 sed
815 3196 1026 3230 omnem
1065 3176 1353 3228 mulierem.

359 3262 475 3312 Hoc
504 3258 662 3311 docet
688 3257 802 3310 Vel.
830 3259 1031 3326 Long„
1057 3275 1112 3327 p.
1142 3253 1353 3306 Putsch.

361 3339 535 3404 2218,
566 3336 660 3389 ubi
690 3335 850 3390 dicit.
887 3335 1109 3403 -Qum
1141 3335 1257 3404 quis
1290 3331 1356 3384 li·

365 3417 589 3470 ubertus
629 3416 858 3468 mulieris
903 3412 1250 3466 ostendatur
1301 3413 1357 3463 in

359 3498 715 3549 monumentis
757 3512 1010 3567 apparere
1043 3510 1357 3544 conversum

360 3574 580 3630 C..Vide
608 3589 661 3627 et
687 3575 844 3628 Probi
872 3587 1025 3625 notas
1055 3592 1109 3644 p.
1143 3569 1355 3624 Purseh4

369 3654 519 3710 1502.
563 3654 828 3706 Ciceronis
868 3654 1033 3725 ipsius
1074 3651 1223 3703 locus
1259 3668 1357 3722 pro

359 3735 627 3799 Murena,
659 3751 705 3785 c.
748 3750 842 3800 12,
878 3732 971 3785 ubi
1006 3731 1186 3783 irridet
1211 3735 1359 3802 jure-

361 3810 726 3864 consultorum
744 3811 966 3864 alienam
986 3823 1038 3862 et
1056 3810 1269 3862 stultam
1286 3809 1362 3861 di-

360 3891 664 3961 ligentiam,
688 3891 813 3942 satis
835 3890 1123 3960 siguificat,
1149 3888 1360 3940 illorum

362 3981 752 4034 commentum,
782 3985 887 4037 quo
922 3989 945 4013 ι
964 3985 1147 4019 omues
1172 3967 1362 4019 mulie-

371 4069 526 4116 ·,res
552 4068 664 4121 quae
691 4050 1081 4120 coemptionem
1103 4048 1364 4115 facerent,

372 4131 569 4201 -Cajas
609 4130 787 4180 vocari
823 4139 1124 4199 putarunt
1146 4125 1361 4196 ,vulgo

365 4207 531 4262 fuine
565 4220 844 4281 receptum
869 4218 923 4260 et
956 4204 1363 4275 frequentatum

1395 1527 1571 1599 -OL,
1597 1529 1633 1579 i.
1666 1545 1743 1591 e.,
1769 1528 1912 1600 Cajoe
1939 1526 2127 1580 libertoe
2147 1526 2268 1581 vide
2291 1528 2440 1602 apud

1434 1606 1582 1658 Grut.
1611 1605 1743 1672 455,
1767 1606 1818 1658 3.

1505 1684 1555 1752 4.
1582 1686 1798 1757 δαῙιις...
1822 1682 2024 1757 Cujus...
2052 1688 2212 1759 Gajos.
2234 1689 2309 1737 lta
2331 1687 2441 1758 pla-

1435 1781 1503 1815 ne
1534 1763 1695 1815 Goth.
1735 1777 1789 1816 et
1820 1778 1963 1817 recte
1996 1778 2131 1836 puto
2157 1765 2205 1816 G
2238 1783 2352 1817 esse
2383 1768 2441 1817 in

1439 1845 1629 1915 Gajm,
1673 1861 1773 1915 pro
1815 1861 1924 1914 quo
1958 1842 2134 1895 Guelf.
2175 1857 2228 1896 et
2265 1843 2441 1898 multo

1437 1920 1558 1974 edd.
1583 1920 1713 1973 dant
1735 1922 1877 1974 G.1n
1898 1920 2114 1973 duobus
2135 1925 2443 1994 posteriori-
2492 1962 2497 1969 .

1437 2000 1538 2053 bus
1561 2000 1903 2053 nominibus
1887 2002 2103 2071 insignis
2125 2015 2202 2053 est
2221 2004 2443 2053 varietas

1437 2079 1606 2133 Codd.
1656 2082 1813 2131 trium
1857 2081 2307 2145 Britannicornm,
2354 2081 2449 2150 qui

1438 2159 1724 2229 utrobique
1756 2157 1955 2211 hubent
1984 2159 2048 2211 G.
2087 2160 2209 2210 Haec
2248 2161 2293 2210 si
2321 2177 2447 2210 vera

1440 2250 1524 2291 est
1535 2239 1796 2309 scriptura
1809 2275 1826 2303 ,
1846 2238 1921 2289 sie
1937 2237 2165 2289 fortasse
2183 2236 2443 2310 explices:

1448 2339 1471 2364 ιι
1483 2334 1662 2368 veram
1676 2330 1851 2368 autem
1862 2316 2356 2388 pronunciationem
2370 2334 2449 2375 es·

1449 2418 1472 2443 n
1493 2415 1549 2449 se
1571 2399 1618 2449 G
1633 2435 1651 2463 ,
1674 2415 1786 2448 non
1806 2397 1850 2447 C
1865 2434 1882 2462 ,
1904 2398 1959 2447 in
1982 2409 2210 2466 utroque
2231 2398 2447 2447 nomine

1447 2498 1472 2523 ι
1490 2488 1711 2547 apparet
1724 2493 1789 2527 ex
1803 2488 1977 2547 nuptt.
1995 2476 2155 2526 sacris
2166 2513 2182 2541 ,
2198 2474 2293 2526 ubi
2311 2493 2447 2526 sem·

1449 2577 1472 2602 α
1491 2572 1588 2626 per
1617 2555 2037 2626 pronunciantur
2066 2571 2164 2625 per
2192 2554 2255 2606 G.
2277 2578 2300 2600 a
2343 2552 2447 2606 Sed

1442 2652 1511 2685 ne
1536 2635 1611 2684 sic
1637 2632 1848 2703 quidem
1866 2632 1993 2705 quia
2015 2645 2159 2683 recta
2178 2630 2448 2703 procedit,

1444 2726 1497 2764 et
1520 2729 1839 2783 quamquam
1863 2714 2038 2782 aptius
2062 2712 2214 2763 foret.
2241 2710 2344 2765 Sed
2364 2714 2446 2762 vi-

1444 2790 1511 2842 de
1538 2802 1649 2841 not.
1682 2807 1799 2860 sup.
1824 2789 1958 2840 Alm.
1988 2789 2078 2840 dat
2110 2791 2310 2861 Cajas...
2345 2790 2447 2841 Ga-

1429 2871 1543 2939 jos,
1568 2866 1716 2918 nullo
1739 2865 2005 2938 probabili
2027 2885 2201 2919 sensu.

1497 2944 1546 2997 5.
1564 2946 1699 3015 Quia
1710 2955 1873 2996 tam
1886 2956 2116 3016 apparet.
2128 2946 2240 2998 Nec
2252 2946 2442 2998 Gneus.

1444 3024 1618 3076 Facile
1638 3036 1749 3074 erat
1767 3042 1831 3074 ex
1844 3025 2215 3093 antiquitatum
2228 3026 2414 3075 notitia
2427 3061 2444 3090 ,

1445 3102 1605 3153 allato
1624 3101 1888 3154 Plutarchi
1907 3102 2101 3169 Quaest.
2123 3105 2274 3155 Rom.
2294 3100 2445 3169 loco,

1443 3179 1547 3230 vol.
1573 3182 1650 3243 11,
1673 3197 1727 3250 p.
1758 3194 1876 3248 271.
1902 3179 1966 3229 D.
1993 3181 2080 3245 E„
2108 3197 2350 3246 monere,
2375 3184 2448 3231 ri-

1444 3273 1557 3310 tum
1580 3258 1742 3310 fiiisse
1760 3260 2062 3328 nuptiarum
2080 3272 2139 3310 ut
2158 3275 2295 3310 nova
2312 3277 2448 3331 nup·

1444 3351 1496 3389 ta
1537 3340 1737 3388 intrans
1779 3335 1998 3387 domum
2038 3338 2209 3388 mariti
2246 3336 2447 3389 diceret
2481 3373 2487 3383 ·

1443 3436 1561 3467 σπου
1589 3410 1648 3466 αὖ
1677 3411 1833 3476 Γάϊος,
1867 3412 1962 3480 ι’)οὶ
1993 3414 2115 3465 Γαΐα
2130 3452 2148 3481 ,
2182 3416 2443 3487 pluraque

1445 3493 1645 3547 dehoc
1673 3512 1774 3546 usu
1806 3493 2252 3566 subjicere·(vide
2283 3513 2445 3567 supra

1445 3589 1628 3627 notam
1664 3574 1763 3645 4),
1800 3571 1895 3625 sed
1937 3591 2043 3645 quo
2078 3575 2289 3627 vinculo
2331 3588 2447 3628 tota

1445 3654 1557 3707 haec
1585 3656 1841 3706 sententia
1869 3671 1990 3705 cum
2014 3653 2449 3706 antecedentibus

1447 3732 1732 3785 cohaereret
1747 3771 1763 3798 ,
1792 3731 1847 3784 id
1871 3731 2083 3803 quidem
2106 3752 2262 3785 nemo
2286 3734 2448 3785 inter·

1445 3824 1656 3884 pretum
1690 3829 1774 3862 me
1810 3809 2008 3862 docuit.
2038 3812 2157 3862 Vim
2194 3813 2334 3862 enim
2362 3811 2449 3862 τοῦ

1448 3890 1573 3963 quia
1597 3886 1848 3953 συνδέσμου
1870 3888 2028 3962 plane
2050 3907 2159 3940 non
2181 3891 2446 3962 perspicio

1449 3966 1598 4039 (vide
1621 3965 1688 4019 de
1710 3967 1912 4035 aliqua,
1933 3966 2026 4018 sed
2044 3981 2312 4032 contorta,
2333 3972 2450 4040 ejus

1449 4044 1828 4118 interpretandi
1868 4048 2071 4097 ratione
2110 4060 2221 4097 not.
2270 4064 2386 4119 sup.
2407 4047 2445 4118 ).

1451 4127 1682 4177 Ver-satie
1698 4125 1854 4194 igitur
1871 4126 1925 4175 in
1945 4142 2127 4177 omnes
2145 4138 2321 4196 partes
2339 4145 2452 4179 ver-
2484 4169 2495 4180 .

1451 4202 1535 4256 bis
1557 4200 1731 4271 hisce,
1754 4201 2009 4272 adducor,
2032 4205 2129 4258 etsi
2151 4204 2369 4272 invitm,
2394 4218 2453 4257 ut

2088 4293 2166 4347 13.
