3200 5150
639 458 1291 530 INSTITUTIONIS
1326 458 1582 525 ORAT.
1622 459 1785 526 LIB.
1827 460 1891 539 1,
1933 461 1994 542 4.
2289 461 2367 527 81

275 585 711 688 legisse.satis
743 605 881 657 est:
909 582 1404 655 excutiendum
1435 609 1648 653 omne
1674 583 2087 681 scriptorum
2117 609 2376 683 genuS,

275 731 421 778 non
450 723 727 804 propter
748 699 1064 774 historias
1088 698 1300 771 modo
1320 754 1340 788 ,
1368 697 1489 770 sed
1517 699 1763 802 verba,
1794 726 1950 799 quae
1978 701 2379 799 frequenter

264 820 383 922 jus
443 819 532 889 ab
589 814 985 888 auctoribus
1040 833 1353 885 sumunt.
1401 813 1593 884 Tum
1654 838 1784 884 nec
1842 813 2010 885 citra
2060 816 2380 888 musicen

276 931 725 1034 grammatice
782 949 1004 1029 potest
1043 954 1187 999 esse
1238 927 1577 1025 perfecta,
1630 952 1856 1026 quum
1900 928 1962 999 ei
2009 927 2096 1000 de
2143 931 2381 1001 metris

278 1042 760 1147 rhythmisque
805 1041 1187 1115 dicendum
1235 1042 1358 1112 sit:
1411 1067 1543 1113 nec
1585 1039 1641 1111 si
1687 1042 2025 1114 rationem
2068 1044 2397 1117 siderum·

277 1164 584 1263 ignoret,
631 1181 867 1261 poetas
915 1156 1289 1255 intelligat3
1326 1155 1487 1255 qui,
1532 1178 1611 1228 ut
1651 1156 1784 1229 alia
1828 1159 2139 1249 mittam,
2183 1161 2381 1233 toties

282 1298 437 1350 ortu
494 1300 882 1373 occasuque
934 1273 1295 1371 signorum
1348 1270 1421 1341 in
1470 1268 1903 1343 declarandis
1950 1273 2384 1372 temporibus

281 1403 667 1466 utuntur¹:
716 1414 845 1460 nec
891 1387 1134 1486 ignara
1170 1383 1669 1485 philosophiae,
1717 1414 1880 1459 cum
1925 1386 2205 1486 propter
2240 1388 2388 1488 plu-

282 1508 494 1601 rimos
549 1506 624 1577 in
680 1502 1012 1577 omnibus
1058 1504 1200 1603 fere
1252 1501 1683 1573 carminibus
1732 1500 1956 1592 locos,
2004 1531 2086 1575 ex
2137 1505 2391 1579 intima

282 1622 750 1724 quaestionum
793 1617 1221 1691 naturalium
1269 1616 1645 1688 subtilitate
1690 1618 2044 1715 repetitos;
2092 1640 2246 1692 tum
2281 1620 2392 1692 vel

282 1758 563 1840 propter
592 1733 1144 1835 Empedoclem²
1181 1732 1253 1803 in
1286 1730 1580 1821 GraeciS,
1617 1734 2008 1804 Varronem
2041 1761 2118 1804 ac
2147 1737 2394 1806 Lucre-

280 1853 462 1926 tium
492 1851 565 1923 in
593 1850 895 1938 LatiniS,
930 1848 1053 1948 qui
1086 1867 1423 1946 praecepta
1452 1846 1803 1944 sapientiae
1836 1847 2146 1920 versibus
2175 1849 2395 1921 tradi-

284 1967 558 2040 derunt.
594 1963 1014 2064 Eloquentia
1047 1987 1328 2061 quoque
1363 1988 1507 2033 non
1546 1961 1878 2033 mediocri
1918 1984 2039 2046 est,
2054 1989 2229 2062 opus
2256 2020 2276 2054 ,
2317 1986 2396 2037 ut

285 2081 374 2154 de
421 2105 847 2179 unaquaque
891 2103 1172 2164 earum,
1217 2102 1390 2175 quas
1446 2074 2112 2166 demonstravimus,
2158 2105 2395 2152 rerum

292 2197 475 2271 dicat
506 2195 781 2311 proprie
817 2215 885 2267 et
915 2192 1212 2294 copiose.
1251 2193 1417 2284 Quo
1452 2190 1690 2265 minus
1723 2213 1887 2265 sunt
1925 2193 2194 2266 ferendi
2217 2250 2237 2285 ,
2272 2194 2399 2295 qui

288 2454 448 2507 mittit
478 2471 626 2517 eam,
656 2470 814 2524 quam
841 2470 984 2504 nunc
1008 2450 1296 2523 sequimur,
1462 2448 2400 2525 2.Empedoclem...Var-ronem.Em-

286 2532 395 2587 loci
409 2531 828 2605 explicationem.
846 2534 1032 2603 Neque
1051 2532 1191 2585 enim
1210 2530 1299 2583 de·
1385 2530 1625 2604 pedoclis
1641 2570 1657 2599 ,
1685 2546 1873 2604 pras-ter
1900 2531 2001 2584 alia
2015 2570 2032 2599 ,
2059 2530 2400 2604 philosophi-

290 2628 376 2667 cet
409 2627 685 2684 tantopere
722 2629 906 2683 urgere
938 2630 1100 2664 unam
1130 2630 1298 2663 vocu-
1389 2630 1510 2664 cum
1538 2630 1732 2683 poema
1751 2611 1853 2680 πυρὶ
1878 2608 2055 2676 φύσιας
2077 2624 2400 2664 memoratur

289 2693 427 2757 lam,
473 2691 568 2743 ubi
602 2692 880 2743 manifesta
924 2704 1047 2742 suut
1092 2702 1294 2741 caetera.
1389 2691 1456 2743 ab
1491 2694 1752 2761 antiquis,
1786 2695 1939 2763 cujus
1966 2692 2259 2761 fragmenta
2287 2709 2400 2744 ser-

288 2769 453 2840 Quod
490 2783 666 2822 autem
700 2772 885 2822 attinet
924 2768 993 2821 ad
1030 2787 1185 2820 usum
1215 2768 1303 2820 «τοῦ
1386 2784 1508 2822 vata
1530 2783 1669 2821 sunt.
1698 2772 1770 2822 M.
1788 2771 2064 2823 Terentius
2084 2773 2252 2821 Varro
2278 2789 2403 2841 pro-

290 2849 396 2902 red.
428 2849 483 2899 in
514 2848 652 2912 ord„
678 2849 901 2900 fortasse
928 2861 1017 2899 aut
1040 2848 1301 2917 ignoravit

291 2946 444 2993 eum,
466 2939 557 2978 aut
576 2925 893 2997 improbavit
911 2924 1269 2994 Quintilianus
1281 2960 1299 2989 ,

289 3027 322 3061 a
349 3005 654 3080 junioribus
686 3007 852 3078 ipsius
886 3008 1043 3057 etiam
1074 3003 1303 3075 discipu·

288 3086 354 3141 lis
378 3089 786 3157 frequentatum.
820 3082 1016 3137 Saltem
1044 3080 1302 3150 ambigui·

290 3168 390 3218 tati
408 3166 644 3218 timuisse
670 3182 780 3216 non
802 3162 1024 3214 videtur.
1052 3161 1303 3212 Prisciani

291 3246 473 3298 locum
496 3246 735 3298 certatim
755 3241 823 3294 ad
846 3254 1022 3315 partes
1044 3251 1303 3291 vocarunt

292 3327 405 3378 VV.
444 3324 559 3377 m).
605 3322 757 3374 obliti
796 3321 865 3374 ad
909 3339 1075 3372 unum
1116 3339 1301 3373 omnes

296 3421 553 3475 quaerere,
574 3420 680 3473 quo
702 3400 821 3453 libri
840 3401 989 3452 XXX
1011 3403 1184 3472 capite
1203 3400 1303 3453 ista

291 3480 563 3533 locutione
587 3492 823 3532 uteretur
844 3481 1035 3532 Livius.
1063 3482 1142 3531 Ne
1166 3482 1301 3532 Dra-

289 3559 630 3615 kenborchus
660 3558 873 3632 quidem
901 3558 967 3611 ad
996 3561 1103 3611 Liv.
1134 3561 1300 3626 XXV,

293 3643 327 3694 3
348 3678 367 3707 ,
418 3656 513 3708 19,
556 3641 807 3692 citantem
850 3640 1102 3690 Prisciani
1141 3638 1302 3692 verba

290 3719 567 3789 sigonium
589 3716 840 3770 exhibens
855 3755 873 3783 ,
900 3716 1045 3770 hunc
1069 3736 1303 3770 errorem

289 3796 591 3866 redarguit,
625 3813 799 3866 neque
838 3796 1134 3848 emendavit
1170 3798 1301 3847 cita-

292 3878 494 3929 tionem
529 3874 758 3944 Sigonii,
799 3874 1046 3925 Prisciani
1089 3888 1301 3927 senten-

293 3959 427 4021 tias,
457 3952 602 4027 apud
629 3956 803 4025 ipsum
826 3951 1138 4025 diremptas,
1166 3972 1300 4006 con-

294 4034 553 4088 tinuando
582 4035 770 4086 misere
793 4033 1109 4086 turbantem.

377 4131 420 4166 1.
450 4114 693 4165 Utuntur.
721 4114 798 4164 lta
816 4113 878 4165 R.
902 4130 961 4179 a,
979 4124 1033 4164 et
1049 4112 1208 4166 (ἴων.
1231 4113 1304 4168 At

295 4195 361 4247 R.
395 4211 413 4247 1
431 4231 449 4262 ,
476 4203 707 4246 utantur.
737 4194 828 4246 En.

1390 2867 1458 2902 ste
1508 2852 1736 2901 orationi
1775 2868 1954 2902 versus
2000 2851 2300 2906 intertexuit
2343 2851 2404 2901 in

1390 2929 1583 3000 Satyris
1611 2930 1941 3000 Menippeis,
1972 2946 2194 2999 quarum
2226 2927 2404 2980 lacera.

1389 3006 1548 3078 plane
1600 3007 1924 3076 fragmenta,
1971 3025 2000 3059 e
2046 3008 2398 3075 grammaticis

1391 3085 1691 3154 conquisita
1727 3084 2070 3154 plerumque,
2113 3082 2309 3135 docent
2343 3085 2401 3134 in

1390 3160 1575 3215 ethicis
1603 3180 1691 3213 eas
1721 3165 1942 3233 maxime
1970 3163 2132 3215 fuisse
2163 3179 2400 3234 occupa·

1391 3254 1488 3296 tas.
1510 3239 1630 3293 vid.
1660 3243 1838 3294 Nostr.
1873 3243 1952 3307 X,
1986 3259 2003 3294 1
2023 3280 2040 3308 ,
2073 3241 2159 3311 95.
2189 3245 2400 3295 Memo-

1391 3334 1572 3374 rantur
1612 3339 1794 3373 versus
1839 3324 2089 3374 Varronis
2136 3324 2292 3375 etiam
2335 3340 2401 3375 ex

1392 3403 1505 3473 eJus
1542 3400 1760 3468 Περίπλῳ
1797 3402 2064 3466 φιλοσοφίας
2101 3401 2244 3473 apud
2283 3404 2402 3454 Noa

1388 3484 1537 3534 nium
1564 3482 1794 3533 Gramm.
1823 3483 1950 3534 item
1980 3502 2010 3534 e
2029 3481 2199 3548 libro,
2222 3486 2310 3535 cui
2335 3487 2401 3535 ti—

1391 3558 1534 3613 tulus
1569 3560 1942 3613 Prometheus.-
1982 3580 2045 3613 ex
2086 3579 2151 3613 eo
2189 3576 2400 3629 autem,

1391 3642 1482 3712 qui
1508 3641 1724 3711 proprie
1751 3640 2054 3692 inscribitur
2075 3640 2140 3692 de
2168 3640 2401 3694 Philoso-

1385 3718 1515 3792 phia
1526 3757 1543 3784 ‚
1560 3718 1714 3772 nulli.
1731 3720 1838 3772 Cic.
1857 3718 2104 3772 Academ.
2123 3721 2173 3786 Ι,
2189 3720 2241 3785 3,
2257 3731 2401 3790 post·

1392 3817 1549 3870 quam
1573 3802 1864 3850 Varronem
1885 3797 1952 3850 de
1974 3799 2270 3869 Menippeis
2290 3799 2401 3850 suis

1390 3874 1695 3948 loquentem
1731 3876 1957 3942 fecerat,
1997 3877 2110 3946 ipse
2147 3874 2396 3947 subjicit=

1398 3956 1657 4007 «Varium
1693 3968 1746 4006 et
1780 3953 2047 4023 elegans...
2089 3972 2281 4024 poema
2317 3955 2397 4006 fe·

1398 4055 1420 4079 α
1441 4034 1587 4085 cisti:
1611 4030 2101 4104 philosophiamque
2123 4031 2299 4086 multis
2323 4032 2400 4085 lo·

1395 4133 1421 4157 ιι
1440 4113 1515 4163 cis
1532 4110 1809 4163 inchoasti.
1833 4133 1856 4156 ιο
1872 4110 2261 4163 —Lucretium.
2276 4110 2397 4165 Scil.

1393 4192 1448 4242 in
1468 4191 1807 4262 praestantiss.
1832 4206 2008 4261 poem.
2023 4227 2041 4257 ,
2069 4191 2134 4242 de
2150 4193 2264 4243 Ber.
2287 4199 2397 4242 nat.

2082 4278 2118 4333 6
