3200 5150
650 502 1306 572 ms‘rrrn‘noms
1341 503 1598 570 oRAT.
1640 505 1799 573 Lm.
1840 509 1906 587 1,
1948 511 2008 591 4.

2295 508 2380 576 ⁸3

287 656 444 704 rum
477 628 926 703 tenuitatem:
969 628 1286 703 desintne
1319 630 1569 731 aiiquae
1603 631 1806 703 nobis
1841 633 2237 705 necessariae
2272 631 2388 705 lit-

286 769 440 821 teras
459 803 481 839 ,
510 774 653 820 non
679 774 903 848 quum
931 749 1175 821 Graeca
1201 746 1570 821 scribimus
1594 750 1774 845 (tum
1801 749 1992 822 enim
2018 748 2106 821 ab
2137 748 2388 821 iisdem

292 863 462 934 duas
503 865 1043 958 mutuamur1),
1081 861 1202 933 sed
1235 862 1511 963 proprie
1553 863 1628 934 in
1667 863 1973 935 Latinis?
2013 885 2088 935 ut
2124 862 2198 935 in
2242 862 2387 953 his,

279 981 534 1053 ,Seruus
565 999 632 1051 et
674 977 970 1079 Uulqus,
1002 977 1354 1087 AEolicum
1390 978 1748 1079 digamma
1782 978 2248 1053 desideratur²
2270 1036 2290 1069 ,
2326 1000 2398 1053 et

290 1092 562 1166 medius
597 1114 696 1166 est
727 1093 1017 1192 quidam
1050 1095 1118 1165 U
1151 1114 1220 1165 et
1249 1094 1284 1164 Ι
1316 1092 1552 1167 litterae
1585 1120 1800 1166 sonus
1831 1095 2019 1193 (non
2062 1096 2251 1167 enim
2298 1094 2400 1166 sic
2467 1111 2499 1163 8

288 1217 622 1314 optimum
667 1208 1003 1299 dicimus,
1046 1230 1124 1282 ut
1166 1206 1568 1313 opimum3)
1610 1231 1678 1283 et
1718 1206 1794 1284 sn
1836 1214 2020 1285 Here
2061 1238 2293 1311 neque
2336 1212 2402 1285 E

366 1390 412 1427 1.
432 1373 578 1425 Duas
597 1381 917 1424 mutuamur.
945 1370 1168 1443 Intelligi
1186 1371 1231 1422 Y
1247 1384 1301 1425 et

288 1454 328 1505 Z
362 1452 518 1506 facile
555 1464 813 1525 apparet,
848 1449 932 1503 vel
975 1450 1114 1517 hoc,
1154 1449 1302 1522 quod

292 1534 530 1603 sequitur
576 1541 909 1584 -nostmrum
952 1529 1137 1582 ultima
1176 1530 1243 1581 X.
1271 1552 1294 1576 a

293 1612 629 1683 Quamquam
649 1622 701 1662 et
721 1617 761 1660 Ο
780 1609 1003 1661 litteram
1028 1612 1085 1661 in
1105 1610 1301 1661 Graecis

290 1691 596 1744 nomirfflrus
652 1688 943 1742 scribendis
994 1701 1304 1740 mutuantur

292 1772 550 1834 Romani,
573 1789 610 1840 p
639 1782 691 1820 et
718 1767 756 1819 h
777 1769 978 1839 junctis
1006 1769 1304 1840 exprimen-

293 1860 391 1902 tes.
412 1847 533 1902 Vid.
564 1848 691 1912 xn,
722 1862 817 1911 to,
845 1863 927 1915 27.

369 1945 417 1980 α.
450 1925 715 1979 AEolicum
747 1925 1016 2001 digamma
1047 1921 1304 1975 desidera-

295 2018 398 2060 tur.
419 2008 595 2075 Quam
612 2006 659 2057 V
679 2020 973 2055 consonam
989 2002 1308 2073 pronuncia·

296 2087 429 2139 bant
456 2085 681 2139 litterani
708 2082 965 2147 Rotnani,
997 2098 1113 2133 eam
1140 2079 1309 2149 figura

299 2165 516 2240 quidem
548 2183 657 2216 non
689 2160 1006 2214 dirimebant
1037 2178 1068 2212 a
1099 2158 1271 2211 vocali
1290 2197 1308 2226 ,

298 2246 395 2299 sed
420 2256 700 2314 utramque
725 2238 1072 2310 designabant
1094 2240 1157 2292 U.
1189 2237 1310 2308 (Sic

296 2326 467 2392 enim,
492 2335 552 2374 ut
568 2319 806 2374 vocalem
829 2318 1143 2389 significem,
1166 2316 1309 2368 malo

295 2403 352 2460 h.
384 2404 419 2456 1.
450 2401 677 2456 scribere
704 2418 804 2474 pro
833 2416 898 2451 eo
919 2437 937 2466 ,
966 2396 1113 2469 qnod
1138 2398 1310 2450 verius

297 2496 407 2552 est,
424 2487 488 2538 V.
504 2482 528 2555 )
545 2482 725 2551 Quum
743 2481 901 2551 igitur
924 2476 1202 2530 scribenda
1225 2492 1313 2528 oe-

297 2577 572 2618 eun-erent
594 2558 856 2635 ejusmodi
876 2556 1165 2624 vocabula,
1187 2573 1314 2628 qua-

297 2643 371 2697 lia
412 2656 536 2695 sunt
574 2658 774 2706 servus,
817 2637 1033 2710 vulqus,
1072 2636 1309 2689 defectus

301 2724 439 2795 signi
471 2737 791 2792 magnopere
829 2715 1118 2790 apparebat
1136 2754 1153 2783 ,
1181 2714 1310 2767 dum

300 2805 475 2857 littera
502 2800 685 2852 eadem
714 2797 795 2850 bis
824 2796 1074 2870 deinceps
1103 2798 1310 2867 posita,

299 2881 586 2945 SERUUS,
604 2877 902 2942 numus,
920 2876 1078 2948 plane
1102 2869 1323 2928 diverso'

302 2959 469 3016 modo
506 2957 663 3010 debet
702 2955 820 3025 legi.
868 2957 1023 3007 «Nos
1059 2953 1220 3006 hodie
1261 2949 1323 3006 U·

309 3065 333 3089 α
352 3041 580 3094 litteram
596 3040 651 3089 in
670 3035 893 3088 duarum
912 3033 1200 3087 litterarum
1218 3051 1315 3105 po·

307 3141 335 3170 ιι
354 3131 598 3173 testatem
637 3115 907 3186 coegimus
932 3134 947 3165 t
985 3131 1108 3165 nani
1147 3110 1312 3163 modo

311 3207 337 3247 «i
354 3216 452 3272 pro
471 3195 732 3267 digamma
755 3192 1016 3259 scribitur,
1036 3188 1196 3242 modo
1214 3208 1312 3263 pro

312 3301 336 3326 α
354 3276 540 3331 vocali.
564 3298 587 3323 n
629 3271 978 3325 Cassiodorus
1020 3269 1086 3322 de
1117 3268 1317 3323 ortho-

304 3355 526 3430 graphia
563 3371 686 3428 pag.
728 3350 941 3404 Putsch.
995 3349 1148 3402 2282.
1192 3350 1317 3400 Erat

307 3451 485 3490 autem
497 3452 658 3488 sonus
670 3431 880 3485 AEolicae
891 3430 1070 3483 litterae
1085 3431 1147 3495 is,
1160 3435 1319 3502 quem·

305 3515 469 3570 habet
479 3513 771 3586 Anffiorum
779 3512 870 3577 W,
881 3525 1140 3570 consona;
1156 3507 1316 3559 talem

308 3599 451 3650 enim
472 3613 613 3660 esse,
639 3610 803 3665 quum
832 3589 1034 3644 orditur
1061 3585 1316 3662 syllabas,

308 3693 422 3729 non
462 3672 699 3726 vocalem
714 3711 731 3739 ,
772 3664 957 3723 contr’a
1000 3665 1278 3721 Lowthum
1298 3704 1316 3732 ,

308 3754 674 3809 doctissimum
694 3752 1002 3823 episcopum
1020 3745 1318 3800 Londinen-
1364 3809 1369 3816 .

311 3852 456 3899 sem,
483 3828 716 3884 defendit
737 3826 1014 3881 walkerus
1041 3828 1095 3880 in
1123 3826 1315 3878 Lexico

310 3907 743 3967 Pronunciationi
779 3906 1117 3971 inserviente,
1154 3923 1207 3977 p.
1250 3903 1314 3969 3,

309 3995 359 4063 S.
391 4010 442 4064 9.
480 3991 636 4045 Hunc
664 3986 930 4039 defectum
957 3985 1121 4056 signi,
1152 4000 1316 4055 quum

313 4091 477 4128 sonus
491 4069 715 4134 adesset,
729 4064 936 4139 explere
949 4062 1159 4118 volebat
1169 4063 1318 4116 Clau-

312 4150 437 4204 dius
453 4149 641 4217 caesar,
661 4146 752 4202 sed
771 4143 1050 4217 (Prisciani
1070 4153 1192 4193 sunt
1210 4159 1319 4191 ver-

314 4231 416 4299 ba,
444 4251 497 4304 p.
529 4229 666 4300 546)
698 4251 721 4274 ι
742 4220 1074 4281 consuetudo
1096 4221 1317 4292 ‚antiqua

1394 1393 1418 1419 ι
1440 1374 1721 1443 superavit.
1747 1398 1769 1421 ι
1794 1376 1926 1427 Item
1942 1376 2068 1426 Tac.
2087 1374 2274 1426 Annai.
2297 1375 2406 1443 XI,

1397 1451 1482 1517 14:
1514 1473 1535 1496 α
1555 1452 1679 1503 Hae'c
1700 1451 1872 1506 littera
1888 1490 1905 1518 ,
1929 1453 2047 1503 usui
2068 1453 2408 1524 imperitante

1395 1551 1419 1575 ι
1439 1528 1691 1598 Claudio,
1713 1544 1836 1603 post
1858 1530 2154 1582 oblitterata
2168 1569 2185 1596 ,
2210 1534 2406 1604 aspici-

1400 1634 1423 1657 «
1443 1625 1529 1661 tur
1548 1614 1704 1663 etiam
1726 1632 1868 1665 nunc
1889 1615 1942 1665 in
1963 1631 2109 1679 aere,
2123 1611 2407 1683 publican-

1400 1710 1424 1736 ι
1444 1687 1523 1741 dis
1554 1684 1876 1760 plebiscitis»,
1906 1710 2002 1762 per
2029 1689 2143 1741 fora
2174 1711 2234 1743 ac
2271 1702 2405 1744 tem—

1400 1784 1423 1813 «
1442 1767 1533 1839 pla
1553 1767 1674 1817 fixo.
1700 1792 1721 1814 υ
1746 1767 1865 1820 Vid.
1889 1769 2065 1819 Nostr.
2094 1784 2138 1819 e.
2170 1788 2220 1840 7,
2250 1788 2334 1841 27,
2355 1782 2410 1822 et

1393 1846 1518 1912 ΧΠ,
1548 1864 1639 1912 ιο,
1662 1864 1753 1915 29:
1782 1868 1805 1891 ι
1825 1848 2090 1898 Nemeum
2115 1846 2258 1920 apud
2279 1848 2410 1900 AEo·

1400 1944 1424 1969 c
1443 1922 1521 1975 les
1548 1922 1736 1977 habuit
1766 1924 1948 1976 olim...
1981 1945 2094 1977 vav.
2120 1950 2141 1973 n
2183 1928 2341 1977 Prisc.
2373 1925 2412 1981 l.

1396 2020 1443 2053 c.
1484 1999 1689 2077 (Facile
1729 2002 1818 2057 hic
1855 2022 2112 2075 agnoscas
2155 2006 2414 2075 originem

1395 2079 1760 2153 Phoeniciam.)
1773 2081 1912 2133 τοῦτο
1927 2081 1978 2156 ξ’
1998 2074 2047 2135 tir
2063 2081 2215 2151 ὅστιρ
2231 2078 2417 2148 pigna

1396 2160 1581 2216 &mast
1620 2158 1696 2212 in}
1722 2155 1841 2228 μίαὶ
1876 2159 2001 2231 ὅρθῆν
2037 2160 2415 2231 ίπιξιυγνῦμηοι

1397 2238 1505 2295 ’ἑαῖς
1535 2239 1789 2305 πλαγίαις.
1823 2242 2066 2315 Dionysii
2089 2241 2204 2293 Hal.
2232 2244 2414 2314 Antiq.

1399 2320 1551 2397 Boin.
1567 2357 1582 2386 ,
1601 2338 1656 2393 p.
1687 2319 1777 2387 16,
1796 2319 1879 2372 ed.
1902 2321 2042 2395 sylb.
2067 2320 2194 2375 [nde
2219 2341 2418 2387 nomen

1399 2397 1700 2473 digamma,
1735 2418 1835 2472 pro
1875 2419 1981 2471 quo
2020 2415 2072 2453 et
2107 2400 2416 2477 digammon

1400 2477 1494 2549 (ιιι
1524 2478 1578 2530 h.
1615 2478 1649 2531 l.
1690 2479 1859 2533 codd.
1883 2479 2061 2532 ‘Guelfi
2094 2495 2145 2532 et
2172 2481 2414 2554 plerique

1401 2555 1520 2629 alii)
1538 2571 1588 2609 et
1608 2555 1898 2632 digammos
1917 2558 2170 2612 feminino
2199 2579 2408 2632 genere.

1398 2635 1679 2708 Eieganter
1716 2650 1767 2689 et
1803 2636 1962 2690 docte
2002 2637 2068 2690 de
2100 2637 2200 2692 hac
2238 2639 2412 2691 littera

1399 2714 1636 2790 disputat
1662 2717 1864 2784 Foster,
1896 2717 2060 2789 Essay
2090 2737 2159 2772 on
2194 2718 2279 2770 the
2301 2718 2411 2792 daf-

1388 2794 1570 2868 ferent
1600 2785 1786 2856 mittere
1812 2795 1881 2868 of
1898 2807 2080 2848 accent
2103 2796 2213 2849 and
2239 2816 2410 2869 quan-

1400 2874 1515 2946 tity.
1541 2873 1731 2938 Eton„
1771 2873 1930 2943 1763,
1957 2894 2011 2946 p.
2052 2891 2177 2941 ηπ,
2206 2893 2351 2946 seqq.

1471 2953 1521 3006 3.
1547 2954 1729 3005 Νοη...
1751 2951 1821 3004 st‘c
1840 2953 2097 3024 optimum
2115 2951 2334 3004 dicimus
2351 2961 2413 3004 ut

1400 3031 1632 3102 opImum
1642 3070 1653 3080 .
1668 3031 1789 3081 Haec
1801 3032 1901 3081 scri
1942 3042 2057 3081 tura
2069 3032 2246 3082 sensui
2256 3032 2412 3083 maxi·

1400 3125 1485 3159 me
1512 3109 1786 3172 convenit,
1815 3119 1868 3158 et
1932 3105 2194 3158 efenditur
2220 3107 2286 3158 ab
2311 3108 2411 3158 ati·

1404 3200 1534 3259 quot
1580 3184 1747 3238 codd.
1772 3224 1790 3251 ,
1836 3187 2145 3237 Britannicis
2198 3185 2412 3258 quidem

1403 3263 1645 3332 duob'uS,
1676 3277 1735 3316 ut
1764 3265 1992 3337 conjicio
2017 3283 2079 3316 ex
2101 3263 2324 3320 Gibsoni
2347 3268 2412 3320 si·

1404 3346 1583 3398 lentio·
1641 3342 1817 3396 Guelf.
1873 3357 2194 3416 praepostere
2248 3329 2424 3398 habet1

1405 3435 1719 3500 oportunum
1749 3441 1848 3496 pro
1878 3423 2130 3496 optimum
2147 3462 2164 3489 ,
2192 3422 2284 3475 sed
2311 3442 2411 3496 pro

1405 3505 1640 3578 opimum
1656 3504 1754 3556 levi
1771 3516 1972 3555 tantum
1986 3521 2158 3556 errore
2174 3503 2409 3575 opinum.

1404 3587 1593 3638 Fateor
1638 3582 1704 3635 de
1750 3585 2061 3634 auctoritate
2108 3580 2275 3636 Codd.
2327 3602 2412 3635 me

1405 3678 1553 3718 tanto
1574 3667 1687 3716 esse
1707 3662 2084 3730 sollicitiorem,
2103 3663 2224 3734 quia
2245 3663 2422 3734 Regii,

1406 3745 1503 3797 etsi
1530 3742 1682 3810 felix,
1705 3746 2008 3814 conjectura
2024 3781 2042 3809 ,
2068 3743 2158 3814 qui
2179 3742 2411 3812 primuS,

1406 3824 1516 3876 sine
1554 3821 1683 3876 cod.
1702 3861 1719 3889 ,
1761 3840 1824 3873 ex
1865 3819 2121 3893 optimum
2164 3821 2319 3871 erasit
2357 3830 2409 3885 t,

1404 3899 1591 3966 habet,
1613 3897 1679 3951 de
1705 3917 1811 3974 quo
1837 3897 2064 3950 dubites,
2089 3898 2251 3950 Recte
2270 3897 2413 3950 enim

1405 3978 1594 4032 Badius
1608 4016 1625 4045 ,
1645 3979 1734 4050 qui
1749 3989 1928 4028 tuetur
1944 3973 2233 4046 vulgatam:
2259 3993 2410 4047 ...op-

1406 4068 1665 4109 tumum...
1710 4055 1995 4127 optimum,
2039 4066 2188 4123 urget
2225 4066 2416 4107 contra.

1404 4137 1653 4208 Regium,
1676 4132 1932 4186 diversam
1957 4151 2071 4187 esse
2094 4136 2152 4190 in
2174 4134 2410 4206 opimum

1405 4231 1459 4270 et
1503 4213 1759 4287 optimum
1799 4212 2108 4288 penultima.-
2146 4215 2409 4285 quantita·
