3200 5150
753 461 1401 529 INSTITUTIONIS
1436 462 1693 529 oRA'r.
1734 463 1896 529 Lm.
1934 466 2002 543 1,
2052 486 2148 529 12.
2369 463 2494 547 245

407 587 586 660 inter
607 587 1118 659 exercitationes
1152 587 1589 685 accepimus3
1623 615 1854 688 neque
1883 588 1955 659 id
1984 586 2324 660 veteribus
2347 590 2495 659 Ro-

408 704 635 774 manis
660 702 975 774 dedecori
999 702 1168 773 fuit:
1208 722 1706 799 argumentum
1741 724 1876 791 est,
1903 703 2339 775 sacerdotum
2368 731 2500 775 no-

408 817 598 888 mine
621 830 636 860 ¹
683 843 760 887 ac
804 815 1133 913 religione
1173 815 1431 886 durans
1468 816 1555 887 ad
1596 816 1728 888 hoc
1768 838 2044 915 tempus
2082 816 2344 888 saltatio
2371 875 2390 907 ,
2432 839 2499 890 et

401 929 523 1001 illa
566 936 636 1001 in
686 936 878 1002 tertio
918 932 1260 1001 Ciceronis
1302 931 1387 1001 de
1428 934 1717 1002 Oratore
1761 928 1933 1002 libro
1974 930 2181 1003 verba
2223 931 2495 1019 Crassi,

405 1044 662 1143 quibus
696 1044 1001 1142 praecipit
1015 1058 1069 1131 2,
1105 1063 1182 1115 ut
1210 1064 1437 1116 orator
1463 1066 1697 1116 utatur
1730 1044 2021 1117 laterum
2057 1046 2499 1118 inclinatione

377 1160 565 1257 forti
592 1184 676 1230 ac
705 1163 921 1245 virili,
947 1184 1086 1228 non
1111 1186 1153 1229 a
1182 1184 1382 1231 scena
1407 1175 1471 1230 et
1500 1155 1979 1247 histrionibuS,
2000 1161 2116 1232 sed
2142 1158 2230 1230 ab
2257 1165 2494 1247 armiS,

401 1289 524 1344 aut
554 1278 763 1345 etiam
795 1298 838 1342 a
865 1271 1183 1371 palaestra
1205 1329 1228 1360 ‚
1271 1270 1471 1372 cujus
1508 1272 1715 1343 etiarn
1756 1271 2178 1372 disciplinae³
2219 1300 2387 1345 usus
2421 1273 2500 1345 in

403 1408 711 1458 nostram
742 1413 961 1486 usque
990 1406 1258 1459 aetatem
1292 1387 1439 1459 sine
1467 1387 2000 1485 reprehensione
2032 1388 2405 1461 descendit.
2436 1390 2500 1461 A
2543 1412 2607 1465 ¹9

404 1528 520 1573 me
555 1522 790 1572 tamen
826 1527 953 1571 nec
992 1499 1164 1572 ultra
1200 1501 1501 1600 pueriles
1537 1528 1758 1573 annos
1794 1502 2219 1592 retinebitur,
2260 1530 2387 1574 nec
2422 1502 2497 1574 in
2570 1508 2579 1512 ⁴

402 1615 510 1687 his
543 1614 703 1713 ipsis
740 1615 902 1704 diu;
938 1642 1167 1715 neque
1203 1615 1393 1688 enirn
1428 1637 1701 1715 gestum
1733 1617 2014 1688 oratoris
2043 1616 2372 1715 componi
2408 1615 2499 1687 ad

401 1731 932 1804 similitudinem
970 1731 1341 1803 saltationis
1382 1733 1577 1822 volo,
1621 1733 1742 1804 sed
1788 1733 2066 1805 subesse
2109 1732 2375 1831 aliquid
2415 1759 2497 1804 ex

401 1847 534 1920 hac
586 1848 1061 1921 exercitatione
1119 1848 1408 1946 puerili,
1471 1848 1660 1919 unde
1713 1875 1842 1920 nos
1896 1876 2039 1921 non
2091 1849 2163 1920 id
2216 1869 2497 1946 agentes

400 1962 643 2034 furtim
670 1964 876 2035 decor
898 1962 1012 2034 ille
1043 1961 1464 2034 discentibus
1487 1962 1774 2033 traditus
1799 1983 2255 2060 prosequatur
2267 1960 2322 2032 4.

500 2079 671 2149 CAP.
705 2079 859 2149 XII.
892 2078 1132 2169 Quaeri
1156 2076 1354 2166 solet,
1377 2103 1501 2163 an,
1523 2076 1791 2147 etiamsi
1813 2077 2141 2149 discenda
2158 2076 2294 2148 sint
2313 2075 2494 2165 haec,
2574 2105 2597 2139 ι
2664 2106 2671 2112 ”

403 2191 653 2262 eodem
698 2212 1009 2290 ternpore
1047 2215 1283 2264 tamen
1317 2190 1489 2262 tradi
1532 2190 1772 2262 omnia
1810 2213 1877 2264 et
1913 2192 2171 2290 percipi
2210 2190 2492 2290 possint.

400 2308 674 2404 Negant
716 2308 906 2379 enirn
954 2307 1279 2405 quidam,
1324 2306 1490 2405 quia
1535 2307 2006 2378 confundatur
2051 2305 2371 2393 animuS,
2414 2330 2496 2376 ac

399 2422 725 2520 fatigetur
777 2441 875 2493 tot
925 2421 1302 2520 disciplinis
1350 2421 1422 2491 in
1473 2420 1825 2493 diversum
1875 2419 2361 2508 tendentibus,
2404 2419 2498 2491 ad

400 2562 572 2634 quas
606 2561 735 2606 nec
761 2562 993 2625 mens,
1024 2563 1151 2608 nec
1186 2563 1434 2635 corpus
1457 2593 1476 2625 ,
1511 2563 1641 2609 nec
1678 2536 1821 2608 dies
1850 2536 1994 2635 ipse
2023 2535 2356 2607 sufficiat:
2393 2553 2492 2625 et,

399 2651 455 2722 si
486 2649 785 2721 maxime
819 2650 964 2723 haec
995 2652 1288 2749 patiatur
1317 2672 1472 2723 aetas
1498 2651 1863 2740 robustior,
1888 2673 2121 2723 tamen
2148 2646 2494 2749 pueriles⁵
2536 2711 2541 2724 .

400 2792 622 2837 annos
646 2766 916 2837 onerari
940 2792 1081 2837 non
1112 2787 1436 2864 oporteat.
1465 2766 1601 2837 Sed
1627 2793 1769 2837 non
1795 2766 1999 2837 satis⁶
2028 2765 2489 2863 perspiciunt,
2566 2803 2598 2837 2

477 3002 495 3037 1
509 3027 519 3037 .
532 2984 863 3037 Sacer-dotum
880 2986 1105 3036 nomine.
1118 2985 1393 3039 Saliorum.

396 3065 476 3117 De
503 3065 740 3125 Oratore,
766 3066 864 3128 111,
890 3063 975 3132 59.

470 3161 517 3194 2.
544 3143 804 3214 Proecipit.
831 3145 914 3196 Sic
936 3142 1095 3196 Goth.
1117 3158 1168 3195 ct
1186 3147 1338 3194 Voss,
1366 3161 1392 3194 2

396 3221 527 3288 soli,
552 3235 612 3272 ut
638 3221 904 3284 videntur3
932 3224 1103 3273 caeteri
1128 3221 1243 3273 libri
1264 3237 1398 3291 prae-

396 3300 544 3372 cepit.
568 3329 641 3339 —
663 3302 722 3352 R.
753 3317 798 3367 1,
821 3318 870 3367 2,
889 3301 921 3351 3
948 3313 997 3352 et
1019 3301 1178 3351 Cani».
1199 3298 1396 3349 habent

391 3379 652 3449 pra-cepit.

470 3459 520 3509 3.
542 3460 693 3529 Cujus
706 3457 862 3508 etiam
877 3455 1258 3529 discipl.Guelf.
1277 3475 1397 3507 cum

399 3532 535 3585 Alm.
563 3538 754 3587 omittit
777 3537 951 3586 etiam.
979 3536 1168 3587 Placet.

472 3611 523 3677 4.
554 3612 807 3663 Furtim...
836 3624 1184 3685 prosequatur.
1210 3611 1396 3665 Tibul-

401 3688 514 3741 lum
535 3689 739 3740 videtur
762 3696 1074 3763 expressisse
1089 3732 1106 3759 ,
1133 3706 1190 3743 ut
1217 3691 1398 3743 obser-

403 3782 581 3822 vatum
606 3783 683 3821 est
707 3773 824 3821 viris
848 3771 1035 3823 doctis.
1062 3775 1147 3836 IV,
1172 3789 1228 3837 2,
1253 3773 1312 3836 8,
1332 3789 1394 3840 9:

409 3872 431 3895 α
452 3847 599 3899 lllam
624 3848 878 3918 quidquid
898 3853 1028 3920 agit,
1051 3869 1267 3921 quoquo
1287 3869 1398 3900 ves-

409 3948 432 3973 «
453 3928 577 3997 tigia
593 3928 770 3992 movit,
786 3928 1066 3999 Componit
1086 3931 1262 3980 furtim
1282 3928 1402 3980 sub-

412 4029 436 4053 «
456 4008 794 4077 sequiturque
818 4005 993 4059 decor.
1016 4034 1036 4056 ιι
1067 4009 1292 4061 Similem
1314 4010 1401 4062 Ci-

401 4088 610 4140 ceronis
630 4086 807 4137 locum
825 4086 1020 4138 indicat
1033 4091 1292 4140 Gesnerus
1304 4127 1321 4155 ,
1335 4086 1401 4139 de

404 4166 533 4233 On,
560 4168 613 4233 1,
649 4165 740 4219 16:
773 4169 916 4232 “Ut,
943 4167 1032 4237 qui
1052 4165 1160 4239 pila
1182 4164 1404 4234 ludunt,

1493 3007 1514 3030 α
1535 3005 1644 3037 non
1668 2997 1890 3035 utuntur
1910 2986 1966 3035 in
1990 2985 2102 3053 ipsa
2128 2982 2333 3034 lusione
2362 2982 2491 3033 arti-

1491 3087 1513 3109 «
1534 3066 1654 3114 ficio
1679 3065 1896 3134 proprio
1925 3063 2173 3132 palaestrae
2189 3098 2205 3125 ,
2234 3059 2327 3110 sed
2350 3058 2492 3111 indi-

1492 3165 1513 3188 «
1535 3157 1619 3194 cat
1644 3144 1756 3213 ipse
1781 3155 1987 3205 motus,
2017 3140 2363 3191 didicerintne
2389 3158 2490 3209 pa-

1492 3245 1512 3265 ·
1535 3220 1755 3271 laestram
1773 3258 1789 3286 ,
1823 3239 1891 3272 an
1924 3221 2172 3270 nesciant.
2197 3242 2219 3264 n
2258 3217 2494 3270 Accedat

1485 3319 1664 3351 versus
1703 3298 1913 3368 elegans
1949 3298 2100 3369 Popii
2136 3296 2375 3347 criticism
2412 3299 2491 3364 11,

1486 3378 1618 3444 364:
1662 3401 1684 3423 ιι
1706 3378 1774 3429 As
1808 3377 1946 3428 those
1978 3394 2126 3426 move
2160 3374 2337 3426 easiest
2371 3374 2489 3427 who

1492 3480 1513 3502 u
1537 3457 1667 3507 have
1708 3453 1901 3507 learn'd
1942 3466 1992 3505 to
2033 3454 2210 3506 dance.
2235 3479 2256 3500 n
2298 3483 2371 3493 —
2410 3456 2490 3505 lta

1488 3555 1652 3607 quum
1683 3535 1955 3586 volucrem
1985 3532 2186 3603 ingredi
2219 3531 2455 3585 videmus
2471 3570 2499 3600 ‚.

1486 3615 1594 3667 alas
1619 3613 1694 3664 illi
1718 3612 1932 3665 subesse
1957 3615 2224 3665 sentimus.
2252 3615 2344 3664 En.

1572 3693 1620 3745 5.
1674 3692 1970 3756 Ηοὸιιςτίον,
2025 3702 2197 3742 tamen
2249 3689 2489 3761 pucriles.

1486 3772 1662 3826 Guelf.
1676 3774 1801 3822 Tur.
1816 3784 1865 3822 et
1879 3769 2026 3819 multi
2040 3771 2287 3820 omittunt
2299 3778 2489 3819 tamen.

1559 3853 1610 3903 6.
1632 3850 1732 3902 Sed
1751 3868 1855 3900 non
1874 3849 2008 3900 satis.
2031 3842 2378 3912 Ἀντιπρᾶτασις
2393 3858 2492 3912 est,

1490 3928 1543 3981 id
1564 3943 1668 3994 est,
1684 3928 1943 3978 contraria
1961 3926 2286 3997 propositio:
2309 3942 2370 3975 ac
2385 3925 2492 3995 pri-

1489 4027 1634 4060 mum
1656 4006 1800 4058 illam
1824 4018 2029 4077 partem
2051 4004 2231 4071 solvit,
2252 4022 2365 4074 quae
2391 4002 2491 4054 ob-

1484 4087 1701 4159 jiciebat
1715 4098 1943 4137 mentem
1956 4084 2240 4136 humanam
2261 4104 2368 4135 non
2388 4083 2494 4135 suf-

1493 4167 1648 4220 ficere
1688 4177 1766 4217 tot
1798 4161 2085 4235 disciplinis
2116 4157 2395 4216 discendis.
2425 4163 2493 4216 T.
