3200 5150
795 423 916 505 184

1351 418 1445 485 M.
1483 410 1709 482 FAssu
1747 406 2305 499 QUINTILIAM

715 592 749 644 9
789 573 960 620 sono
983 544 1242 617 victum
1262 598 1281 630 ,
1315 568 1384 613 m
1414 540 1698 640 gemina
1725 537 2257 630 commutatur).
2288 534 2407 604 Est
2433 530 2643 605 etiam
2670 531 2744 604 in
2771 528 2886 611 di-

788 661 1099 733 videndis
1122 656 1344 730 verbis
1371 654 1750 727 observatio
1769 708 1789 741 ,
1823 651 2128 724 mediam
2159 648 2456 757 litteram
2487 673 2885 719 consonan-

788 799 930 849 tem
957 790 977 820 ¹
1025 773 1273 875 priori,
1335 798 1425 844 an
1471 767 1787 869 sequenti
1836 766 2113 866 syllabae
2158 763 2517 865 adjungas,
2568 764 2888 864 Aruspex

792 895 981 966 enim
1001 949 1020 982 ,
1043 892 1209 990 quia
1232 916 1389 988 pars
1409 887 1559 989 ejus
1583 886 1918 986 posterior
1941 911 1981 955 a
2003 882 2363 985 spectando
2388 901 2487 952 est
2505 936 2523 967 ,
2541 907 2571 952 s
2588 879 2886 952 litteram

789 1007 1000 1081 tertiae
1022 1005 1212 1077 dabit
1225 1018 1254 1050 ²
1274 1035 1292 1093 ;
1317 1003 1706 1091 abstemius,
1730 1000 1894 1100 quia
1914 1026 1995 1072 ex
2012 996 2423 1070 abstinentia
2443 995 2679 1067 temeti
2700 1021 2889 1066 com-

791 1121 1011 1221 posita
1042 1146 1171 1191 vox
1214 1138 1348 1205 est,
1393 1117 1634 1218 primae
1674 1111 2086 1215 relinquet3.
2132 1115 2313 1184 Nam
2344 1113 2416 1183 K
2424 1107 2458 1171 4
2490 1108 2777 1209 quidem
2814 1109 2889 1210 in

791 1235 1003 1310 nullis
1025 1234 1250 1309 verbis
1275 1231 1620 1308 utendum
1646 1254 1814 1332 puto
1834 1286 1854 1322 ,
1882 1229 2014 1303 nisi
2038 1255 2193 1329 quae
2219 1224 2562 1326 significat
2580 1224 2643 1314 ⁵,
2678 1223 2888 1298 etiam

691 1174 752 1212 10

791 1446 911 1502 edd.
932 1446 1177 1501 videntur
1196 1449 1399 1514 facere,
1420 1451 1518 1501 etsi
1536 1447 1645 1501 duo
1665 1446 1795 1513 mei,

793 1531 836 1581 si
861 1541 1001 1579 recte
1025 1527 1255 1595 contuli,
1280 1541 1495 1581 tuentur
1513 1529 1641 1579 inm.
1664 1540 1723 1578 ut
1742 1539 1796 1578 et

790 1612 944 1661 Voss.
986 1624 1032 1675 ι,
1057 1607 1152 1660 ubi
1179 1622 1258 1661 est
1292 1608 1344 1660 in
1378 1627 1584 1660 munta.
1614 1608 1797 1675 Quum

793 1686 955 1738 modo
980 1687 1259 1757 legerimus
1284 1687 1535 1752 obtinuit,
1561 1705 1671 1737 non
1701 1704 1799 1757 op·-

793 1766 981 1831 tinuit,
1021 1769 1180 1818 etiam
1218 1765 1305 1817 hic
1340 1766 1550 1818 videtur
1585 1777 1797 1817 secutus

793 1861 1128 1896 communem
1169 1847 1483 1916 scripturam
1517 1845 1623 1913 Qu.
1667 1844 1799 1895 Sunt

793 1922 1031 1994 exempla
1046 1921 1146 1975 sibi
1164 1925 1387 1975 invicem
1408 1923 1690 1987 contraria,
1710 1920 1802 1972 ob-

792 2002 1023 2068 tinente,
1056 2003 1111 2052 in
1143 2003 1338 2074 priori,
1372 2004 1576 2053 ratione
1615 2011 1799 2051 contra

791 2081 1290 2151 pronunciationem
1314 2118 1331 2145 ,
1381 2081 1436 2130 in
1480 2079 1799 2150 posteriori,

794 2171 979 2210 contra
992 2160 1252 2211 rationem
1264 2158 1801 2229 pronunciatione.—

793 2235 942 2289 Illud
976 2236 1128 2288 enim'
1152 2235 1352 2288 habent
1387 2237 1467 2288 R.‘
1496 2251 1516 2285 1
1557 2244 1609 2286 et
1645 2252 1691 2286 2.
1730 2236 1821 2286 At·

793 2315 1102 2380 Cinnssn.
1122 2327 1175 2367 et
1188 2313 1269 2365 ed.
1287 2311 1473 2378 flach,
1491 2311 1627 2363 illud
1639 2332 1691 2363 n.
1704 2315 1796 2364 En.

821 2396 826 2405 ’
873 2411 916 2445 ι.
970 2392 1201 2445 Mediam
1259 2388 1484 2442 litteram
1531 2408 1671 2443 cons.
1723 2393 1801 2442 lta

793 2471 968 2525 Gu'elf.
996 2485 1048 2522 et
1072 2487 1254 2521 omnes
1274 2468 1518 2521 Codd.³et
1536 2468 1655 2541 edd.
1679 2481 1800 2521 ante

797 2552 971 2604 Burm.
1001 2551 1056 2602 in
1091 2565 1228 2620 qua,
1260 2548 1501 2621 profecto
1521 2565 1683 2600 mero
1716 2560 1801 2621 ty-

794 2627 1058 2704 pographi
1077 2646 1281 2695 errore,
1301 2630 1494 2680 omissa
1511 2633 1638 2679 'sunt
1655 2627 1799 2679 hoec·

795 2708 1023 2761 mediam
1039 2707 1283 2762 litteram.
1297 2707 1412 2758 Hoc
1429 2703 1667 2780 sphalma
1681 2723 1802 2777 pro·

795 2800 1057 2862 pagan-unt
1079 2789 1246 2859 Capp.
1270 2788 1428 2839 Gesn
1453 2786 1567 2857 Bip.
1583 2787 1803 2837 —Nos-

796 2870 863 2920 tri
902 2886 1115 2940 quoque
1150 2865 1263 2918 haec
1296 2863 1456 2917 verba
1490 2879 1602 2914 non
1643 2864 1802 2916 omit·-

797 2958 933 2999 tunt.
963 2947 1055 2998 En.

875 3043 922 3078 2.
953 3025 1124 3077 Dabit.
1154 3024 1303 3076 Hanc
1332 3023 1674 3094 scripturam,
1710 3037 1803 3072 so-

800 3104 905 3158 lam
935 3123 1145 3170 veram,
1178 3115 1356 3154 tuetur
1394 3098 1567 3153 Guelf.
1587 3138 1603 3166 ,
1639 3117 1803 3171 quum

799 3183 960 3238 Goth.
984 3188 1139 3236 Voss.
1182 3199 1209 3233 2
1249 3195 1302 3233 et
1333 3178 1452 3233 edd.
1482 3193 1608 3231 vett.
1627 3218 1643 3245 ,
1681 3192 1805 3232 ante

799 3262 1125 3335 Gryphium,
1155 3263 1268 3313 fere
1301 3279 1482 3313 omnes
1516 3258 1643 3311 dent
1678 3278 1805 3332 pra-

798 3359 919 3393 vam
946 3339 1194 3392 dabimus.

873 3419 923 3472 3.
941 3418 1230 3491 Relinquet.
1245 3418 1345 3470 Hic
1357 3419 1587 3490 primum
1607 3416 1806 3488 aliquid

801 3500 914 3551 sine
945 3495 1141 3549 Codice
1176 3515 1291 3562 sum
1321 3513 1494 3549 ansus.
1525 3499 1724 3551 Omnes
1753 3509 1805 3549 et

799 3575 968 3631 codd.
993 3590 1044 3628 et
1064 3576 1182 3628 edd.
1200 3590 1385 3648 praeter
1400 3595 1564 3628 unum
1577 3578 1802 3647 Capper.

801 3657 931 3710 dant
955 3654 1272 3729 relinquetur
1287 3655 1569 3708 foedissima
1589 3657 1807 3707 concin-

802 3739 978 3790 nitatis
1028 3740 1195 3789 ruina.
1243 3736 1526 3789 Boxhornii
1545 3774 1563 3803 ,
1611 3738 1806 3789 citante

803 3817 1129 3881 Bur-manne,
1154 3828 1294 3867 certa
1317 3813 1474 3887 plane
1498 3827 1578 3866 est
1598 3818 1808 3887 conjec-

802 3909 947 3963 tura,
972 3895 1300 3968 reponentis,
1322 3893 1467 3966 quod
1485 3897 1677 3967 recepi.
1698 3896 1808 3967 Ap·

802 3988 954 4048 paret
992 3992 1149 4046 quam
1186 3975 1252 4026 sit
1279 3972 1418 4026 'levis
1456 3975 1716 4040 mutati0,
1758 3975 1806 4025 ei

802 4057 1120 4126 praesertim,
1160 4054 1249 4124 qui
1281 4051 1447 4106 Codd.
1473 4055 1803 4106 *tractaverit

800 4133 963 4203 Quod
1011 4130 1173 4185 modo
1226 4147 1336 4186 erat
1385 4132 1555 4200 dabit,
1608 4132 1806 4205 flagitat

1887 1445 2044 1498 etiam
2084 1441 2172 1494 hic
2214 1443 2439 1493 activum
2482 1439 2687 1510 reponi.
2726 1435 2891 1489 Ams-

1882 1543 2010 1597 pex,
2032 1521 2317 1585 abstemius,
2337 1523 2453 1590 ipsa
2470 1518 2729 1569 vocabula
2741 1556 2759 1584 ,
2778 1536 2893 1588 per-

1888 1621 2028 1655 sonae
2048 1601 2209 1666 flunt,
2226 1597 2371 1670 quod
2391 1598 2638 1668 frequens
2658 1609 2738 1649 est
2756 1598 2893 1649 Nos·

1886 1696 1987 1734 tro.
2002 1680 2136 1734 Vide
2160 1693 2343 1732 notam
2366 1678 2433 1729 ad
2457 1679 2506 1744 1,
2530 1676 2592 1742 6,
2616 1692 2709 1742 22,
2727 1693 2895 1748 quum

1887 1761 2062 1813 ebur...
2095 1758 2424 1830 tmnsfhrunt.
2455 1786 2527 1797 —
2552 1757 2611 1806 In
2638 1754 2739 1805 hac
2767 1770 2895 1825 per·

1886 1840 2178 1891 mutatione
2204 1835 2351 1887 verbi
2380 1833 2714 1906 relinquetur,
2748 1830 2897 1903 quod

1889 1927 2185 1988 agnoscunt
2213 1931 2397 1964 omnes
2420 1910 2589 1965 codd.
2621 1924 2673 1963 et
2703 1909 2897 1962 editio-

1888 2015 2010 2063 nes,
2034 2014 2145 2047 non
2171 1993 2327 2046 video
2351 1993 2761 2045 concinnitatem
2778 2009 2898 2042 ma-

1881 2080 2071 2149 jorem.
2089 2073 2315 2144 Vulgata
2334 2085 2517 2124 nostro
2533 2071 2736 2144 judicio
2755 2070 2897 2123 bene

1889 2172 1945 2207 se
1969 2152 2147 2205 habet.
2169 2149 2568 2224 Interpretando
2594 2152 2736 2203 enim
2754 2153 2899 2202 inve·

1886 2234 2091 2283 nimus:
2116 2249 2219 2282 vox
2240 2247 2485 2301 aruspex,
2509 2228 2690 2299 quia...
2715 2228 2899 2280 clabits

1890 2310 1992 2363 litt.
2015 2310 2175 2369 tertioe
2194 2307 2430 2383 syllabam
2451 2307 2579 2360 dum
2595 2308 2895 2374 abstemius,

1889 2387 2069 2461 quia...
2105 2386 2428 2460 relinquetur
2451 2386 2636 2458 primoe
2662 2384 2894 2458 syllabas.

1888 2468 2011 2519 Hoec
2052 2468 2273 2519 mutatio
2313 2465 2627 2532 modorum,
2662 2464 2746 2516 vel
2781 2465 2897 2517 for-

1888 2564 2093 2599 marum
2110 2548 2165 2600 in
2178 2545 2349 2599 verbis
2361 2586 2377 2613 ,
2396 2563 2506 2598 non
2525 2544 2687 2598 modo
2702 2546 2899 2598 usitata

1861 2646 1864 2652 ¹
1890 2637 1971 2678 est
1993 2644 2078 2698 ap.
2105 2637 2238 2698 optt.
2266 2627 2582 2696 scriptores,
2611 2623 2707 2676 sed
2734 2625 2897 2677 etiam

1888 2724 1998 2784 non
2027 2718 2105 2758 est
2138 2704 2425 2778 injucunda
2442 2743 2459 2772 ,
2486 2723 2589 2756 nec
2616 2705 2672 2757 in
2701 2704 2896 2757 Latino

1890 2801 2164 2852 sermone,
2204 2803 2378 2856 neque
2420 2786 2578 2837 etiam
2615 2785 2672 2836 in
2711 2797 2897 2838 nostra

1889 2864 2083 2936 lingua.
2109 2864 2198 2917 Nil
2220 2882 2345 2935 ergo
2369 2863 2696 2917 mutandum.
2722 2866 2815 2917 Eo.

1960 2943 2011 3012 4.
2047 2945 2189 2997 Nam
2222 2944 2329 2996 K...
2359 2953 2603 3016 ponatur.
2628 2942 2762 2996 Vide
2788 2961 2895 2996 no-

1889 3037 1999 3075 tam
2022 3022 2162 3091 adl,
2186 3023 2246 3089 4,
2271 3039 2333 3092 9,
2357 3039 2473 3095 quoe
2497 3023 2742 3095 etipsa...
2766 3034 2896 3075 nota

1890 3114 1977 3155 est.
2004 3102 2112 3156 Sibi
2134 3114 2342 3155 constat
2364 3103 2498 3170 Qu„
2521 3101 2649 3156 dum
2673 3104 2898 3175 carptim
2996 3109 3003 3116 ’

1891 3195 2079 3234 tractat
2104 3180 2560 3253 orthographiam,
2586 3183 2702 3253 qui,
2730 3182 2898 3254 paulo

1893 3274 2046 3326 ante,
2080 3272 2245 3312 totam
2272 3262 2518 3333 persequi
2547 3259 2689 3332 infra
2711 3278 2896 3333 qram-

1893 3340 2073 3392 matici
2093 3337 2329 3413 officium
2355 3357 2467 3392 esse
2492 3339 2679 3392 dixerit
2701 3340 2778 3411 (S.
2819 3339 2899 3412 1),

1894 3433 1948 3472 et
1968 3438 2039 3472 ne
2061 3421 2385 3490 grammatici
2406 3419 2619 3490 quidem
2639 3438 2797 3472 omne
2820 3419 2901 3472 of-

1893 3499 2068 3551 ficium
2095 3515 2125 3550 a
2148 3516 2204 3550 se
2225 3500 2513 3569 exspectari
2526 3498 2713 3571 jubeat
2731 3498 2812 3570 (1,
2834 3499 2898 3566 4,

1900 3580 2080 3652 1731,
2118 3574 2178 3644 5,
2216 3577 2298 3649 7).
2336 3579 2476 3630 Nam
2510 3577 2670 3644 dixit,
2702 3597 2769 3630 ne
2805 3579 2899 3630 cui

1892 3655 2173 3722 videretur,
2203 3659 2338 3708 sicut
2359 3657 2413 3706 in
2438 3654 2730 3709 dirimenda
2751 3656 2896 3710 litte·

1893 3754 1951 3788 ra
1972 3754 1995 3788 s
2015 3734 2396 3787 vocabulorum
2416 3753 2634 3807 aruspex
2656 3750 2709 3788 et
2729 3737 2897 3789 abste-

1894 3814 2054 3879 mius,
2076 3814 2342 3885 duplicem
2361 3815 2619 3867 rationem
2638 3814 2898 3887 sequeba-

1895 3908 1998 3959 tur,
2034 3894 2087 3943 in
2126 3893 2239 3944 aliis
2270 3892 2439 3945 verbis
2472 3891 2699 3965 probare
2730 3894 2810 3960 K,
2838 3896 2898 3946 in

1896 3971 2009 4024 aliis
2044 3974 2289 4044 rejicere,
2327 3989 2491 4042 quum
2531 3989 2741 4024 omnem
2778 3975 2897 4044 ejus

1893 4072 2050 4106 usum
2073 4052 2439 4125 proscriberet.

1967 4130 2015 4185 5.
2052 4128 2339 4205 Siqnficat.
2372 4129 2532 4184 Goth.
2572 4141 2624 4183 et
2655 4085 2807 4184 Jens.
2840 4139 2903 4181 et
