3200 5150
696 416 1349 487 ms‘rrrn‘noms
1383 417 1640 485 onAT.
1682 418 1841 484 Lm.
1882 419 1975 498 11,
2019 420 2116 485 16.
2195 392 2204 403 '

2327 418 2454 509 359

362 570 580 646 quarn
600 570 741 644 quo
766 541 896 642 ipsi
918 540 1240 614 homines
1265 538 1519 613 caeteris
1538 538 1962 613 animalibus
1981 540 2335 640 praestant?
2354 542 2455 613 Eo
2499 558 2558 612 ιε

362 660 651 760 quidem
681 657 934 756 magis»,
959 655 1152 755 quod
1179 652 1378 729 nulla
1405 655 1478 729 in
1507 676 1698 757 parte
1720 669 1737 699 ¹
1768 655 2046 757 plenius
2077 655 2272 729 labor
2295 684 2456 755 gra-

361 774 530 847 tiam
557 774 793 846 refert:
823 771 895 843 id
913 771 1088 847 adeo
1103 783 1132 816 ²
1157 770 1614 847 manifestum
1637 769 1799 859 erit,
1817 770 1874 843 si
1897 770 2456 870 cogitaverimus»,

364 888 552 960 unde
568 885 623 977 ³,
649 908 716 960 et
743 912 1111 986 quousque
1129 884 1283 987 jam
1312 906 1633 988 provecta
1659 885 1743 960 sit
1770 886 2014 959 orandi
2041 884 2366 975 facultas3
2392 907 2462 958 et

359 1001 591 1075 adhuc
616 1001 854 1102 augeri
883 999 1170 1101 potest4.
1196 1003 1379 1075 Nam
1404 1020 1485 1074 ut
1504 1001 1857 1092 omittam,
1881 1001 2254 1074 defendere
2283 1001 2460 1075 ami·
2498 1038 2562 1092 ¹9

360 1142 519 1208 cos,
559 1144 793 1217 regere
832 1116 1133 1191 consiliis
1164 1137 1523 1206 senatum,
1559 1116 1943 1219 populum,
1974 1117 2348 1191 exercitum
2382 1117 2458 1190 in

361 1258 518 1332 quae
564 1232 726 1304 velit
768 1231 1021 1329 ducere
1043 1288 1064 1321 ,
1101 1259 1318 1333 quarn
1360 1232 1447 1305 sit
1486 1232 1694 1325 utile,
1727 1232 2229 1333 conveniatque
2267 1233 2458 1307 bono

360 1347 545 1439 viro;
579 1374 817 1422 nonne
847 1347 1225 1447 pulchrum
1253 1348 1363 1421 vel
1391 1348 1524 1422 hoc
1556 1347 1792 1449 ipsum
1822 1369 1951 1440 est,
1981 1376 2065 1422 ex
2091 1349 2458 1423 communi

369 1583 560 1660 offic.)
590 1588 645 1656 1,
676 1588 744 1657 4,
774 1588 918 1642 unde
941 1587 1169 1642 contulit
1191 1590 1248 1641 in
1271 1587 1361 1640 lib.

364 1665 433 1718 de
455 1668 547 1720 Or.
576 1669 622 1735 Ι,
647 1668 699 1720 8.

441 1758 486 1797 t.
513 1745 744 1800 Nulla...
770 1757 936 1819 parve.
972 1749 1206 1820 Apparet
1237 1760 1368 1800 nota

361 1821 584 1878 Gesner-i
606 1827 813 1893 critica,
835 1825 1064 1879 voluisse
1093 1845 1216 1878 eum
1243 1824 1371 1879 dare

362 1916 474 1958 arte
495 1905 624 1977 (pro
644 1905 826 1979 parte)
848 1905 993 1978 quod
1020 1909 1291 1958 inventum
1313 1909 1370 1958 in

362 1984 525 2038 Goth.
561 1985 629 2038 ab
663 1989 877 2060 optimis
908 1988 1192 2039 Burmanni
1224 1985 1369 2039 libris

364 2064 581 2118 defendi
605 2081 796 2119 narrat.
824 2067 927 2121 Sed
952 2086 1124 2140 operae
1149 2084 1259 2119 non
1281 2085 1373 2139 pa·

363 2157 583 2197 ruerunt
603 2183 621 2211 ‚
660 2163 838 2217 neque
878 2164 979 2216 ego
1022 2164 1145 2197 eum
1190 2163 1374 2197 casum

363 2222 605 2276 inutilem
623 2237 756 2296 puto
760 2263 786 2299 ,⁹
807 2243 972 2297 quum
994 2238 1207 2296 recepta
1229 2236 1372 2276 recte

363 2300 561 2356 habere
575 2303 705 2356 mihi
719 2303 973 2357 videatur.
990 2306 1122 2358 Sunt
1137 2323 1263 2357 sane
1277 2303 1373 2355 bo-

366 2384 422 2435 ni
452 2380 573 2434 libri
599 2385 776 2435 Turic.
812 2383 960 2436 Bodl.
997 2382 1104 2437 Bal.
1140 2383 1279 2439 Alm.
1319 2395 1373 2436 et

368 2461 450 2514 ed.
477 2462 641 2514 Andr.
671 2466 762 2535 qui
780 2463 909 2516 dant
932 2475 1072 2528 arte,
1099 2463 1193 2517 sed
1215 2462 1374 2517 solita

365 2552 445 2593 est
486 2542 733 2595 confusio
773 2540 922 2615 (vide
961 2543 1071 2596 Liv.
1110 2544 1165 2610 1,
1208 2541 1267 2595 15
1284 2582 1302 2611 ‚
1337 2541 1371 2610 4

365 2619 550 2691 Drak.)
567 2623 623 2674 in
642 2640 775 2694 qua,
794 2635 854 2674 ut
869 2622 1153 2675 consilium
1175 2621 1374 2676 librarii

366 2715 630 2753 versatum
661 2702 849 2769 fuerit,
886 2720 996 2754 non
1029 2716 1109 2755 est
1139 2720 1373 2754 necesse.

369 2778 515 2844 Pars,
539 2798 704 2852 quum
725 2783 792 2834 sit
818 2799 977 2853 quam
999 2775 1162 2833 hodie
1180 2792 1377 2832 vocant

368 2858 620 2930 speciem,
662 2862 844 2931 generi
878 2857 1172 2931 subjectam
1191 2897 1209 2926 ‚
1246 2856 1376 2930 quid

368 2947 512 2987 vetat
530 2935 661 3002 dici,
688 2933 840 2990 nulla
864 2938 919 2988 in
938 2947 1090 3009 parte
1111 2955 1260 3007 teque
1279 2954 1341 2987 ac
1356 2974 1374 3004 ‚

370 3014 523 3068 nullo
552 3017 606 3068 in
630 3037 846 3090 qenere,
873 3020 928 3070 in
953 3034 1059 3088 quo
1085 3035 1241 3068 nemo
1264 3014 1376 3068 hm-

369 3107 483 3147 reat
503 3096 764 3167 profecto.
788 3097 897 3148 Liv.
918 3095 1168 3163 XXXIX,
1188 3093 1286 3161 36,
1308 3093 1372 3162 4:

375 3197 399 3221 «ι
418 3193 488 3227 ne
511 3173 567 3226 t’n
592 3173 704 3226 ulla
719 3185 869 3248 parte
886 3175 1169 3228 crudelitas
1191 3192 1376 3227 eorum

375 3267 725 3318 «cessaret-3
762 3268 816 3307 et
851 3257 1003 3308 Nost.
1038 3273 1163 3306 mox
1200 3269 1282 3323 17,
1321 3268 1376 3320 t,

365 3344 517 3406 parte
533 3335 591 3385 in
609 3333 737 3401 hac,
758 3353 804 3387 c.
835 3335 924 3402 18,
945 3333 1005 3402 5,
1023 3335 1078 3386 in
1093 3343 1245 3407 parte
1266 3351 1381 3384 ora·

370 3416 522 3466 toria.
545 3416 676 3467 Item
694 3416 815 3483 xn,
841 3432 888 3482 1,
913 3414 1007 3468 16:
1031 3416 1143 3468 Nee
1161 3415 1235 3467 M.
1256 3412 1380 3465 Tul·

369 3493 443 3546 lio
467 3494 698 3548 defuisse
727 3496 782 3547 in
809 3494 925 3548 ulla
947 3506 1155 3568 parte...
1183 3490 1378 3547 volun-

372 3587 552 3627 tatem.
578 3578 628 3642 1,
653 3577 713 3645 3,
744 3595 826 3649 ¹7³
849 3579 898 3644 1,
925 3596 976 3649 7,
1006 3594 1096 3647 ¹9³
1120 3579 1171 3644 Ι,
1202 3594 1292 3644 ιο,
1315 3575 1379 3643 4,

281 3697 290 3708 .
376 3653 591 3720 31;111‚
614 3655 680 3722 6,
703 3655 799 3721 63;
824 3660 922 3725 111,
944 3658 1004 3724 8,
1032 3657 1111 3724 ¹4·
1132 3657 1377 3728 Accipias

375 3732 533 3784 etiam
545 3751 644 3803 pro
660 3753 932 3806 nusquam.
951 3757 973 3783 α
989 3735 1147 3789 Nulla
1161 3738 1336 3788 inarte
1350 3758 1373 3782 υ

374 3813 646 3882 angustius
670 3826 749 3864 est
766 3816 1082 3882 coercitum,
1104 3834 1262 3887 quam
1280 3832 1379 3887 pro

375 3889 599 3944 consilio
619 3895 905 3965 scriptoris.
922 3896 1110 3966 Neque
1131 3898 1270 3947 enim
1290 3912 1384 3946 οω-

373 3973 500 4024 teris
531 3972 723 4026 artibus
747 3972 953 4039 solum,
983 3974 1077 4027 sed
1104 3975 1217 4028 aliis
1245 3992 1384 4046 quo-

380 4071 481 4124 que
508 4050 755 4106 humanis
783 4051 1097 4120 conatibus,
1129 4058 1384 4127 majorem

379 4135 600 4205 gratiam
647 4136 839 4189 referre
886 4136 960 4186 ait
1009 4132 1379 4206 eloquentiam.

1454 1587 1631 1643 Guelf.
1655 1589 1800 1644 Jens.
1821 1590 2100 1661 caeterique
2119 1590 2224 1642 mei
2243 1606 2426 1643 omnes
2441 1611 2455 1640 ι

1450 1680 1615 1742 parte.
1643 1699 1713 1708 —
1734 1667 1832 1721 Ed.
1857 1666 2048 1735 Caum,
2071 1679 2196 1720 arte.
2221 1669 2314 1720 Eo.

1530 1767 1580 1803 ο.
1605 1749 1674 1802 Id
1693 1748 1839 1800 adeo.
1864 1746 2010 1801 Adeo
2026 1761 2346 1820 potestatem
2365 1747 2463 1800 ha-

1457 1828 1551 1883 bet
1581 1831 1864 1895 rariorem,
1897 1827 1991 1880 ubi
2021 1826 2375 1900 subjungitur,
2408 1840 2462 1879 et

1456 1908 1568 1961 fere
1607 1921 1687 1961 est
1716 1926 1814 1981 pro
1849 1921 2003 1969 nerag
2040 1906 2464 1973 continuationi,

1459 1988 1828 2062 explicationi,
1865 1988 2181 2051 inserviens,
2217 1983 2311 2037 ubi
2346 1986 2464 2058 ple-

1457 2087 1682 2143 rumque
1712 2068 2043 2141 praemittitur
2073 2065 2128 2116 id
2140 2103 2157 2129 ‚
2190 2078 2249 2117 ut
2279 2066 2462 2117 Cicero

1458 2153 1605 2202 Verr.
1625 2136 1711 2215 lV,
1726 2149 1795 2201 63
1809 2161 1937 2200 extr.
1954 2165 2051 2219 pro
2062 2146 2285 2210 Caecina,
2302 2163 2349 2196 c.
2367 2145 2465 2208 303

1459 2227 1672 2283 Sallust.
1697 2227 1812 2280 Cat.
1837 2245 1884 2279 c.
1910 2225 1980 2279 33
2002 2224 2083 2277 bis
2107 2225 2219 2277 init.
2250 2238 2303 2276 et
2332 2237 2458 2276 extr.

1452 2302 1531 2362 id.
1569 2309 1690 2378 Jug.
1730 2326 1777 2359 c.
1825 2323 1938 2377 ¹⁰7·
1967 2303 2100 2359 Vide
2133 2302 2358 2356 Tursell.
2397 2301 2465 2355 de

1455 2401 1620 2462 par-tt.
1646 2407 1700 2459 p.
1728 2386 1826 2453 42,
1848 2388 1926 2452 11,
1949 2383 2042 2436 ubi
2063 2398 2238 2435 tamen
2263 2382 2467 2453 aliquot

1459 2465 1701 2539 exempla
1725 2464 1892 2519 aliena
1918 2476 1970 2517 et
1992 2481 2090 2536 pro
2115 2461 2322 2515 Sallust.
2343 2462 2464 2532 Jug.

1470 2561 1567 2600 uo
1592 2545 1707 2617 lege
1737 2542 1853 2596 106.

1532 2625 1583 2680 3.
1628 2624 1794 2677 Unde.
1826 2621 2106 2693 Eleganter
2136 2631 2470 2692 anteponunt

1460 2713 1514 2755 et
1536 2703 1699 2756 Goth.
1718 2705 1875 2756 Voss.
1910 2719 1938 2753 2
1970 2714 2021 2752 et
2048 2698 2168 2754 edd.
2194 2713 2319 2750 vett.
2347 2698 2468 2769 qui-

1447 2769 1564 2834 'bus
1593 2779 1730 2834 adde
1756 2784 1909 2834 Tar-v.
1937 2783 2121 2832 Venet.
2151 2780 2310 2830 Ruso.
2342 2773 2464 2829 Bad.

1463 2861 1665 2916 Cen-vic.
1697 2889 1771 2900 -
1800 2862 1861 2914 R.
1899 2879 1964 2927 2,
1995 2870 2047 2911 et
2077 2857 2230 2911 unde.
2260 2859 2322 2910 R.
2360 2875 2379 2909 ι
2416 2869 2468 2909 et

1463 2940 1624 2993 cmv.
1639 2977 1657 3005 ‚
1680 2938 1834 2990 unde.
1860 2941 1952 2991 En.

1537 3018 1589 3085 4.
1616 3019 1742 3069 Et...
1765 3026 1949 3088 potest.
1971 3017 2161 3083 Gesn.,
2181 3016 2345 3088 quiin
2367 3013 2471 3067 his-

1464 3115 1554 3163 ce,
1575 3109 1843 3166 tamquam
1863 3097 2034 3147 minuis
2056 3095 2122 3148 ad
2135 3097 2468 3169 propositum

1464 3172 1784 3227 facientibus
1795 3210 1812 3238 ‚
1828 3171 2009 3240 haeret,
2018 3173 2224 3225 videtur
2240 3192 2347 3226 non
2361 3173 2470 3244 pla-

1463 3274 1534 3309 ne
1570 3263 1842 3307 assecutus
1859 3290 1877 3320 ‚
1911 3272 2016 3324 quo
2054 3272 2211 3307 sensu
2247 3252 2466 3323 Quintil.

1465 3334 1630 3389 modo
1660 3331 1876 3386 dixerit:
1923 3356 1946 3380 κ
1964 3335 2185 3405 gratiam
2212 3336 2419 3386 referre.
2441 3357 2466 3380 ιι

1466 3419 1591 3471 Non
1610 3416 1821 3488 praemia
1841 3414 2220 3485 intelliguntur,
2235 3411 2328 3466 sed
2345 3433 2471 3486 ope-

1467 3499 1537 3549 ris
1578 3496 1743 3568 ipsius
1786 3513 2077 3548 successus.
2127 3497 2186 3548 ln
2232 3496 2470 3547 oratione

1467 3577 1692 3628 maxime
1717 3572 2055 3627 elaborarunt
2076 3573 2345 3639 homines,
2375 3594 2473 3627 ne-

1469 3676 1573 3730 que
1595 3657 1789 3710 frustra
1813 3673 2027 3728 operam
2049 3657 2441 3727 insumpserunt
2454 3692 2475 3722 ‚

1469 3750 1522 3788 et
1544 3754 1612 3788 ne
1634 3732 1981 3807 praesentibus
2007 3732 2217 3805 quidem
2241 3733 2473 3784 terminis

1470 3828 1637 3868 artem
1668 3816 1838 3866 metiri
1870 3813 2040 3867 decet.
2077 3815 2265 3884 Neque
2297 3811 2474 3864 obstat

1471 3893 1619 3967 quod
1644 3912 1765 3946 mox
1789 3891 1856 3946 de
1879 3895 2102 3965 praemiis
2127 3894 2284 3945 etiam
2308 3890 2475 3964 loqui·

1470 3989 1575 4040 tur,
1606 3974 1875 4045 praemisso
1915 3992 1938 4017 a
1958 3972 2100 4024 Nam
2120 3995 2144 4019 ιι
2184 3969 2328 4043 quod
2365 3990 2475 4023 non

1472 4070 1680 4124 semper
1694 4051 2045 4104 arctissimum
2058 4069 2250 4104 nexum
2263 4049 2475 4103 demon-

1473 4144 1617 4186 Strat-
