3200 5150
839 500 962 569 150

1400 500 1495 562 M.
1536 497 1762 564 FABn
1797 495 2350 580 QUmeAm

831 606 1061 706 primo
1099 602 1272 677 dura
1295 614 1315 648 ¹
1362 603 1505 675 visa
1543 623 1742 691 sunt,
1795 628 1926 674 usu
1968 602 2402 677 molliuntur.
2448 601 2587 677 Sed
2626 603 2928 676 minime

832 722 1037 793 nobis
1071 745 1392 792 concessa
1431 740 1532 792 est
1570 727 1968 806 ὀνοματοποιῖαε
2003 718 2160 818 quis
2191 717 2384 792 enim
2416 719 2628 809 ferat,
2664 720 2722 791 si
2752 718 2931 819 quid

832 835 1058 909 simile
1082 834 1215 907 illis
1239 832 1483 907 merito
1506 834 1801 906 laudatis
1819 888 1839 921 ‚
1866 846 2004 920 λίγξε
2030 844 2167 922 βιὸς,
2199 854 2268 906 et
2297 846 2448 924 σίζϋι
2478 845 2753 924 ὀφθαλμὸς,
2783 833 2932 907 fin-

833 978 994 1049 gere
1030 949 1464 1023 audeamus?
1509 953 1672 1023 Jam
1708 976 1801 1022 ne
1845 946 2127 1020 batare³
2177 948 2464 1047 quidem
2502 969 2621 1021 aut
2657 949 2936 1021 hinnire

832 1066 1095 1167 fortiter
1127 1065 1516 1138 diceremus
1534 1063 1603 1153 4,
1651 1064 1783 1137 nisi
1807 1062 2074 1164 judicio
2093 1061 2122 1109 ⁵
2150 1064 2497 1136 vetustatis
2525 1064 2933 1137 niterentur.

933 1183 1104 1253 CAP.
1137 1182 1260 1253 VI.
1309 1181 1430 1253 Est
1461 1181 1669 1253 etiam
1704 1207 1829 1253 sua
1864 1179 2310 1279 loquentibus
2341 1179 2722 1253 observatio
2742 1235 2763 1269 ,
2810 1207 2943 1253 sua

838 1295 1320 1369 scribentibus».
1360 1298 1595 1370 Sermo
1631 1317 1895 1369 constat
1935 1295 2194 1369 ratione
2218 1352 2238 1384 ‚
2282 1316 2648 1385 vetustate,
2691 1317 2942 1368 aucto-

841 1409 1073 1497 ritate,
1116 1410 1644 1484 consuetudine.
1687 1414 2051 1485 Rationem
2078 1432 2349 1511 praestat
2381 1410 2724 1511 praecipue
2757 1438 2941 1482 ana-

845 1524 1030 1622 loqia
1044 1582 1064 1611 ,
1083 1551 1601 1625 nonnunquam
1623 1547 1690 1598 et
1705 1525 2144 1626 etymoloqt'a.
2173 1529 2417 1600 Vetera
2434 1525 2752 1627 majestas
2767 1553 2948 1624 quae-

768 1663 797 1699 ³
846 1640 1007 1713 dam
1027 1695 1047 1728 ‚
1078 1662 1177 1730 et,
1202 1661 1280 1713 ut
1301 1641 1395 1713 sic
1425 1641 1751 1730 dixerim,
1782 1638 2021 1740 religio
2054 1640 2523 1714 commendat.
2551 1643 2948 1713 Auctoritas

844 1753 935 1826 ab
963 1755 1344 1827 oratoribus
1368 1755 1476 1827 vel
1504 1755 1841 1829 historicis
1864 1756 2005 1855 peti
2028 1755 2238 1829 solet:
2286 1783 2454 1828 nam
2484 1777 2717 1856 poetas
2742 1754 2952 1827 metri

849 1870 1211 1942 necessitas
1240 1891 1555 1960 excusat,
1597 1870 1730 1945 nisi
1768 1873 1823 1944 si
1856 1871 2178 1970 quando,
2218 1871 2392 1942 nihil
2419 1871 2846 1970 impediente
2873 1871 2952 1942 in

846 2005 1143 2084 utroque
1162 1985 1194 2029 ⁶
1224 1985 1703 2060 modulatione
1726 1987 1990 2086 pedum
2010 2042 2030 2075 ,
2056 1986 2348 2058 alterum
2375 1985 2680 2075 malunt;
2716 1986 2956 2086 qualia

927 2151 972 2187 t.
1000 2135 1181 2186 Primo
1203 2134 1351 2187 dura.
1376 2136 1537 2189 Goth.
1565 2138 1858 2211 principio,

853 2232 1018 2285 quum
1041 2215 1200 2266 Gesn.
1226 2215 1417 2267 referat
1435 2217 1689 2289 principi,
1715 2218 1863 2288 quod

849 2295 901 2344 ei
922 2293 1127 2365 placen
1149 2295 1241 2346 sed
1260 2296 1485 2348 fortasse
1503 2314 1534 2347 o
1552 2297 1751 2349 vocalis
1771 2296 1862 2350 ad·

854 2372 965 2424 dita
990 2387 1069 2424 est
1093 2372 1161 2424 ab
1185 2372 1285 2425 alia
1309 2392 1486 2426 manu.
1512 2376 1704 2430 Differt
1723 2379 1865 2430 enim

854 2452 1077 2525 paulum
1102 2455 1358 2523 scriptura
1384 2458 1514 2526 ejus.

933 2551 980 2585 2.
1006 2533 1113 2601 25(ae
1160 2533 1291 2587 Sunt
1314 2533 1425 2587 hirc
1448 2536 1625 2589 Graeca
1643 2575 1660 2604 ‚
1691 2550 1749 2590 ut
1773 2539 1864 2605 fit,

858 2615 1253 2685 corrupti-mima
1289 2616 1342 2668 in
1374 2616 1541 2668 Codd.
1592 2617 1654 2668 ld
1689 2631 1863 2671 tamen

858 2692 942 2744 vel
966 2713 1028 2746 ex
1053 2692 1297 2746 sordibus
1326 2696 1437 2747 istis
1460 2695 1691 2749 Gothani
1714 2697 1736 2769 (
1758 2710 1861 2751 tac.

860 2774 1018 2826 Gesn.
1042 2772 1064 2844 )
1101 2794 1156 2824 συ
1195 2795 1243 2826 τι
1281 2790 1500 2848 apparet
1519 2815 1535 2841 ‚
1582 2777 1867 2848 legendum

864 2872 978 2906 esse
993 2873 1115 2906 cum
1130 2855 1358 2907 Homero
1374 2857 1496 2924 σίξσ,
1520 2856 1605 2907 vel
1619 2856 1713 2926 σίζ’
1731 2897 1746 2920 ,
1767 2877 1865 2931 pro

866 2950 973 3003 quo
999 2933 1135 2984 male
1159 2933 1285 2986 editi
1307 2954 1490 2987 omnes
1514 2935 1658 3004 σίζει,
1682 2951 1868 3008 praeter

863 3031 1103 3065 meorum
1135 3013 1346 3084 quidem
1378 3034 1544 3067 unum
1575 3016 1870 3089 Gryphium

865 3091 1066 3162 (1544)
1086 3095 1175 3164 qui
1192 3093 1283 3145 dat
1304 3093 1398 3162 σίζ’
1420 3093 1657 3161 equam&
1675 3118 1687 3147 x
1707 3095 1869 3168 plane

867 3193 930 3225 ex
956 3175 1202 3224 Homero.
1234 3174 1408 3226 Guelf.
1440 3174 1781 3242 ιῦξσοφθιλμδς
1813 3180 1869 3231 in

870 3272 979 3324 qno
1022 3266 1072 3305 et
1108 3255 1227 3324 ipso
1265 3255 1391 3306 latet
1426 3274 1548 3307 vera
1590 3259 1866 3328 scripturn.

869 3331 1162 3395 —Ae'yfsm
1186 3333 1298 3401 σι’ξι.
1324 3334 1382 3385 ΙΙ,
1408 3337 1509 3399 lv,
1538 3334 1653 3386 125.
1679 3336 1866 3407 odyss,

870 3412 976 3475 lx,
1004 3411 1124 3480 394.
1156 3414 1214 3463 ln
1236 3415 1526 3482 posteriore
1549 3428 1725 3466 tamen
1749 3415 1871 3467 loco

872 3488 1083 3542 eliditur
1101 3508 1121 3539 ο
1145 3490 1217 3542 ob
1236 3507 1543 3562 sequentem
1561 3493 1796 3546 vocalem
1816 3498 1871 3547 in

874 3566 1138 3635 ὅφθιλμὸς,
1178 3570 1325 3641 qnod
1356 3571 1635 3624 observare
1665 3575 1875 3642 Quinti-

870 3650 1069 3703 lianum
1086 3687 1103 3716 ‚
1124 3670 1235 3703 nou
1259 3651 1530 3704 attinebat.

944 3730 995 3782 3.
1016 3731 1139 3781 Jam
1155 3748 1220 3781 ne
1232 3730 1419 3782 batam.
1441 3734 1575 3784 Puto
1589 3731 1874 3802 legendum

872 3829 997 3862 nam
1019 3828 1086 3860 ne
1105 3808 1307 3861 balare.-
1332 3812 1582 3881 frequens
1607 3813 1868 3865 confusio.

873 3888 992 3941 vid.
1016 3887 1279 3942 Drakenb.
1302 3889 1367 3942 ad
1387 3891 1474 3944 Sil.
1496 3892 1608 3943 Ital.
1631 3894 1720 3959 IX,
1743 3893 1870 3960 2423

874 3972 999 4023 item
1025 3972 1275 4023 Nostrum
1299 3974 1354 4034 l,
1385 3988 1477 4037 to,
1503 3973 1588 4042 37.
1619 3975 1709 4026 En.

948 4050 1000 4115 4.
1026 4051 1257 4104 Fortiter.
1286 4051 1459 4105 Editio
1478 4054 1751 4125 Campana
1773 4052 1874 4105 ha-

877 4128 971 4181 bet
989 4130 1159 4201 forte,
1199 4132 1342 4203 quod
1373 4133 1495 4184 ferri
1531 4147 1738 4205 posset,
1773 4136 1875 4185 nisi

877 4209 1126 4282 frequens
1153 4225 1291 4266 esset
1322 4212 1466 4284 apud
1492 4216 1743 4268 Nostrum
1772 4232 1877 4266 vox

1937 2137 2180 2210 fortiter,
2209 2150 2269 2188 ut
2288 2154 2409 2188 mox
2428 2135 2753 2189 demonstrat
2770 2135 2954 2208 Spald.

1949 2219 2041 2270 Eo.
2065 2246 2139 2257 -
2156 2216 2378 2268 Fortiter
2391 2215 2688 2267 diceremus.
2709 2216 2774 2267 H.
2797 2234 2844 2267 e.
2867 2215 2955 2267 di-

1950 2316 2070 2349 cere
2097 2296 2427 2349 auderemnz.
2461 2295 2582 2347 vid.
2616 2300 2682 2362 V,
2722 2311 2818 2362 ιο,
2851 2297 2955 2365 78:

1956 2375 2255 2447 afortiter...
2275 2375 2536 2446 junxerim
2558 2398 2581 2421 ιο
2611 2393 2710 2446 pro
2729 2379 2960 2446 jungere

1952 2458 2134 2507 ausim.
2161 2459 2221 2507 It.
2243 2457 2323 2522 X,
2358 2472 2405 2521 1,
2435 2452 2532 2506 105
2548 2491 2566 2520 ,
2594 2455 2844 2527 «fortiter
2858 2473 2959 2527 op-

1958 2556 1980 2584 ·
1998 2537 2282 2609 posuerim.
2321 2558 2344 2584 n
2399 2535 2646 2590 Horatius
2694 2552 2912 2607 quoque
2939 2573 2961 2602 ,

1958 2639 1981 2662 α
1990 2616 2205 2689 fortiter
2227 2633 2434 2689 occupa
2455 2616 2699 2682 Portum,
2721 2639 2744 2664 ο
2778 2617 2956 2670 Cau-m.

1951 2700 2006 2762 1,
2036 2698 2129 2764 14,
2156 2715 2218 2750 2:
2249 2719 2271 2743 α
2291 2695 2773 2769 pereas...fortiter,
2797 2721 2820 2744 ιο
2849 2698 2960 2750 Sat.

1953 2779 2018 2842 11,
2033 2778 2085 2842 3,
2103 2777 2186 2844 4²·
2202 2775 2619 2846 Francogallice:
2643 2774 2960 2827 hardiment.

1955 2858 2134 2921 Forte,
2170 2856 2316 2927 quod
2339 2856 2390 2908 h.
2422 2856 2456 2907 l.
2491 2856 2777 2927 proferunt
2811 2875 2962 2928 quae-

1955 2936 2076 2988 dam
2101 2935 2220 2988 edd.
2247 2956 2314 2988 ne
2335 2937 2580 2987 [antinum
2612 2934 2827 3006 quidem
2855 2955 2962 3007 pro

1945 3015 2183 3088 fortune.
2217 3014 2334 3067 Vid.
2369 3014 2639 3068 Dukerum
2665 3014 2734 3068 de
2756 3016 2966 3068 hatini-

1955 3108 2062 3148 tnte
2099 3097 2338 3147 ICtorum
2372 3107 2498 3146 vett.
2529 3113 2583 3167 p.
2620 3095 2755 3163 377,
2800 3114 2964 3165 quem

1956 3193 2112 3226 usum
2133 3173 2276 3226 hunc
2296 3190 2325 3226 a
2339 3174 2825 3245 jureconsultorum
2848 3193 2966 3227 non

1955 3268 2097 3306 recte
2108 3253 2405 3326 disjungere
2415 3253 2655 3306 arbitror.
2667 3255 2963 3307 Declamm.

1958 3336 2129 3405 Qu.p.
2147 3334 2235 3400 41,
2256 3333 2777 3387 αἰοτῐίῑοτᾶὶιεῐίω..
2798 3355 2851 3407 p.
2872 3336 2968 3402 84,

1965 3435 1988 3460 ι
2007 3414 2424 3465 fortitersentite.
2447 3437 2470 3460 n
2489 3431 2544 3486 p.
2562 3413 2658 3480 86,
2679 3435 2702 3459 α
2716 3416 2962 3466 Poteram

1965 3516 1988 3541 ι
2006 3496 2215 3547 fortiter
2235 3493 2426 3546 dicere.
2453 3517 2477 3540 a

2032 3573 2081 3628 5.
2106 3574 2330 3626 Judicio.
2358 3576 2421 3625 Η.
2447 3592 2493 3627 e.
2519 3576 2837 3627 testimonio.

2031 3654 2082 3707 6.
2122 3656 2188 3706 In
2223 3665 2454 3727 utroque.
2491 3655 2575 3707 Sic
2610 3656 2766 3706 etiam
2798 3653 2962 3706 Goth.

1962 3753 2117 3807 quem
2142 3746 2361 3808 utruque
2382 3734 2506 3788 dare
2524 3737 2597 3787 ait
2617 3736 2778 3789 Gesn.
2809 3738 2968 3788 Erro-

1959 3835 2068 3868 rem
2100 3814 2182 3867 ed.
2222 3817 2402 3867 Locat.
2441 3815 2613 3869 dantis
2651 3816 2966 3868 femininum

1961 3893 2205 3947 emendat
2233 3898 2346 3967 ejus
2380 3897 2620 3966 repetitio
2644 3898 2801 3948 Rusc.
2838 3895 2964 3948 vid.

1961 3987 2141 4027 notam
2168 3974 2236 4026 ad
2258 3979 2479 4029 Prooem.
2509 3987 2604 4026 tot.
2640 3994 2728 4046 op.
2764 3976 2812 4043 4.
2851 3979 2968 4029 Ne-

1951 4071 2067 4124 ‚que
2101 4067 2276 4106 tamen
2325 4073 2470 4107 error
2504 4055 2591 4106 ille
2627 4055 2807 4106 Locat.
2852 4067 2967 4108 erat

1962 4133 2303 4207 typographi,
2322 4150 2381 4186 ut
2399 4148 2620 4206 apparet
2638 4153 2700 4187 ex
2719 4150 2849 4190 nota
2865 4139 2970 4189 Re-

1962 4216 2040 4286 gii.
2057 4229 2111 4269 et
2132 4214 2418 4273 edd.,Jens.
2444 4218 2596 4270 Tarv.
2626 4219 2761 4268 Ven.
