3200 5150
777 548 906 616 29²

1346 522 1440 586 M.
1480 517 1708 585 FABII
1744 516 2305 603 QUINTILIANI

773 689 927 740 tum
948 677 999 755 ¹,
1018 662 1263 752 velim,
1294 683 1373 734 ut
1397 661 1679 735 Livium
1708 688 1749 733 a
1777 661 2053 761 pueris²
2083 661 2305 761 magis
2324 719 2343 752 ,
2371 685 2587 760 quam
2613 659 2874 734 Sallus-

771 780 994 869 tium3
1032 799 1099 851 et
1127 778 1241 850 hic
1270 776 1567 850 historiae
1601 775 1872 878 major3
1904 797 2004 848 est
2036 773 2363 866 auctor4,
2395 776 2496 847 adr
2517 802 2732 876 quem
2765 797 2870 848 ta-

768 922 897 974 citer
908 924 1207 992 junguntur
1227 920 1354 986 ΧΠ,
1385 935 1405 969 ι
1422 935 1468 985 ι,
1493 918 1561 984 8,·
1578 916 1671 969 ubi
1695 931 1778 968 ta·

766 1019 892 1053 men
916 1003 1122 1053 animus
1145 999 1464 1069 designatur.
1486 999 1567 1051 De
1584 1015 1780 1067 genere

768 1078 982 1134 dicendi
997 1091 1078 1131 est
1091 1077 1237 1150 apud
1251 1078 1359 1129 Cic.
1376 1079 1590 1142 Orator,
1610 1093 1656 1127 c.
1682 1076 1775 1128 ι6·

771 1180 797 1205 ι
815 1156 1104 1211 Elaborant
1125 1156 1212 1207 alii
1230 1158 1284 1206 in
1299 1154 1517 1206 lenitate
1537 1165 1589 1205 et
1609 1173 1779 1225 aequa—

771 1259 797 1285 ιι
816 1237 1018 1290 bilitate
1034 1276 1052 1303 ,
1089 1250 1141 1288 et
1178 1254 1316 1308 puro
1355 1238 1505 1307 quasi
1544 1235 1778 1307 quodam

770 1341 796 1365 ιι
818 1332 872 1370 et
903 1316 1126 1369 candido
1152 1333 1347 1386 genere
1377 1313 1607 1368 dicendi.
1638 1316 1777 1368 Ecce

772 1418 797 1442 ι
817 1396 982 1466 aliqui
1022 1394 1305 1446 duritatem
1346 1409 1399 1446 et
1444 1396 1778 1447 severitatem

768 1498 798 1522 ιι
821 1474 1104 1546 quamdam
1152 1472 1325 1526 verbis
1349 1511 1365 1539 ,
1416 1486 1472 1525 et
1522 1474 1775 1526 orationis

769 1577 795 1602 α
819 1557 970 1627 quasi
1036 1555 1336 1608 moestitiam
1405 1566 1770 1624 sequuntur.-

762 1632 926 1705 Apud
950 1634 1202 1685 Nostrum
1226 1632 1302 1698 X,
1335 1648 1381 1697 1,
1410 1632 1507 1700 73,
1546 1653 1567 1677 ιι
1587 1631 1773 1682 candi-

769 1735 793 1761 «
812 1712 961 1765 dus...
1011 1711 1332 1764 Herodotus.
1355 1733 1378 1759 ιι
1424 1711 1558 1764 Vide
1607 1710 1773 1778 ibid„

760 1794 809 1860 3.
837 1807 958 1844 100:
978 1813 1001 1836 ι
1016 1790 1290 1843 Herodoto
1305 1793 1500 1861 aequari
1510 1792 1772 1844 livium...

766 1871 1087 1924 «clarissimi
1104 1870 1403 1922 candoris.-
1430 1869 1546 1922 lbid
1565 1871 1612 1939 5.
1642 1887 1662 1921 ι
1680 1888 1696 1921 ι
1708 1870 1771 1921 3:

767 1948 1096 2002 «Messala...
1128 1947 1441 2000 εαηάίάιις..
1476 1948 1657 2016 Quum
1690 1959 1773 1998 ta-

759 2048 886 2082 men
917 2026 1119 2081 candor
1149 2026 1237 2080 ille
1266 2027 1520 2080 orationis
1549 2044 1773 2096 magno·

728 2159 733 2162 .
761 2127 923 2181 pere,
954 2121 1014 2159 ιιι
1045 2106 1184 2172 dixi,
1217 2105 1448 2177 pendeat
1480 2124 1544 2157 ex
1580 2107 1774 2171 animi,

762 2187 831 2239 ab
877 2185 1108 2252 invidia,
1156 2185 1527 2252 simulatione,
1574 2184 1773 2251 alieni,

762 2264 996 2322 candore
1018 2280 1162 2317 recte
1186 2265 1386 2320 Seneca
1412 2277 1566 2335 pater
1584 2263 1676 2335 (p.
1703 2262 1766 2329 41

762 2344 916 2417 Rip.)
946 2346 1150 2396 Livium
1177 2343 1307 2395 dicit
1335 2365 1358 2388 ιι
1378 2355 1566 2394 natura
1589 2341 1775 2393 candi-

767 2447 793 2472 ι
813 2424 1079 2475 dissimum
1104 2440 1419 2492 magnorum
1440 2424 1777 2492 ingeniorum

766 2525 793 2549 α
812 2504 1183 2554 aestimatorem
1200 2524 1224 2548 ιι
1251 2518 1410 2570 quem
1429 2513 1583 2552 antea
1603 2500 1775 2574 beniq-

768 2604 793 2631 ιι
815 2584 932 2633 nius
950 2605 972 2630 ιι
996 2580 1074 2652 (h.
1096 2600 1142 2632 e.
1165 2579 1455 2651 liberalius)
1481 2603 1503 2626 κ
1526 2580 1775 2634 omnibus

764 2684 792 2708 a
812 2662 1019 2731 magnis
1035 2661 1156 2713 viris
1174 2661 1477 2731 prestitisse
1494 2659 1774 2712 funebrem

771 2762 793 2787 ιι
812 2738 1173 2793 laudationem
1193 2762 1217 2786 ιι
1242 2752 1536 2791 monuerat.
1557 2738 1680 2791 Alio
1700 2737 1775 2791 lo-

758 2837 829 2872 co
854 2819 1062 2869 Livium
1083 2816 1236 2869 valde
1260 2819 1503 2889 iniquum
1524 2816 1772 2870 Sallustio

760 2895 1022 2963 ostendit,
1041 2915 1094 2967 p.
1121 2894 1239 2964 274.
1266 2897 1365 2947 Hic
1385 2908 1563 2948 autem
1583 2914 1772 2962 cansa,

764 2995 927 3049 quare
950 2976 1106 3047 primi
1129 2973 1339 3045 legendi
1362 2978 1467 3026 sint
1489 2975 1773 3046 scriptores

759 3058 892 3109 Livii
911 3053 1106 3107 similes
1117 3092 1134 3120 ,
1151 3056 1319 3105 oratio
1335 3067 1415 3105 est
1430 3072 1644 3120 eorum,
1662 3071 1773 3105 non

754 3137 1003 3201 animus,
1034 3146 1089 3186 et
1126 3131 1313 3185 eadem
1347 3133 1460 3184 fere
1497 3145 1577 3184 est
1606 3134 1772 3185 virtus

761 3232 923 3285 quam
940 3216 996 3264 in
1013 3213 1159 3264 Livio
1178 3210 1360 3263 laudat
1378 3213 1591 3278 Noster,
1608 3230 1772 3282 quum

756 3291 872 3362 (X,
905 3306 958 3358 ι,
984 3290 1083 3361 32)
1108 3288 1330 3341 lacteam
1353 3289 1403 3341 ei
1426 3288 1610 3342 tribuit
1634 3291 1775 3341 uber-

759 3383 920 3423 tatem
936 3410 953 3436 ,
980 3372 1283 3442 oppositam
1306 3382 1359 3421 et
1382 3372 1551 3442 ipsam
1572 3369 1773 3422 Sallus-

755 3451 920 3503 tianoe
945 3448 1196 3501 brevitati.

839 3548 882 3583 1.
925 3529 1252 3601 Expositum.
1295 3526 1473 3580 Guelf.
1516 3530 1771 3600 composi·

754 3622 873 3664 ‘tum
900 3607 1047 3681 quod
1070 3627 1133 3660 ex
1155 3609 1275 3661 edd.
1305 3607 1626 3679 quibusdam
1640 3622 1764 3661 vett.

754 3690 1007 3754 affertur,
1054 3707 1117 3740 ex
1161 3686 1293 3740 cod.
1339 3686 1554 3756 quidem
1597 3686 1765 3739 nullo.

754 3771 931 3823 Etiam
950 3770 1168 3820 Jenson.
1196 3765 1565 3836 compositum,
1590 3767 1768 3819 Tarvi-

757 3849 873 3900 sina
897 3861 1076 3899 autem
1103 3843 1392 3916 expolitum
1415 3845 1628 3915 praefert
1645 3863 1770 3899 cum

757 3929 944 3979 Venet.
980 3922 1120 3977 Aldo
1152 3936 1210 3974 et
1246 3922 1513 3989 Colinaeo,
1538 3924 1688 3994 qnod
1723 3928 1768 3978 si

756 4004 928 4057 codd.
965 4004 1278 4055 auctoritate
1311 4004 1586 4068 niteretur,
1614 4006 1767 4075 equi·

754 4081 881 4137 dem
924 4098 1036 4137 non
1075 4098 1291 4151 prorsus
1333 4098 1654 4151 spernerem.
1696 4110 1771 4125 --

756 4160 1085 4231 Expositum.
1096 4157 1327 4210 Facilem
1339 4158 1632 4227 intellectu,
1645 4178 1771 4231 qna-

1868 915 2143 969 translatio
2168 929 2247 969 est
2269 916 2413 990 apud
2442 917 2552 970 Cic.
2580 935 2680 990 pro
2704 917 2872 985 Quin-

1867 998 1971 1063 tio,
1995 1014 2042 1049 c.
2065 996 2164 1049 30.
2198 995 2431 1048 «domus
2451 1008 2638 1068 patens
2657 1009 2869 1066 atque..

1873 1035 2188 1148 «ειφοςίιαιι
2166 1075 2312 1130 -ubi
2333 1089 2415 1132 est
2433 1094 2538 1160 pro
2566 1086 2764 1147 aperta.
2792 1076 2872 1130 sic

1867 1153 2696 1230 Stat-Sylv.1,2,24,·li1nen
2719 1174 2874 1227 expo-

1874 1236 2117 1288 ·titum-
2137 1249 2234 1298 ,·et
2255 1235 2427 1288 Theb.
2455 1237 2534 1302 Π,
2566 1235 2696 1302 ¹88,
2725 1236 2874 1286 --Ex

1872 1316 2070 1387 «positi
2119 1318 2324 1370 animi·
2348 1314 2517 1392 ,ubi
2567 1313 2874 1368 scholiastes

1865 1397 2106 1467 priscus,
2149 1351 2389 1447 «Faciles
2432 1385 2627 1467 oppido
2641 1431 2661 1460 ,
2705 1392 2878 1461 obvii,

1869 1476 2149 1546 uparatia
2125 1475 2378 1526 -noster
2398 1472 2482 1540 X,
2507 1470 2573 1539 5,
2607 1489 2695 1536 ιι,
2717 1490 2876 1544 expo·

1863 1555 1962 1607 sita
1975 1553 2185 1608 videtur
2196 1553 2374 1610 dicet-e
2386 1569 2490 1625 pro
2502 1553 2875 1617 communibus,

1864 1633 2022 1708 vulqo
2059 1633 2223 1696 ποιίςς
2256 1648 2317 1685 ιιι
2351 1633 2593 1686 Juvenal.
2627 1635 2756 1699 Vll,
2792 1632 2876 1700 54.

1862 1712 1997 1766 Vide
2020 1714 2231 1768 initium
2255 1725 2413 1764 notae.

1934 1810 1985 1845 2.
2013 1791 2274 1864 Apim-isi
2295 1794 2547 1862 Regium,
2569 1793 2879 1863 qnipraepo-

1863 1873 2111 1924 sitionem
2134 1885 2290 1943 putat
2313 1870 2756 1943 expungendam,
2783 1890 2880 1923 ne-

1864 1968 1953 2001 mo
1971 1950 2336 2030 reprehendit.
2367 1951 2669 2023 Equidem'
2648 1969 2820 2023 jungo
2846 1972 2878 2002 a

1862 2030 2042 2102 pueris
2073 2043 2127 2082 et
2164 2029 2524 2083 adven-hialam
2554 2030 2880 2083 locutionem

1869 2109 2113 2179 accipio,
2142 2127 2250 2179 qno
2291 2106 2587 2180 expeditior
2617 2111 2684 2160 sit
2716 2121 2881 2161 struc—

1870 2201 1986 2238 tura
2002 2205 2210 2258 ,quam
2247 2189 2290 2240 si
2323 2186 2477 2260 pueri
2507 2189 2611 2260 ipsi
2646 2187 2881 2258 legentes

1865 2226 2249 2336 intelliguntur.
2331 2305 2340 2318 .

1938 2344 1990 2397 3.
2019 2345 2212 2418 Major.
2243 2348 2322 2398 lta
2349 2345 2526 2400 Guelf.
2552 2364 2676 2398 cum
2699 2345 2878 2400 multis

1863 2437 1918 2475 et
1940 2422 2107 2476 coda
2138 2435 2193 2475 et
2214 2422 2334 2476 edd.
2364 2422 2558 2496 quibus
2578 2442 2610 2475 a
2626 2425 2875 2478 vv.D1).

1864 2504 2169 2554 memoratis
2193 2501 2330 2554 adde
2350 2503 2696 2553 Tarvisinam.
2714 2501 2876 2554 Goth.

1863 2593 2076 2648 tamen,
2118 2600 2241 2634 cum
2277 2594 2366 2635 sat
2406 2580 2585 2633 multis
2628 2581 2786 2647 edd„
2825 2595 2878 2634 et

1865 2658 1982 2711 aliis
2010 2661 2126 2712 sine
2147 2659 2318 2711 dubio
2345 2660 2516 2713 codd.
2548 2661 2776 2733 mnjon's.
2805 2690 2878 2701 -—-

1861 2737 1925 2790 R.
1963 2754 2009 2805 1,
2039 2738 2104 2805 3,
2133 2738 2326 2804 Cum,
2353 2741 2539 2811 nnjor.
2567 2740 2630 2791 R.
2665 2758 2725 2806 2,
2749 2740 2873 2793 Cn.

1861 2828 1918 2868 et
1940 2815 2025 2868 ed.
2052 2815 2249 2884 flach,
2272 2818 2499 2891 majoris.
2531 2820 2623 2871 En.

1857 2928 1866 2935 ·
1934 2895 1986 2962 4.
2029 2896 2155 2947 Et...
2200 2907 2397 2949 auctor.
2422 2894 2557 2951 Vide
2595 2911 2708 2951 not.
2750 2918 2876 2973 sup.

1861 2975 2037 3028 Locus
2089 2975 2335 3047 profecto
2392 2990 2676 3049 cota-uptus
2695 3016 2713 3044 ,
2759 2998 2880 3050 qun

1859 3056 2022 3105 etiam
2043 3052 2304 3106 Morhosii
2325 3052 2396 3106 de
2424 3058 2769 3109 Patavinitate
2791 3060 2877 3112 Li-

1859 3134 1931 3185 vii
1954 3132 2041 3205 (p.
2071 3132 2138 3201 78
2163 3151 2249 3205 ap.
2275 3133 2576 3208 Drakenb.)
2599 3150 2680 3189 est
2702 3141 2879 3210 suspi-

1861 3214 1963 3264 cio.
1988 3211 2160 3264 Velim
2188 3212 2370 3267 doceri
2399 3233 2430 3266 a
2452 3217 2690 3268 Gesneno
2713 3215 2878 3269 lucu-

1861 3289 2017 3344 lentis
2053 3305 2289 3345 veterum
2332 3292 2497 3360 locis,
2537 3305 2590 3347 et
2626 3299 2877 3369 usurpari

1860 3390 1960 3444 pro
1985 3371 2103 3437 etsi,
2129 3374 2230 3425 nisi
2252 3374 2392 3426 forte
2417 3393 2583 3446 quum
2604 3378 2878 3447 praemitti·

1860 3465 1948 3504 tur
1983 3452 2254 3523 adjectivis
2293 3455 2660 3528 significatque
2690 3458 2875 3509 etiam.

1855 3532 1987 3587 Esse
2011 3546 2189 3585 autem
2213 3553 2350 3607 opus
2367 3537 2420 3587 vi
2441 3538 2592 3589 istius
2617 3540 2879 3609 conjunc·

1859 3614 2046 3678 tionis,
2066 3611 2206 3665 ultro
2229 3617 2418 3666 sentio.
2440 3617 2620 3684 Quum
2640 3618 2878 3688 igiturin

1857 3690 2040 3743 multis
2058 3689 2177 3742 edd.
2199 3711 2376 3764 neque
2387 3694 2445 3744 in
2461 3693 2613 3746 nullo
2633 3695 2766 3747 Cod.
2788 3697 2878 3746 in—

1856 3772 2097 3822 veniatur
2130 3773 2343 3844 majorca
2375 3790 2475 3844 pro
2512 3777 2698 3847 major,
2739 3777 2876 3827 Bar·

1855 3846 2048 3901 thianoe
2069 3851 2294 3903 maxime
2309 3852 2465 3903 faveo
2481 3851 2843 3906 emendationi
2854 3891 2875 3920 ,

1859 3945 1965 3999 qna
2007 3929 2216 4001 majoris
2252 3928 2570 4003 dispescitur
2603 3935 2661 3985 in
2700 3935 2882 4007 major

1859 4007 1932 4068 is,-
1956 4006 2083 4073 sed,
2107 4022 2168 4059 ut
2190 4026 2374 4062 sensus
2397 4013 2586 4065 existat
2606 4012 2873 4084 probabi·-

1855 4082 1951 4150 lis,
1971 4096 2024 4138 et
2046 4085 2131 4138 hic
2151 4091 2342 4141 mutari
2359 4089 2550 4142 velim
2535 4110 2590 4142 m
2613 4091 2720 4144 etsi.
2743 4091 2876 4144 Sen-

1857 4167 2022 4217 tentia
2052 4180 2230 4218 autem
2258 4186 2320 4220 ea
2349 4181 2460 4235 est,
2488 4169 2717 4222 Sallustii
2750 4187 2874 4220 ma-

752 4242 805 4292 si
848 4237 993 4291 dicas
1037 4247 1275 4307 apertum
1295 4275 1312 4302 ,
1356 4235 1644 4307 ιόπρὸσιτον.
1692 4240 1769 4295 Ea
1850 4245 2026 4314 joram
2039 4245 2870 4303 esseinhistoriaauctoritatem.
