3200 5150
726 469 1389 539 INSTITUTIONIS
1424 468 1683 536 ORAT.
1721 469 1883 537 LIB.
1923 470 1988 551 1,
2028 472 2091 554 4.

2376 477 2463 566 93

361 594 726 671 successit:
777 624 945 671 nam
990 612 1281 669 mertare
1321 616 1527 694 atque
1564 592 1837 694 pultare
1876 592 2240 669 dicebant:
2285 598 2461 698 quin

333 714 1054 818 fordeumfoedusque
1077 723 1096 754 ¹
1116 765 1138 801 ,
1180 738 1305 810 pro
1334 704 1747 810 aspiratione
1776 736 1912 781 υαυ
1944 711 2154 782 simili
2177 725 2206 758 ²
2238 712 2462 787 littera

350 849 662 902 utentes:
718 854 885 903 nam
938 847 1179 900 contra
1223 825 1451 898 Graeci
1498 825 1799 923 aspirare
1846 824 2156 913 solent³‚
2205 849 2283 900 ut
2329 854 2460 929 pro

425 1030 469 1067 1.
504 1014 759 1067 Fon-deum
775 1013 1111 1087 foedusque...
1142 1021 1354 1067 utentes.

346 1094 448 1145 Pro
466 1092 714 1144 hordeum
731 1106 783 1145 et
801 1092 977 1144 hoedus
989 1103 1191 1144 veteres
1213 1090 1360 1143 dice-

344 1170 725 1244 bantfonleum
746 1185 798 1223 et
800 1171 997 1243 foedus,
1012 1169 1223 1241 qualem
1237 1188 1357 1222 mu-

342 1253 601 1304 tationem
635 1250 793 1303 etiam
830 1253 886 1303 in
917 1248 1219 1302 recentibus
1253 1248 1358 1302 lin-

342 1331 460 1401 guis
478 1329 833 1383 observamus.
855 1328 1169 1404 Exemplum
1183 1349 1213 1381 e
1228 1328 1359 1381 mul·

346 1412 411 1463 tis
429 1411 643 1464 evidens
661 1413 726 1463 sit
742 1409 1210 1481 Francogallorum
1228 1410 1357 1461 anti-

342 1492 499 1562 quior
521 1492 824 1564 praepositio
841 1529 858 1556 ‚
887 1493 941 1542 in
971 1488 1149 1542 multis
1178 1488 1354 1541 adhuc

340 1569 487 1624 libris
512 1574 722 1624 inventa
749 1584 801 1623 et
828 1573 883 1623 in
913 1573 1030 1644 ipso
1059 1567 1373 1623 Academiae.

338 1649 531 1702 Lexico
556 1653 730 1723 posita
747 1689 764 1715 ,
781 1649 900 1723 fors
921 1667 1020 1721 pro
1046 1647 1193 1712 hors,
1223 1666 1351 1719 pro-

338 1731 461 1803 pior
486 1730 575 1782 illa
606 1749 710 1782 suae
739 1730 928 1799 origini
953 1728 1120 1800 foris,
1153 1728 1349 1780 Latinae

337 1810 474 1861 voci.
487 1807 605 1860 Vid.
623 1809 857 1861 Servium
872 1806 939 1858 ad
960 1808 1071 1858 AEn.
1084 1807 1177 1857 vu
1188 1843 1205 1870 .‚
1225 1804 1346 1875 695.

411 1902 461 1938 2.
488 1887 542 1939 V
536 1906 602 1938 av
626 1884 800 1938 simili.
828 1888 928 1936 Pro
952 1904 1050 1936 vav
1068 1882 1242 1935 Guelf.
1267 1880 1351 1936 vel

337 1982 463 2018 cum
499 1965 746 2018 omnibus
782 1965 892 2018 fere
926 1962 1093 2017 Codd.
1132 1964 1246 2016 Vav
1283 1962 1349 2016 de

336 2061 481 2095 mera
512 2046 660 2114 Regii
696 2046 1003 2115 conjectura
1035 2056 1344 2133 receptum3

335 2124 625 2194 ingeniosi
604 2125 759 2175 ssima
790 2135 964 2174 tamen
993 2120 1083 2173 illa
1110 2133 1162 2172 et
1185 2122 1348 2173 veris-

336 2204 502 2264 sima;
528 2203 627 2257 nisi
660 2202 798 2253 forte
830 2200 1009 2252 malis:
1043 2219 1142 2252 vav
1169 2198 1252 2253 vel
1274 2200 1345 2253 si·

334 2279 486 2345 mili,
536 2294 635 2332 etc.
674 2310 733 2321 —
769 2280 899 2332 Vav.
948 2277 1122 2331 simili.
1164 2280 1341 2332 Turio.

333 2377 458 2413 cum
483 2361 619 2414 Alm.
643 2360 783 2412 velut
797 2356 972 2413 simili.
996 2360 1345 2411 Buttmannus

332 2459 521 2494 vocem
540 2441 678 2495 hanc
699 2444 804 2494 sive
826 2459 950 2503 vav,
972 2442 1080 2493 sive
1102 2437 1213 2504 vel,
1235 2440 1343 2492 sive

332 2517 502 2585 velut,
534 2520 690 2593 abjici
715 2519 892 2586 malit,
917 2531 977 2570 ut
998 2521 1111 2591 jam
1139 2517 1344 2589 legatur

337 2619 485 2672 «pro
535 2602 856 2673 aspiratione
906 2598 1104 2652 simili»
1155 2597 1339 2668 (videl.
1358 2643 1363 2648 .

331 2679 434 2751 ipsi
458 2682 533 2744 ei,
558 2681 611 2731 in
636 2681 788 2748 eujus
813 2677 991 2728 locum
1017 2675 1187 2740 subit,
1210 2677 1344 2747 aspi-

331 2759 525 2810 rationi
562 2756 740 2809 similis
777 2768 859 2807 est
898 2754 1069 2807 littera
1101 2752 1342 2825 F)-1it-

336 2849 549 2889 «utera.
588 2838 737 2887 Hanc
772 2835 1087 2886 sententiam
1116 2834 1339 2885 fortasse
1368 2857 1379 2868 ν

330 2917 489 2968 etiam
514 2933 577 2968 ex
601 2926 811 2985 recepta
841 2913 1068 2978 efficias,
1096 2925 1342 2984 transpo-

330 2993 511 3048 nendo
537 2993 723 3046 saltem
753 3014 774 3038 οι
796 2990 949 3044 simili
968 3009 1065 3043 vav
1085 3015 1107 3038 n
1124 3029 1141 3057 ,
1162 3005 1219 3042 ut
1245 3011 1341 3042 vav

333 3076 426 3142 sit,
452 3094 560 3128 non
588 3073 803 3145 quidem
825 3071 1031 3124 dativus
1054 3069 1292 3143 pendens
1311 3090 1342 3123 a

341 3176 365 3199 α
381 3154 535 3207 simili
556 3178 578 3201 ι
594 3191 611 3218 ,
642 3151 735 3204 sed
758 3149 1018 3203 ablativus
1044 3147 1112 3201 ab
1143 3171 1165 3193 ι
1186 3162 1343 3202 uten-

340 3255 365 3279 οι
386 3246 480 3285 tes.
506 3257 528 3281 ιο
575 3232 719 3286 Solet
761 3233 901 3284 enim
943 3230 1018 3282 sic
1054 3228 1203 3300 loqui
1234 3230 1337 3297 Qu.

344 3334 367 3359 κ
386 3313 429 3365 C
456 3312 625 3365 littera
648 3337 670 3361 n
703 3326 764 3364 ut
794 3310 881 3364 bie
916 3333 939 3358 κ
957 3330 1056 3364 vav
1075 3335 1097 3359 ιι
1135 3309 1240 3382 (vel
1271 3309 1341 3380 F)

341 3412 367 3436 ιι
386 3390 574 3444 littera.
600 3415 623 3440 υ
656 3391 784 3445 Obr.
821 3392 929 3443 sic:
971 3412 995 3436 α
1013 3389 1158 3442 velut
1186 3387 1341 3441 simili

341 3490 366 3515 α
385 3471 426 3521 F
454 3468 641 3521 littera.
665 3494 687 3518 u
720 3470 893 3522 Satn.
919 3469 975 3519 in
997 3467 1142 3519 Praef.
1169 3487 1222 3539 p.
1251 3466 1336 3534 84.

333 3576 407 3586 -
427 3548 683 3600 Caeterum
708 3547 853 3617 quod
884 3566 983 3600 vau
1006 3544 1224 3598 sImilem
1252 3544 1339 3596 lit-

336 3635 497 3675 teram
524 3624 782 3696 appellat‚
807 3625 899 3677 ubi
925 3645 1024 3678 vau
1049 3623 1340 3677 indeclina-

334 3702 443 3756 bile
468 3702 644 3754 dativo
667 3702 751 3755 vel
771 3706 1002 3775 genitivo
1022 3722 1150 3756 casu
1169 3716 1248 3754 est
1267 3705 1340 3754 in-

335 3780 679 3851 telligendum
689 3819 706 3845 ‚
723 3783 997 3834 ostendere
1011 3782 1217 3834 videtur
1230 3799 1341 3834 non

337 3863 515 3932 ipsum
573 3860 627 3910 in
687 3858 876 3910 talibus
931 3862 1342 3932 pronunciatum

339 3940 504 3991 fuisse
524 3936 784 4008 digamma
804 3936 1093 4004 AEolicum‚
1112 3938 1204 3990 sed
1223 3957 1344 4013 pro-

340 4036 412 4091 pe
453 4016 791 4070 accedentem
829 4034 1019 4068 sonum
1058 4019 1226 4089 qualis
1263 4030 1344 4070 est

342 4099 421 4152 τῖς
446 4099 487 4148 F
504 4095 725 4150 Latinae.'
736 4097 1073 4167 Quamquam
1092 4099 1339 4151 Priscian.

343 4192 397 4246 p.
423 4175 526 4229 56ο
548 4199 560 4228 :
592 4199 614 4223 ι
635 4174 909 4243 Habebat,
936 4177 1139 4247 inquit,
1166 4190 1344 4252 autem

1453 1033 1477 1059 ι
1494 1008 1608 1064 baec
1631 1013 1672 1063 F
1694 1010 1867 1064 littera
1890 1009 2035 1064 hunc
2059 1030 2278 1079 sonum,
2298 1031 2459 1085 quem

1454 1112 1478 1138 ι
1497 1110 1640 1143 nunc
1673 1089 1837 1143 habet
1857 1093 1926 1157 U,
1958 1090 2082 1143 loco
2112 1096 2457 1146 consonantis

1455 1192 1478 1215 κ
1497 1170 1690 1241 posita.
1715 1195 1736 1217 a
1767 1171 1882 1221 Hoc
1907 1169 2049 1221 enim
2072 1173 2117 1222 si
2139 1188 2320 1223 verum
2344 1186 2462 1239 est,

1446 1268 1558 1302 non
1574 1269 1673 1301 vav
1689 1246 1877 1315 simili,
1899 1249 1992 1302 sed
2013 1248 2122 1322 ipsa
2138 1271 2236 1304 vav
2255 1250 2456 1319 littera,

1445 1330 1529 1380 usi
1543 1342 1668 1380 sunt
1682 1328 2191 1401 dicentesfordeum.
2208 1333 2455 1386 Fortasse

1445 1422 1625 1461 tamen
1650 1410 1887 1481 proxime
1910 1407 1979 1460 ad
2001 1411 2273 1463 veritatem
2302 1430 2459 1466 acce-

1446 1486 1541 1539 das
1560 1487 1672 1539 haec
1693 1487 1950 1540 tenendo:
1971 1491 2336 1560 Antiquissimi
2355 1495 2457 1545 Ro-

1444 1568 1588 1618 mani
1605 1586 1702 1618 vav
1717 1568 1770 1619 in
1787 1565 1980 1619 talibus
1996 1569 2456 1637 pronunciabant,

1437 1650 1761 1702 recentiores
1777 1685 1795 1714 ‚
1826 1665 2145 1719 quamquam
2170 1652 2454 1705 retinentes

1439 1729 1480 1779 F
1507 1729 1562 1779 in
1584 1727 1836 1799 fordeum
1871 1741 1972 1780 etc.
1991 1765 2008 1793 ,
2035 1727 2207 1780 forma
2236 1728 2455 1800 litterae,

1441 1823 1557 1879 quae
1586 1812 1698 1878 jam
1737 1806 1900 1860 alium
1933 1825 2125 1859 sonum
2161 1811 2454 1879 asciverat,

1440 1883 1652 1957 decepti
1666 1885 1817 1938 aliter
1831 1884 2124 1938 efferebant
2135 1925 2152 1952 ‚
2168 1890 2454 1942 novissime

1439 1964 1468 2016 f
1484 1964 1666 2017 abibat
1690 1967 1744 2016 in
1767 1964 1824 2017 h.
1843 1967 2075 2018 Tantum
2095 1964 2282 2018 saltem
2303 1987 2332 2021 e
2353 1969 2455 2021 Ga-

1437 2042 1601 2097 takeri
1634 2044 1798 2117 (opp.
1835 2065 1890 2117 p.
1933 2043 1964 2098 5
1976 2084 1993 2112 ‚
2022 2045 2094 2117 6)
2128 2059 2182 2098 et
2213 2048 2454 2116 Fosteri,

1437 2142 1596 2197 supra
1621 2123 1726 2195 (ad
1751 2123 1793 2196 §.
1826 2124 1892 2197 7)
1915 2127 2062 2177 citati
2077 2163 2095 2191 ‚
2128 2130 2450 2196 argumentis

1435 2220 1747 2275 persuasum
1785 2218 1864 2256 est
1903 2202 2064 2269 mihi,
2096 2205 2137 2255 F
2174 2222 2366 2258 sonum
2400 2210 2451 2260 V

1433 2282 1647 2351 Gallicae
1684 2296 1736 2335 et
1773 2284 2031 2355 Anguem
2059 2285 2110 2336 U
2141 2301 2452 2339 consonan-

1434 2375 1542 2414 tem
1562 2375 1742 2415 autem
1759 2364 1832 2414 W
1845 2361 2078 2432 Anglicae
2098 2360 2348 2417 habuisse
2368 2366 2451 2417 Ci-

1431 2442 1641 2493 ceronis
1680 2453 1733 2492 et
1768 2442 1935 2513 ipsius
1975 2459 2189 2512 quoque
2230 2444 2448 2512 Quinti-

1432 2519 1558 2572 liani
1593 2532 1860 2595 tempore,
1891 2519 2037 2592 quod
2071 2521 2313 2594 exemplo
2347 2542 2452 2574 no-

1432 2603 1584 2653 minis
1601 2601 1884 2667 Fundam’i,
1904 2620 2026 2654 mox
2041 2600 2270 2672 legendi,
2285 2602 2446 2674 plane

1432 2680 1597 2751 liquet
1609 2719 1626 2746 ‚
1641 2695 1694 2733 et
1714 2681 1827 2753 ipse
1842 2683 2142 2734 Priscianus
2160 2685 2444 2736 manifesto

1431 2761 1700 2828 agnoscit,
1729 2779 1781 2831 p.
1815 2758 1951 2825 543,
1982 2760 2102 2826 545.
2128 2792 2198 2801 —
2227 2762 2346 2814 Vau
2373 2763 2446 2815 si-

1430 2835 1562 2888 mili.
1590 2839 1740 2889 Hanc
1769 2856 1957 2890 vocem
1983 2837 2116 2890 nulli
2139 2838 2307 2892 Codd.
2349 2858 2445 2911 ag-

1431 2928 1687 2978 noscunt3
1715 2928 1767 2967 et
1791 2934 1853 2968 ex
1877 2915 1990 2968 sola
2017 2920 2324 2989 conjectura
2349 2921 2447 2972 Re-

1430 2995 1503 3063 gii
1538 2995 1909 3065 proficiscitur.
1953 2995 2092 3048 Edit.
2141 2996 2409 3049 Hackiana
2426 3037 2444 3066 ‚

1439 3072 1591 3138 1665,
1620 3072 1782 3125 habet
1815 3075 1872 3124 F.
1909 3072 2014 3126 Alii
2043 3093 2226 3127 omnes
2259 3074 2445 3146 legunt

1432 3148 1545 3215 vel,
1580 3169 1674 3203 seu
1706 3151 1848 3203 velut
1871 3150 2049 3204 simili.
2085 3152 2444 3207 Nihilominus

1431 3229 1606 3299 agitur
1627 3228 1681 3281 h.
1708 3229 1743 3281 l.
1770 3228 1838 3281 de
1861 3228 2182 3300 digammate
2207 3231 2443 3301 AEolico,

1432 3305 1577 3377 quod
1609 3319 1686 3359 est
1713 3320 1954 3359 nostrum
1978 3327 2010 3359 v
2017 3345 2037 3373 ‚
2065 3322 2117 3360 et
2138 3311 2323 3364 Latina
2352 3312 2444 3364 lit-

1431 3400 1540 3439 tera
1569 3388 1611 3438 F
1635 3386 1899 3458 appellata
1925 3404 2228 3443 consonans
2254 3410 2283 3443 a
2308 3395 2443 3444 Var-

1428 3485 1559 3518 rone
1575 3506 1592 3532 ‚
1636 3480 1689 3519 et
1728 3465 1956 3540 Didymo
2001 3487 2133 3535 vau,
2177 3484 2236 3523 ut
2280 3469 2444 3524 docet

1429 3547 1743 3599 Priscianus.
1792 3548 2135 3620 Quapropter
2185 3551 2443 3604 servanda

1429 3637 1508 3675 est
1531 3626 1680 3695 Regii
1702 3623 1878 3677 lectio.
1906 3628 1996 3678 En.

1502 3703 1552 3754 3.
1599 3703 1844 3775 Aspia-are
1881 3703 2062 3756 solent.
2109 3706 2276 3759 Omisi
2316 3717 2444 3776 post

1429 3780 1595 3834 solent
1622 3779 1848 3835 litteram
1871 3783 2108 3835 Graecam
2135 3791 2173 3832 Φ
2202 3801 2230 3834 a
2260 3782 2441 3836 multis

1431 3874 1491 3911 ut
1512 3874 1563 3912 et
1581 3860 1818 3913 Gesnero
1839 3863 2137 3933 appictam,
2158 3875 2210 3913 et
2232 3863 2285 3913 in
2310 3863 2442 3934 ipsis

1432 3936 1752 4009 quibusdam
1800 3939 1968 3990 Codd.
2022 3953 2438 4010 comparentem.

1430 4016 1606 4069 Guelf.
1623 4017 1721 4068 ita:
1738 4017 1962 4088 aspirare
1976 4018 2062 4069 hei
2072 4017 2200 4089 (pro
2219 4019 2269 4069 ei
2286 4018 2438 4091 sane)

1430 4095 1614 4151 solent.
1652 4098 1736 4150 sic
1770 4097 1927 4148 etiam
1953 4100 2105 4149 Voss.
2138 4098 2171 4151 3
2200 4112 2253 4150 et
2283 4101 2442 4150 Bern.

1432 4178 1535 4230 nisi
1562 4176 1712 4248 quod
1739 4195 1981 4249 expresse
2014 4177 2142 4231 dant
2173 4180 2236 4231 ei.
2275 4181 2438 4233 Recte
