3200 5150
750 455 1402 524 INSTITUTIONIS
1437 459 1695 526 ORAT.
1733 462 1893 528 LIB.
1937 464 2000 544 1,
2041 464 2103 530 6.
2353 469 2471 558 157

382 582 562 655 dunt
574 593 594 626 ¹
607 636 622 653 .
648 579 979 652 Praeterea
992 578 1326 678 quoniam
1344 600 1721 682 utrumque
1738 612 1779 656 a
1794 587 2037 658 Graeco
2054 584 2343 660 ductum
2361 589 2476 677 sit,

381 697 470 769 ad
506 723 661 768 eam
692 694 1028 767 rationem
1065 716 1463 785 recurrunt,
1499 718 1576 768 ut
1601 711 1788 789 πατρὸς
1814 706 2064 800 patris,
2095 715 2287 792 κάπρου
2322 709 2480 803 apri

375 811 603 883 faciat.
627 809 754 881 Illa
772 830 1007 881 tamen
1027 809 1384 906 quomodo
1405 811 1778 910 effugient,
1800 835 1878 887 ut
1895 816 2186 887 nomina
2199 871 2218 904 ,
2240 842 2479 914 quam·
2516 831 2584 900 14

374 925 474 997 vis
500 924 879 1012 feminina,
909 922 1241 1022 singulari
1275 925 1737 1016 nominativo,
1773 958 1818 1001 u
1830 982 1855 1017 ,
1880 958 1942 1018 s,
1971 929 2207 1003 litteris
2242 932 2435 1003 finita
2454 989 2478 1021 ,

372 1066 746 1139 nunquam
785 1038 1083 1138 genitivo
1126 1064 1290 1111 casu
1333 1038 1406 1111 in
1446 1046 1536 1114 ris
1570 1042 1882 1141 syllaba²
1927 1044 2473 1138 terminentur33

366 1242 494 1316 ples
512 1243 605 1315 ref.
628 1242 697 1294 ad
713 1242 932 1315 aliquid.
955 1242 1139 1295 Cicero
1163 1259 1376 1314 quoqne

369 1322 673 1394 simpliciter
703 1322 831 1373 dicit
866 1322 1049 1374 eadem
1082 1335 1374 1393 potestate,

370 1413 432 1452 ut
458 1404 594 1471 Top.
619 1419 665 1452 c.
701 1417 764 1452 υ
782 1438 799 1467 ,
824 1399 1032 1471 simpl...
1063 1411 1371 1472 comparate.

368 1482 450 1535 De
478 1483 569 1534 Or.
595 1482 672 1546 11,
709 1481 777 1533 38
794 1518 811 1545 ‚
847 1478 1220 1551 simplicitet...
1246 1497 1374 1531 con-

352 1562 557 1632 juncte.
575 1563 635 1612 lt.
653 1562 748 1625 111,
770 1560 854 1629 37.
876 1561 1198 1631 Pomponius
1212 1562 1268 1611 in
1288 1558 1370 1610 ed.

369 1642 572 1692 Veneta
587 1639 655 1690 ad
666 1638 960 1710 impositum
976 1636 1088 1690 haec
1105 1636 1372 1690 observat:

374 1738 399 1765 ι
423 1718 589 1771 Aliter
631 1719 822 1770 dicitur
865 1720 1233 1791 primigenium
1284 1730 1374 1770 aut

376 1819 399 1843 ιι
423 1799 759 1868 primitivum.
799 1822 823 1846 n
871 1796 964 1849 sed
1001 1797 1373 1870 primiqenium

368 1879 535 1928 Varro
560 1877 626 1930 de
649 1878 707 1929 L.
743 1878 800 1929 L.
834 1897 889 1949 p.
915 1876 978 1928 61
1000 1914 1017 1942 ‚
1046 1876 1201 1946 longe
1226 1876 1375 1928 aliter

368 1971 604 2030 usurpat.
637 1987 709 1998 —
739 1960 800 2010 R.
839 1975 856 2009 ι
880 1995 898 2024 ,
937 1975 1004 2023 2,
1033 1957 1098 2023 3,
1136 1970 1188 2007 et
1210 1957 1369 2008 Cain».

370 2039 622 2090 omittunt
637 2036 953 2109 simpliciter.
974 2035 1070 2088 Ed.
1091 2037 1251 2088 Canu».
1277 2035 1371 2087 ha-

366 2114 459 2169 bet
482 2117 797 2189 impositum.
821 2117 914 2166 En.

447 2212 490 2247 ι.
516 2193 718 2247 Illud...
744 2193 1079 2245 contendunt.
1108 2193 1252 2266 Aper
1270 2196 1370 2264 igi·

364 2286 453 2325 tur
474 2273 622 2325 nullo
643 2273 773 2325 alius
795 2275 867 2324 rei
887 2285 1127 2343 respectu
1146 2271 1365 2339 dicitur,

361 2364 515 2425 pater
529 2354 754 2404 refertur
772 2352 838 2403 ad
858 2352 1022 2404 filium
1037 2390 1054 2418 ‚
1081 2351 1226 2422 quod
1243 2371 1367 2423 pro—

361 2433 507 2484 fecto
525 2430 811 2484 invalidum
830 2446 907 2484 est
928 2431 996 2483 ad
1017 2431 1368 2484 amoliendam

363 2511 678 2564 anomaliam
705 2516 1054 2584 genitivorum
1084 2531 1366 2584 argumen-

333 2625 340 2630 -
362 2606 493 2644 tum.
507 2595 692 2664 Neque
707 2596 964 2665 scriptura
979 2607 1058 2645 est
1072 2606 1239 2645 certa:
1257 2593 1362 2645 vid.

362 2686 474 2724 not.
498 2691 615 2744 sup.
636 2672 723 2724 Ad
741 2672 944 2745 aliquid
963 2691 1268 2745 expressum
1286 2687 1367 2725 est

363 2769 428 2804 ex
451 2751 741 2804 Aristotelis
767 2755 823 2803 in
845 2753 1132 2821 categoriis
1153 2749 1268 2820 τρεῖς
1296 2772 1364 2803 τι.

360 2830 428 2883 Ει
468 2831 542 2882 sic
583 2832 797 2882 nomina
839 2829 1168 2900 distinguunt
1208 2813 1364 2881 etiam

349 2910 622 2962 inferioris
640 2912 734 2961 aevi
755 2911 1081 2980 grammatici
1100 2923 1148 2961 v.
1171 2927 1218 2961 c.
1234 2909 1369 2961 Cha·

360 2990 447 3040 ris.
464 3009 519 3061 p.
536 2988 750 3041 Putsch.
780 3004 799 3039 ι
812 3005 903 3056 29²
936 3009 960 3033 a
979 2988 1112 3040 Sunt
1126 2986 1365 3058 quedam

367 3087 392 3112 ι
406 3070 637 3119 nomina.
646 3107 656 3118 .
665 3107 676 3118 .
693 3067 783 3120 οὖν
796 3061 909 3135 πηός
920 3086 987 3128 τι,
1002 3064 1059 3116 id
1072 3078 1170 3132 est,
1183 3065 1253 3116 ad
1270 3065 1367 3118 ali-

368 3168 392 3192 ·
410 3146 569 3218 quid,
609 3164 723 3218 quo
750 3165 860 3198 non
889 3158 1115 3216 possunt
1144 3143 1365 3215 intelligi

369 3246 393 3270 ιι
412 3224 524 3277 sola
539 3264 558 3292 ‚
585 3240 643 3278 ut
662 3235 832 3297 pater,
862 3236 1044 3276 mater.
1066 3247 1089 3271 ιο
1121 3225 1280 3275 Prisc.
1305 3242 1360 3294 p.

364 3303 468 3357 580
479 3327 493 3356 ε
522 3327 546 3351 ι
563 3305 650 3356 Ad
661 3303 866 3377 aliquid
878 3303 1080 3356 dictum
1093 3315 1198 3369 eat,
1219 3301 1364 3372 quod

369 3404 392 3428 ι
416 3385 527 3436 sine
545 3383 814 3435 intellectu
831 3381 971 3434 itlius
991 3380 1060 3433 ad
1083 3380 1228 3452 quod
1250 3381 1366 3432 dic-

369 3485 392 3532 2·
413 3476 525 3516 tum
547 3477 626 3517 eat
640 3501 658 3529 ‚
685 3464 910 3535 proferri
936 3481 1046 3513 non
1067 3475 1243 3533 potest
1258 3498 1275 3526 ‚
1305 3475 1366 3512 ut

368 3565 391 3589 ιι
411 3543 575 3611 filius,
590 3561 784 3596 servus.
804 3566 825 3590 ι
845 3540 1028 3594 Isidor.
1044 3561 1097 3613 p.
1115 3540 1359 3593 Gothofr.

362 3623 496 3689 824:
525 3623 614 3675 Ad
634 3622 892 3695 aliquid...
917 3636 977 3673 ut
1000 3621 1197 3673 dexter.
1219 3644 1242 3668 a

438 3718 486 3755 2.
511 3702 578 3753 In
600 3700 905 3772 rissyllaba,
929 3715 981 3754 et
999 3702 1163 3753 insta:
1185 3699 1362 3752 eadem

362 3781 432 3833 ris
460 3779 674 3850 syllaba.
713 3782 796 3833 Sic
826 3780 1017 3850 plane,
1046 3779 1325 3850 utrobique
1345 3816 1364 3844 ‚

362 3859 539 3913 Guelf.
562 3873 614 3911 et
630 3858 788 3911 Goth.
809 3858 941 3930 (tac.
962 3859 1120 3911 Gesn.
1143 3861 1232 3929 qui
1249 3860 1362 3929 ipse

363 3942 540 4013 priore
561 3938 685 3990 loco
709 3936 800 3988 det
820 3936 1073 4008 syllabam
1096 3956 1218 3989 cum
1247 3956 1364 3988 om-

365 4017 523 4070 nibus
542 4035 689 4088 pene
706 4014 857 4081 edd.‚
879 4017 1168 4086 posteriore
1187 4017 1366 4068 inserit

369 4098 424 4149 in
440 4111 561 4151 ante
575 4097 662 4170 ris)
675 4114 799 4148 cum
810 4094 1056 4148 omnibus
1071 4095 1181 4147 fere
1195 4094 1362 4148 Codd.

367 4176 556 4248 Reque
575 4174 822 4231 facile-sit
838 4175 1054 4227 inventu
1072 4172 1367 4246 exemplum

1466 1259 1737 1299 stmcturae
1758 1287 1775 1315 ‚
1828 1250 1883 1299 in
1935 1247 2140 1321 aliquid
2186 1249 2472 1305 terminari.

1464 1326 1625 1394 Quod
1652 1341 1825 1379 autem
1852 1328 2015 1379 altero
2041 1327 2162 1379 loco
2184 1329 2237 1378 in
2264 1347 2475 1400 praepo-

1465 1406 1707 1456 sitionem
1726 1408 1908 1475 ponit,
1928 1407 2121 1457 omittit
2140 1406 2334 1473 altero,
2355 1424 2474 1458 eam

1464 1481 1627 1534 levem
1676 1496 1808 1555 puto
1860 1485 2267 1535 inconstantiam
2291 1522 2308 1550 ‚
2356 1503 2473 1556 quae

1463 1575 1647 1614 contra
1670 1581 1851 1614 omnes
1871 1562 2038 1615 Codd.
2062 1578 2170 1615 non
2192 1566 2257 1616 sit
2278 1564 2472 1617 tollen-

1463 1640 1563 1707 da,
1603 1660 1767 1713 quum
1803 1644 2088 1712 praesertim
2126 1656 2369 1695 contorta
2404 1647 2473 1697 sit

1464 1734 1723 1773 structura
1750 1744 1771 1767 ι
1787 1722 1971 1774 eadem
1991 1725 2046 1773 in
2068 1722 2134 1773 ris
2156 1722 2269 1795 syll.
2289 1747 2311 1770 n
2336 1723 2463 1776 ohr.

1463 1813 1637 1853 tamen
1665 1803 1821 1853 etiam
1854 1804 2028 1873 priore
2063 1801 2184 1853 loco
2217 1804 2469 1873 expunxit

1463 1881 1516 1931 in
1552 1894 1605 1932 et
1634 1879 1832 1951 syllaba
1867 1883 2089 1951 scripsit.
2116 1910 2187 1920 —
2208 1882 2270 1932 R.
2306 1882 2367 1946 3,
2402 1880 2468 1949 5,

1462 1959 1652 2024 Cium,
1686 1958 1739 2009 in
1774 1959 1840 2011 ris
1870 1957 2067 2030 syllaba
2103 1958 2464 2013 terminantur.

1459 2039 1590 2089 Item
1609 2040 1669 2090 R.
1701 2054 1745 2103 ι,
1768 2055 1826 2103 2,
1847 2037 1910 2102 6,
1930 2037 2289 2089 terminantur.
2310 2038 2376 2088 In
2399 2038 2466 2090 ris

1458 2117 1713 2189 syllabam
1751 2119 2105 2182 ter-minentur,
2140 2118 2258 2170 Cn.
2294 2130 2346 2169 et
2376 2116 2463 2170 ed.

1459 2197 1625 2249 Hack.
1651 2200 1742 2250 En.

1530 2278 1579 2328 3.
1634 2278 1755 2329 Ut...
1801 2276 2154 2328 terminentur.
2191 2276 2269 2325 Ita
2310 2274 2460 2328 Bodl.

1455 2356 1638 2409 Coeteri
1656 2355 1824 2407 Codd.
1838 2394 1855 2421 ‚
1878 2369 2133 2426 quantum
2150 2353 2332 2419 video,
2358 2364 2462 2405 ter*

1454 2435 1742 2499 minantur,
1774 2447 1827 2486 et
1853 2437 1929 2485 sic
1956 2433 2218 2505 pleraeque
2245 2432 2367 2484 edd.
2399 2448 2459 2485 ut

1456 2526 1509 2565 et
1529 2513 1689 2565 Gesn.
1715 2514 1969 2565 Nostrum
1993 2523 2303 2583 receperunt
2326 2510 2455 2564 Obr.

1453 2593 1678 2665 Capper.
1709 2606 1761 2645 et
1793 2612 1965 2665 nuper
1991 2593 2273 2664 Bipontini.
2307 2593 2461 2661 Quo—

1453 2671 1616 2724 modo
1642 2683 1816 2725 autem
1841 2670 2097 2744 procedat
2118 2670 2459 2736 indicativum,

1454 2750 1612 2823 plane
1644 2752 1865 2821 ignoro,
1898 2769 2007 2802 non
2039 2752 2179 2801 enim
2213 2763 2291 2802 est
2324 2752 2457 2803 ratio

1451 2830 1537 2881 «τοῦ
1556 2829 1807 2901 ut‚qualis
1822 2829 1984 2881 modo
1996 2832 2042 2897 S.
2063 2846 2080 2880 ι
2095 2839 2453 2901 2‚ut‚quum...

1451 2919 1578 2961 est...
1614 2908 1933 2980 respondent.
1969 2909 2153 2977 Neque
2185 2909 2310 2959 satis
2342 2910 2460 2978 ipsa

1451 2986 1553 3039 hac
1598 3001 1779 3042 nostra
1825 2989 2082 3057 scriptura
2134 2988 2414 3055 acquiesco
2440 3009 2456 3050 3

1452 3065 1677 3137 abrupta
1718 3068 1858 3119 enim
1894 3077 1973 3117 est
2009 3076 2298 3116 structura:
2339 3073 2456 3117 ut...

1452 3144 2004 3217 terminentur3faciat
2021 3153 2270 3194 tamem...
2296 3144 2459 3195 Recte

1452 3223 1678 3276 Gallaeus
1709 3225 1869 3276 inseri
1891 3221 2038 3273 malit
2060 3239 2221 3293 quum
2246 3234 2370 3292 post
2396 3231 2459 3272 ιιι

1452 3301 1756 3374 (quomodo
1779 3319 1932 3354 mox:
1966 3319 2187 3373 qum...
2211 3312 2451 3353 exeant...

1451 3381 1635 3454 coyat)
1657 3380 1803 3453 quod
1824 3379 1982 3432 facile
2002 3378 2349 3432 intercidebat
2371 3383 2459 3432 in-

1451 3474 1531 3512 ter
1548 3471 1609 3512 ut
1625 3473 1678 3512 et
1697 3479 1749 3511 n.
1770 3487 1843 3499 —
1858 3456 2024 3510 Illa...
2042 3468 2158 3510 ut...
2181 3460 2454 3510 terminen-

1452 3549 1562 3600 tur‚·
1572 3539 1763 3611 fact'at.
1793 3537 1863 3589 Ut
1882 3535 2079 3608 pendet
2103 3535 2170 3587 ab
2195 3535 2318 3600 illa,
2344 3556 2456 3589 non

1452 3617 1519 3670 ab
1537 3618 1826 3691 effuqt'ent,
1848 3631 1901 3669 et
1916 3616 2312 3687 intelligendum
2326 3615 2450 3681 illa,

1450 3715 1567 3771 quoe
1587 3709 1711 3750 sunt
1730 3696 2007 3770 ejusmodi,
2029 3708 2163 3748 ut...
2188 3697 2271 3747 Sic
2290 3694 2455 3747 modo

1453 3779 1497 3848 §-
1522 3779 1609 3831 13:
1642 3801 1665 3823 σι
1685 3796 1799 3829 eam
1819 3779 2132 3828 rationem...
2150 3785 2208 3826 ιιι
2226 3777 2400 3826 faciat.
2423 3799 2450 3823 ιι

1451 3855 1586 3908 Vide
1608 3859 1720 3908 init.
1748 3869 1900 3908 notae.
1923 3853 2084 3921 Quod
2103 3866 2278 3906 autem
2295 3866 2456 3923 negat

1453 3933 1621 3985 ullum
1644 3936 1697 3985 ‘m
1722 3952 1780 3984 us
1804 3950 1995 3984 nomen
2018 3933 2327 3984 femininum
2350 3945 2461 3983 ter-

1453 4016 1641 4066 minari
1675 4012 1875 4085 syllaba
1912 4013 2003 4076 ris,
2036 4014 2311 4062 immemor
2344 4023 2457 4062 erat

1456 4090 1687 4144 telluris.-
1721 4108 2039 4161 quamquam
2075 4088 2207 4140 alius
2238 4087 2342 4140 hoc
2375 4101 2454 4141 est

1453 4171 1678 4242 generis.
1697 4168 1982 4241 Gedoynus
1994 4206 2011 4236 .,
2027 4166 2333 4222 Tumebum
2349 4183 2461 4220 ma-
