3200 5150
766 487 894 560 566

1335 487 1427 554 M.
1468 485 1699 555 FABn
1737 486 2298 574 QUINTILIAM

763 633 944 705 tum,
981 642 1119 689 non
1132 617 1413 715 factum
1424 670 1447 703 ,
1474 640 1566 686 an
1572 615 1854 714 factum
1880 613 2007 684 sit?
2028 612 2138 684 lbi
2167 638 2330 711 ergo
2348 610 2724 715 judicatio,
2749 607 2880 684 ubi

764 731 1093 831 quaesti03
1132 729 1300 829 quia
1332 727 1405 800 in
1445 728 1694 801 eadem
1737 753 1809 799 re
1842 727 2074 827 prima
2103 727 2434 827 quaestio,
2469 747 2539 799 et
2573 748 2886 800 extrema

764 846 1254 945 disceptatio¹z
1303 865 1374 917 at
1421 846 1494 916 in
1537 843 1904 943 qualitate,
1943 843 2248 917 Matrem
2295 846 2554 916 Orestes
2587 845 2884 916 occidit.-

764 980 941 1036 recte
950 1012 970 1051 ,
1004 989 1143 1035 non
1175 978 1372 1035 recte.
1399 963 1518 1033 An
1549 977 1726 1034 recte
1748 960 2116 1033 occiderit?
2142 960 2466 1059 quaestio,
2492 985 2623 1033 nec
2647 960 2884 1032 statim

751 1078 1117 1181 judicatio.
1163 1076 1474 1170 Quando
1516 1068 1728 1175 ergo?
1761 1076 1898 1149 Illa
1927 1092 2197 1178 patrem
2235 1101 2466 1148 meum
2503 1079 2850 1149 occiderat
2859 1106 2887 1161 ,-

758 1187 901 1269 Sed
922 1223 1060 1269 non
1097 1198 1246 1269 ideo
1278 1213 1348 1267 tu
1380 1211 1669 1267 matrem
1695 1192 1984 1267 debuisti
2015 1193 2323 1267 occidere
2331 1223 2358 1280 ;
2382 1193 2499 1264 An
2528 1192 2888 1267 debuerit?

659 1343 720 1380 12
761 1311 877 1383 hic
906 1310 1267 1412 judicatio.
1313 1312 1878 1384 Firmamentum
1916 1329 2153 1382 autem
2188 1309 2416 1382 verbis
2454 1307 2716 1410 ipsius²
2754 1336 2888 1408 po-

762 1445 931 1499 nam
959 1483 979 1516 ‚
1021 1433 1077 1500 si
1112 1426 1276 1500 velit
1321 1430 1579 1500 Orestes
1618 1430 1876 1515 dicere,
1916 1427 2248 1526 ejusmodi
2287 1430 2601 1497 animum
2643 1431 2887 1497 mati-is

761 1539 942 1613 suae-²³
966 1547 1036 1612 in
1056 1558 1325 1641 patrem
1344 1561 1541 1614 suum
1555 1599 1575 1629 ‚
1606 1548 1676 1612 in
1696 1568 1764 1615 se
1788 1546 2007 1643 ipsum
2031 1568 2115 1613 ac
2135 1566 2426 1627 sorores,
2454 1545 2524 1611 in
2551 1567 2843 1639 reqnum
2861 1597 2906 1628 ‚¹

762 1659 1125 1757 infamant
1147 1663 1411 1759 qeneris
1439 1656 1869 1758 acfamiliae,
1903 1674 1981 1730 ut
2005 1662 2249 1731 merito
2277 1655 2366 1730 ab
2396 1654 2528 1730 ea4
2546 1683 2782 1758 poenas
2814 1657 2888 1729 11·-

660 1790 722 1843 13
766 1773 910 1846 beri
939 1779 1046 1846 sui
1072 1780 1498 1874 potissimum
1526 1790 1758 1875 petere
1785 1772 2161 1847 debuerint.
2196 1775 2513 1845 Utuntur
2535 1772 2651 1845 alii
2686 1789 2756 1845 et
2781 1793 2888 1845 ta-

762 1888 949 1960 libus
974 1886 1347 1987 exemplis:
1380 1889 1519 1984 Qui
1546 1888 1727 1962 bona
1745 1904 2038 1989 paterna
2067 1892 2592 1988 consumpserit,
2619 1914 2707 1960 ne
2730 1913 2889 1961 con·

764 2008 1093 2076 cione'tur·6
1142 2005 1230 2075 In
1273 2023 1486 2104 opera
1525 2002 1809 2104 publica
1853 2009 2306 2103 consumpsit.-
2351 2002 2675 2102 quaestio,
2718 2003 2883 2090 An,

763 2124 1068 2220 quisquis
1106 2124 1639 2219 consumpserit,
1685 2116 2151 2219 prohibendus
2188 2118 2320 2192 sit?
2347 2117 2727 2219 judicatio,
2763 2119 2888 2190 An

664 2251 725 2320 14
766 2239 888 2334 qui
929 2233 1066 2307 sic?
1096 2233 1274 2325 Vel,
1311 2221 1434 2306 ut⁵
1476 2233 1549 2306 in
1583 2254 1794 2306 causa
1835 2233 2076 2306 militis
2112 2232 2415 2323 Arunci‚
2444 2233 2568 2333 qui
2606 2235 2690 2306 C.
2735 2236 2892 2306 Ln-

771 2408 795 2432 α
814 2388 1248 2438 controversia....
1278 2387 1570 2439 Causarum
1597 2399 1777 2438 autem

771 2488 793 2511 ιι
813 2464 926 2516 haec
950 2478 1029 2515 est
1053 2463 1352 2531 conflictio,
1373 2468 1430 2517 in
1456 2483 1560 2536 qua
1584 2466 1780 2517 consti·

772 2566 796 2590 ιι
814 2544 950 2596 tutio
970 2557 1237 2597 constat...
1256 2543 1525 2596 Judicatio
1544 2556 1778 2615 est‚quoe

771 2642 795 2669 a
815 2642 881 2675 ex
910 2622 1264 2676 infirmatione
1293 2637 1346 2675 et
1375 2624 1780 2675 confirmatione

771 2725 794 2749 ι
817 2702 1030 2754 rationis
1069 2706 1305 2756 nascitur
1345 2706 1722 2756 controversia.
1749 2727 1773 2751 a

764 2784 849 2833 Jo.
874 2779 1065 2833 Christ.
1085 2781 1332 2854 Theoph.
1357 2784 1610 2835 Ernestus
1629 2782 1692 2832 V.
1718 2782 1777 2834 C.

765 2875 1033 2933 postrema
1051 2861 1213 2914 verba
1234 2865 1306 2914 ita
1327 2859 1642 2932 corrigenda
1658 2880 1782 2914 cen-

768 2954 876 2993 set:
907 2962 928 2986 κ
947 2933 1215 2992 ,1υῶοὲὕο
1236 2953 1345 3008 est,
1364 2957 1478 3010 quae
1499 2958 1562 2992 ex
1582 2940 1783 2991 ratione

776 3040 799 3067 α
819 3034 872 3073 et
917 3014 1271 3073 infirmatione
1316 3020 1531 3074 rationis
1573 3040 1629 3073 n.
1677 3040 1725 3072 c.
1751 3044 1776 3070 ιι

770 3100 976 3169 (Lexic.
998 3098 1133 3152 rhet.
1155 3098 1244 3152 lat.
1260 3137 1277 3167 ‚
1296 3119 1350 3172 p.
1370 3099 1511 3172 231).
1528 3100 1661 3169 Quae
1675 3099 1781 3153 loci

770 3180 1080 3232 constitutio
1114 3192 1175 3230 ut
1206 3181 1583 3252 perspicuitate
1617 3192 1669 3232 et
1699 3199 1782 3231 or·

770 3258 895 3310 dine
926 3272 1141 3329 praestat
1170 3276 1297 3311 sane
1324 3272 1582 3330 recepte,
1608 3273 1660 3311 et
1687 3258 1781 3312 ha-

766 3338 859 3389 bet
879 3339 1249 3390 auctoritatem
1270 3339 1632 3410 exemplorum
1647 3338 1778 3408 (Inv.

767 3420 842 3483 ss,
874 3434 954 3487 17,
979 3416 1072 3486 37)
1094 3416 1287 3487 quibus
1310 3419 1476 3469 utitur
1491 3420 1570 3470 vir
1587 3417 1780 3471 doctus

769 3495 902 3567 (quo
927 3493 1134 3548 accedit
1159 3495 1305 3567 quod
1331 3498 1530 3549 Marius
1552 3496 1782 3550 Victori-

770 3594 868 3627 nus
890 3594 975 3648 ap.
996 3573 1285 3640 mazoeum,
1304 3594 1359 3646 p.
1390 3592 1514 3641 120,
1532 3575 1647 3627 haec
1664 3577 1782 3648 ipsa

768 3655 874 3707 hoc
909 3653 1093 3707 ordine
1126 3667 1335 3706 enarrat
1364 3676 1387 3700 ιι
1407 3655 1563 3708 Ratio
1593 3670 1689 3708 est.
1708 3695 1746 3708 ..
1765 3696 1775 3707 .

776 3757 798 3781 σι
816 3736 1103 3788 Infirmatio
1122 3735 1342 3786 rationis
1361 3747 1496 3786 est...
1510 3734 1779 3787 Judicatio

777 3836 800 3860 κ
820 3827 900 3866 est
919 3814 990 3885 n),
1009 3814 1080 3866 ita
1099 3813 1225 3865 ferri
1241 3825 1419 3885 potest
1430 3812 1673 3884 vulgata,
1693 3832 1781 3866 cu-

764 3898 853 3962 jus
872 3894 1132 3946 sententia
1153 3892 1367 3964 quidem
1384 3909 1497 3945 non
1516 3906 1595 3946 est
1614 3892 1780 3946 diver-

773 3988 845 4023 sa.
891 3972 1035 4025 Idem
1068 3990 1195 4026 vero
1230 3968 1519 4025 rectissime
1558 3975 1779 4026 revincit

769 4064 1018 4122 patruum
1037 4070 1193 4104 suum
1212 4065 1266 4105 et
1282 4052 1577 4105 Gesnerum
1593 4052 1780 4105 deduc-

772 4130 963 4199 tionem
986 4132 1224 4195 rationis,
1248 4149 1362 4201 quae
1385 4133 1508 4184 item
1531 4144 1613 4184 est
1631 4131 1777 4204 apud

769 4208 1078 4262 Ciceronem
1097 4247 1115 4280 ‚
1162 4209 1301 4264 male
1351 4212 1771 4284 interpretantes.

1864 2387 1958 2439 Est
1982 2405 2043 2438 ea
2067 2386 2229 2458 plane
2252 2384 2439 2438 eadem
2457 2403 2572 2457 quae
2591 2379 2890 2458 infirmatio

1866 2465 2101 2517 rationis.

1945 2559 1990 2596 ι.
2022 2535 2261 2596 Prima...
2288 2544 2604 2617 disceptatio.
2629 2543 2888 2598 Totidem

1869 2624 1979 2676 fere
2001 2623 2174 2677 verbis
2194 2624 2382 2676 Cicero
2403 2626 2605 2675 Pan-titt.
2628 2622 2736 2674 loc.
2760 2626 2849 2676 cit.
2873 2646 2886 2675 ε

1875 2725 1898 2750 o
1917 2706 2103 2775 Itaque
2126 2707 2182 2757 iu
2203 2703 2288 2757 his
2308 2706 2483 2755 causis
2501 2701 2688 2765 eadem
2709 2716 2768 2755 et
2785 2704 2894 2775 pn·-

1876 2803 1898 2827 ·
1918 2801 2006 2834 ma
2031 2783 2249 2854 quaestio
2276 2794 2330 2834 et
2352 2780 2669 2854 disceptatio
2693 2795 2780 2834 est
2803 2800 2894 2833 ex·

1875 2883 1898 2907 .
1918 2875 2102 2914 trema.
2125 2886 2149 2911 n

1944 2956 1990 2992 2.
2009 2940 2185 2995 Verbis
2195 2939 2367 3011 ipsius.
2380 2941 2489 2992 Cic.
2507 2941 2616 2992 lnv.
2635 2941 2676 3005 1,
2693 2955 2714 2990 ι
2727 2939 2890 3007 4ἰαίι

1941 3019 1994 3072 3.
2032 3019 2220 3072 Matn‘s
2253 3036 2374 3072 suoe.
2413 3018 2705 3092 subjicitur
2741 3018 2896 3091 apud

1870 3101 2180 3153 Ciceronem
2192 3100 2389 3172 fuisse,
2413 3099 2562 3171 quod
2578 3098 2668 3151 hic
2689 3103 2746 3153 in
2761 3100 2894 3153 nul·

1869 3179 1924 3230 lo
1947 3178 2083 3233 libro
2109 3193 2401 3252 comparet.

1942 3258 1992 3325 4.
2027 3258 2098 3310 Ut
2117 3260 2301 3311 merito
2322 3258 2387 3310 ab
2408 3276 2489 3312 ea.
2506 3259 2686 3311 ‘rm-ic.
2707 3258 2892 3311 Guelf.

1871 3339 2123 3401 omittunt
2150 3338 2362 3402 merito,
2392 3354 2518 3389 cum
2544 3335 2685 3390 Alm.
2720 3337 2892 3390 Goth.

1867 3421 2023 3471 Voss.
2063 3436 2126 3486 2,
2159 3432 2214 3472 et
2242 3421 2362 3491 ipso
2395 3421 2668 3472 Cicerone.
2704 3423 2891 3474 Tun‘c.

1870 3510 1923 3549 et
1956 3497 2133 3551 Guelf.
2170 3500 2328 3551 etiam
2359 3498 2445 3551 sui
2476 3501 2730 3551 omittunt
2760 3515 2894 3572 post

1870 3574 2040 3641 liberi,
2058 3575 2155 3629 sed
2167 3576 2272 3628 hoc
2288 3591 2368 3629 est
2384 3575 2531 3648 apud
2544 3577 2653 3630 Cic.
2671 3581 2822 3630 -Β,
2844 3596 2865 3631 ι
2877 3614 2894 3643 ,

1868 3657 2109 3708 mei-ito...
2142 3657 2238 3709 sui.
2271 3658 2333 3710 R.
2370 3656 2403 3711 5
2438 3668 2491 3709 et
2522 3658 2684 3710 Cant.
2722 3660 2892 3710 omit-

1869 3748 2006 3787 tunt.
2031 3738 2094 3790 R.
2123 3752 2152 3789 2
2177 3736 2270 3788 dat
2291 3738 2373 3790 sui
2393 3737 2504 3789 sine
2524 3737 2729 3789 metito.
2751 3739 2854 3790 En.

1938 3813 1989 3867 5.
2010 3814 2134 3881 Vel,
2152 3817 2414 3867 ut.Turic.
2431 3814 2606 3868 Guelf.
2625 3817 2890 3868 omittunt

1868 3903 1959 3958 ut,
1989 3912 2113 3946 cum
2138 3899 2293 3948 Voss.
2327 3913 2369 3947 1.
2403 3896 2463 3947 In
2488 3896 2668 3948 Turic.
2701 3909 2884 3949 tamen

1866 3990 1899 4024 a
1944 3972 2179 4025 secunda
2230 3991 2391 4026 manu
2439 3976 2743 4045 reponitur,
2791 3973 2886 4027 sed

1859 4053 2088 4124 junctim
2111 4052 2281 4119 velut,
2307 4072 2429 4105 cum
2452 4052 2571 4106 edd.
2597 4055 2732 4107 meis
2759 4073 2881 4106 om-

1863 4132 2021 4186 nibus
2059 4147 2182 4187 ante
2209 4134 2486 4188 Stoerium.
2519 4133 2788 4205 Equidem
2823 4146 2884 4186 ut

1863 4213 2221 4267 necessarium
2261 4232 2371 4267 non
2408 4228 2577 4286 puto;
2613 4213 2764 4268 velut
2797 4228 2876 4267 ta-
