3200 5150
911 311 938 345 ἱ

577 484 1230 555 INSTITUTIONIS
1266 484 1524 553 ORAT.
1563 485 1726 553 LIB.
1771 486 1900 570 111,
1937 490 2000 558 8.
2214 491 2340 576 545

238 634 381 705 tus,
418 613 781 700 omnium,
823 608 1083 710 quibus
1122 635 1368 682 vocem
1410 608 1657 700 dabat,
1699 612 1911 685 etiam
1958 613 2345 715 imaginem

238 727 601 830 expressit?
622 747 702 799 ut
732 724 986 798 melius
1018 723 1308 823 quidem
1324 779 1346 813 ,
1381 725 1502 797 sed
1526 744 1764 798 tamen
1793 726 1963 828 ipsi,
1988 729 2214 803 dicere
2237 730 2348 803 vi-

165 861 173 866 ·
237 843 591 917 derentur.
638 844 886 941 Neque
927 840 1120 912 enim
1163 839 1401 912 minus
1441 840 1686 914 vitiosa
1725 863 1827 915 est
1870 843 2124 935 oratio,
2162 846 2220 918 si
2256 846 2346 919 ab
2387 862 2451 917 51

240 959 569 1050 homine,
598 984 815 1057 quam
850 954 905 1028 si
938 982 982 1027 a
1010 981 1118 1044 re,
1145 953 1262 1027 cui
1289 956 1809 1028 accommodari
1836 957 2118 1050 debuit,
2148 959 2352 1034 dissi-

240 1073 392 1165 det3
424 1074 721 1172 ideoque
751 1070 992 1170 Lysias
1012 1083 1030 1115 ¹
1067 1069 1330 1171 optime
1357 1068 1630 1143 videtur
1657 1071 1731 1144 in
1755 1071 1838 1145 iis
1857 1128 1877 1163 ,
1907 1101 2063 1173 quae
2091 1075 2352 1150 scribe-

243 1188 365 1261 bat
390 1186 725 1276 indoctis,
752 1211 1052 1258 servasse
1078 1183 1376 1257 veritatis
1409 1185 1664 1277 fidem3
1704 1187 2062 1264 enimvero
2103 1191 2354 1292 praeci-

244 1331 385 1405 pue
430 1299 1015 1376 declamatoribus
1058 1299 1647 1374 considerandum
1697 1324 1838 1394 cst,
1882 1305 2055 1404 quid
2096 1307 2353 1409 cuique

244 1445 557 1521 personae
605 1415 1017 1490 conveniat?
1055 1416 1176 1517 qui
1219 1415 1677 1518 paucissimas
1723 1424 2215 1496 controversias
2260 1422 2356 1496 ita

246 1534 529 1625 dicunt,
566 1553 646 1605 ut
675 1530 1064 1621 advocati²;
1099 1529 1520 1632 plerumque
1562 1530 1727 1622 filii,
1768 1555 2030 1634 patreS,
2072 1538 2311 1611 divites
2333 1594 2355 1629 ,

247 1675 447 1723 senes
461 1706 481 1739 ,
500 1647 724 1748 asperi
739 1704 760 1739 ,
780 1646 973 1720 lenes
988 1702 1010 1736 ,
1029 1645 1245 1737 avari,
1265 1645 1569 1746 denique
1588 1650 2073 1749 superstitiosi,
2093 1653 2356 1745 timidi,

249 1764 622 1853 derisores,
671 1763 890 1836 fiunt:
932 1782 1014 1834 ut
1047 1761 1157 1834 vix
1200 1761 1699 1835 comoediarum
1738 1766 2086 1840 actoribus
2124 1768 2360 1868 plures

247 1879 531 1954 habitus
557 1878 630 1951 in
655 1876 1193 1979 pronunciando
1222 1876 1667 1977 concipiendi
1692 1879 1864 1971 sint,
1891 1909 2110 1982 quam
2139 1882 2249 1955 his
2281 1882 2359 1954 in

252 1993 574 2068 dicendo.
604 1995 786 2085 Quae
810 1992 1052 2066 omnia
1074 1991 1289 2066 videri
1314 2014 1609 2094 possunt
1624 2003 2152 2098 pmsopopoeiae;
2186 2024 2361 2098 quas
2401 2009 2471 2064 52

254 2136 384 2211 ego
408 2109 731 2183 suasoriis
747 2106 776 2154 ³
795 2107 1065 2209 subjeci
1083 2163 1103 2198 ,
1125 2108 1292 2207 quia
1314 2108 1515 2182 nullo
1536 2108 1675 2183 alio
1694 2110 1785 2183 ab
1805 2109 1913 2184 his
1927 2167 1947 2202 ,
1969 2139 2185 2211 quam
2208 2140 2362 2213 per-

254 2315 341 2350 ma
364 2315 554 2365 manu,
576 2316 608 2350 a
628 2294 861 2350 secunda
888 2296 1148 2351 Goesarive.
1173 2294 1264 2348 Al-

254 2376 446 2430 melov.
473 2376 657 2430 Caesan·
675 2395 787 2430 suo.
813 2375 964 2429 Bodl.
991 2376 1261 2441 Caesart've,

253 2473 380 2508 cum
387 2454 552 2508 Andr.
565 2454 799 2509 Obrech.
811 2492 830 2521 ,
841 2468 896 2508 at
906 2473 1015 2508 non
1030 2458 1234 2507 Veneta
1244 2491 1262 2521 ,

255 2548 316 2589 ιιι
342 2535 522 2589 narrat
547 2535 695 2590 Gibs.
719 2537 977 2591 Coesarem
998 2534 1124 2588 hinc
1147 2552 1262 2589 esse

254 2615 515 2683 alienum,
539 2629 728 2688 pretet·
749 2636 811 2669 ea
835 2635 953 2687 qum
976 2617 1264 2669 rectissime

256 2709 439 2750 monet
460 2698 639 2748 But-m.
660 2694 728 2749 de
745 2698 912 2768 ipsius
933 2694 1299 2766 eloqueant

258 2792 376 2846 quoe
394 2773 487 2826 tali
505 2773 700 2826 auxilio
721 2792 832 2826 non
850 2771 1161 2842 indiguerit,
1178 2773 1266 2843 ip-

257 2871 318 2906 sa
342 2870 557 2924 quoquc
579 2850 839 2905 Codicum
860 2851 1119 2921 scriptura
1144 2867 1269 2921 per-

253 2930 450 2995 suadet
465 2930 612 2983 mihi.
632 2932 803 2983 Prima
822 2931 962 2982 enim
980 2927 1071 2981 illa
1093 2929 1149 2979 in
1166 2928 1270 2980 Tu·

256 3012 454 3069 ricensi
470 3028 659 3063 manus
678 3011 803 3062 satis
824 3006 1058 3061 ostendit
1079 3007 1271 3059 erroris

261 3091 535 3160 originem.
564 3089 629 3154 S,
660 3085 807 3159 quod
833 3086 909 3139 ibi
935 3085 1153 3156 legitur,
1187 3103 1273 3137 re-

260 3181 526 3222 manserat
550 3185 613 3221 ex
630 3183 753 3219 vera
776 3167 1035 3237 scriptura
1054 3163 1272 3217 coeten's-

264 3266 327 3300 ve
339 3284 357 3308 ,
392 3265 551 3319 quam
584 3245 721 3298 male
752 3242 997 3297 redderet
1029 3242 1272 3294 librarius

262 3329 507 3398 ignarus,
525 3322 668 3377 unde
687 3326 743 3376 in
761 3322 1088 3376 Almeloven.
1110 3323 1270 3374 etiam

263 3404 497 3458 deterius
533 3406 735 3459 factum
771 3415 886 3455 est:
927 3401 1113 3455 Coesan'
1140 3418 1267 3466 suo,

266 3481 415 3554 quod
445 3486 618 3556 ipsum
650 3481 813 3534 altera
845 3479 1059 3533 collatio
1088 3478 1273 3532 tribuit

265 3563 556 3614 Tuticensi.
592 3559 755 3631 Quod
784 3571 1054 3612 corrector
1078 3559 1135 3611 in
1160 3560 1274 3610 Tu-

264 3642 360 3693 ric.
382 3642 646 3712 reposuit,
667 3637 723 3691 id
745 3642 801 3692 in
819 3651 1037 3692 ceteros
1057 3655 1273 3711 quoque

266 3716 438 3773 codd.
477 3716 546 3771 ab
582 3716 909 3770 eruditorum
942 3719 1155 3789 ingenio
1188 3718 1273 3768 in-

264 3811 480 3851 vectum
506 3797 622 3848 fuit.
652 3796 962 3849 Suetonium
987 3795 1146 3867 (Caes.
1173 3793 1273 3867 55)

266 3874 406 3928 male
432 3876 560 3927 citat
584 3875 791 3940 Burm.,
819 3871 1074 3926 docturus
1100 3875 1275 3928 Coesa-

267 3973 382 4009 rem
408 3957 584 4026 ipsum
610 3952 760 4006 alteri
783 3954 1054 4024 scripsisse
1079 3955 1277 4006 oratio—

270 4053 411 4089 nem.
440 4033 523 4087 lbi
548 4036 689 4087 enim
717 4054 740 4080 ι
761 4051 824 4085 ex
850 4049 1079 4105 persona
1105 4035 1277 4087 Caesa-

278 4137 303 4163 ιι
323 4117 392 4168 ris
435 4131 623 4167 sermo.
647 4136 670 4161 a
713 4110 845 4167 Edd.
889 4131 1018 4165 meae
1060 4130 1242 4168 omnes
1260 4151 1279 4180 ‚

274 4207 465 4265 praeter
485 4191 616 4248 obr.
629 4229 648 4262 ,
669 4190 800 4246 dant
819 4203 1102 4264 receptam.

499 4298 545 4336 ι.

1432 2312 1474 2348 ι.
1501 2296 1736 2368 Lysias...
1768 2298 2001 2351 indoctis.
2031 2299 2229 2354 Similia
2249 2302 2366 2355 fere

1351 2372 1418 2426 de
1432 2393 1498 2427 co
1511 2377 1800 2470 Dionysius
1814 2377 1984 2431 Helio.
1970 2415 2012 2445 .,
2028 2397 2084 2450 p.
2111 2379 2177 2432 82
2198 2392 2362 2433 extr.-

1351 2447 1516 2518 ὅμοίως
1533 2450 1584 2505 s·
1601 2455 1736 2509 τοῖςι
1721 2450 1931 2511 ι’διιίτιιις
1957 2452 2262 2524 ὃιιιλὸγισθιιι
2281 2460 2369 2511 θο-

1350 2531 1459 2594 ιιὸι,
1504 2531 1731 2587 catinos
1773 2528 1873 2589 ὅσοι
1918 2532 2104 2589 ”admo
2150 2534 2371 2609 διαφέρῃ.

1352 2613 1584 2685 ltem,p.
1608 2631 1716 2685 seq.
1741 2626 1903 2667 extr..
1926 2614 2271 2684 ὦσοδῖὼμίτι
2292 2639 2372 2673 ουν

1354 2690 1490 2758 m?
1521 2690 1605 2742 nai
1638 2688 1721 2745 τίν
1754 2711 1804 2744 ιν
1777 2691 2131 2762 arpen-niman
2169 2696 2366 2766 imit,

1354 2767 1636 2834 ιαλουμόνιιι
1674 2769 1727 2822 δὲ
1767 2770 1860 2823 ὕπὸ
1897 2773 1989 2827 τᾶν
2027 2775 2220 2829 ocu&
2256 2778 2367 2829 tioc-

1355 2867 1437 2900 ποι
1423 2845 1529 2900 hias
1550 2847 1687 2901 vide
1710 2861 1823 2901 not.
1848 2848 1918 2902 ad
1939 2853 1991 2918 1,
2010 2869 2073 2921 9,
2102 2854 2153 2906 3.
2185 2856 2301 2906 Ex'
2286 2873 2368 2927 tp-

1359 2943 1418 2978 so
1441 2926 1595 2999 Lysia
1619 2925 2067 2998 elegantissimum
2090 2932 2368 3006 ethopoeian

1357 3002 1692 3076 exemplum,
1719 3007 1776 3059 in
1804 3024 1913 3078 quo
1941 3009 2203 3065 inferioris
2230 3030 2365 3064 con-

1358 3081 1574 3135 ditionis
1596 3081 1764 3135 homo
1783 3084 1991 3139 effictus
2010 3085 2267 3157 videatur,
2290 3091 2369 3142 af-

1356 3163 1459 3214 fert
1494 3161 1723 3217 Rutilius
1758 3164 1973 3236 Lupus,
2013 3183 2136 3238 pag.
2179 3167 2368 3222 Ruhn-

1357 3237 1528 3307 kenii,
1551 3240 1624 3293 66
1649 3254 1910 3312 sequentt.

1435 3335 1484 3370 2.
1524 3319 1614 3370 Ita
1651 3318 1866 3386 dicunt,
1910 3332 1973 3373 ut
2006 3321 2262 3377 advocati.
2306 3326 2370 3379 Ῑιι

1358 3396 1688 3452 scholasticis
1728 3397 2204 3457 declamationibus
2242 3422 2369 3476 age·

1357 3475 1517 3544 bant,
1539 3496 1651 3531 non
1676 3492 1737 3531 ut
1757 3479 2025 3550 advocati,
2047 3496 2105 3535 ut
2126 3487 2370 3555 patroni·

1361 3554 1457 3610 sed
1491 3569 1551 3609 ut
1582 3561 1660 3611 rei
1695 3559 1832 3630 ipsi.
1866 3558 1991 3628 filii,
2021 3576 2230 3633 patres,
2262 3577 2365 3617 etc.

1361 3637 1547 3708 ltaque
1563 3638 1951 3727 'prosopopoet'oe
1989 3638 2144 3693 nullo
2185 3641 2371 3697 alica

1359 3714 1596 3768 suasor-iis
1607 3733 1768 3787 quam
1776 3733 1996 3787 persona
2008 3717 2230 3782 distant,·
2248 3723 2374 3792 quin
2425 3748 2430 3755 ·

1362 3796 1420 3847 iu
1465 3797 1735 3885 suasoria,
1777 3794 1878 3848 sub
1918 3815 2147 3868 persona
2186 3813 2372 3854 nostra

1365 3872 1649 3927 suademus
1667 3912 1685 3939 ,
1719 3875 1776 3925 in
1811 3880 2188 3948 prosopopoeia
2227 3877 2373 3933 idem

1363 3953 1587 4007 facimus
1612 3952 1713 4006 sub
1735 3952 1854 4006 alia.
1879 3955 2034 4008 Rou..

1437 4032 1490 4085 3.
1524 4033 1666 4103 Quas
1695 4050 1789 4106 eqo
1819 4034 2071 4088 suasoriis.
2108 4034 2283 4089 Guelf.
2319 4049 2375 4091 et

1365 4114 1542 4166 Tur-ic.
1562 4131 1725 4185 quam
1743 4131 1788 4165 e.
1811 4132 1880 4178 s.‚
1906 4130 2029 4164 cum
2049 4111 2186 4167 Alm.
2209 4116 2375 4172 Goth.

1370 4202 1425 4244 et
1446 4189 1567 4244 edd.
1591 4193 1735 4246 Jem.
1762 4204 1818 4245 et
1832 4193 1985 4245 Tarv-
2003 4193 2222 4248 Mallem
2236 4194 2343 4251 hoc
2355 4234 2373 4265 ,

2023 4278 2092 4337 35
