3200 5150
846 496 973 579 426

1401 496 1495 559 Μ.
1535 494 1763 560 FABII
1799 492 2350 578 QUINTILIAM

846 621 1099 692 dentur
1126 640 1359 692 autem
1385 620 1593 711 mihi,
1615 621 1739 720 qui
1762 620 1908 693 haec
1934 647 2140 721 opera
2163 621 2513 712 dixerunt,
2539 648 2624 694 eo
2648 647 2938 721 quoque

844 735 1048 825 moti,
1075 735 1264 843 qu9d
1289 735 1362 807 in
1387 734 1520 807 alia
1539 763 1783 807 rursus
1814 735 2144 808 divisione
2175 734 2442 807 nollent
2470 735 2543 806 in
2578 735 2765 807 idem
2798 763 2937 807 no-

841 850 1009 922 men
1036 844 1336 922 incidere
1363 878 1377 921 :
1410 871 1634 949 partes
1663 851 1853 922 enim
1881 849 2248 922 rhetorices
2271 877 2415 927 esse
2441 849 2767 921 dicebant
2791 849 2936 922 lau·

807 1016 812 1021 -
844 966 1178 1053 dativum,
1206 963 1752 1053 deliberativam,
1762 966 2191 1066 judicialem.
2216 967 2397 1056 Quae
2416 965 2470 1036 si
2496 986 2717 1065 partes
2738 986 2937 1054 sunt,

745 1100 805 1154 15
845 1083 1145 1153 materiae
1174 1102 1338 1153 sunt
1354 1082 1616 1181 potius,
1633 1109 1847 1182 quam
1869 1083 2029 1154 artis
2046 1085 2434 1181 ¹.Namque
2465 1083 2537 1153 in
2566 1081 2675 1154 his
2697 1083 2938 1180 singu·

841 1193 926 1265 lis
969 1194 1303 1267 rhetorice
1336 1217 1476 1268 tota
1501 1217 1644 1285 ‘est;
1681 1197 1845 1295 quia
1876 1218 1944 1268 et
1984 1197 2497 1286 inventionem,
2534 1216 2600 1268 et
2639 1195 2938 1294 disposi-

839 1308 1143 1402 tionem,
1175 1333 1243 1383 et
1269 1309 1733 1384 elocutionem
1754 1366 1775 1401 ,
1810 1332 1878 1385 et
1905 1311 2321 1384 memoriam
2346 1367 2366 1400 ,
2405 1332 2472 1383 et
2502 1311 2937 1409 pronuncia-

840 1424 1105 1496 tionem
1152 1452 1590 1526 quaecunque
1638 1454 1879 1497 earum
1928 1426 2265 1498 desiderat
2290 1458 2308 1515 ;
2361 1426 2591 1525 itaque
2645 1425 2936 1525 quidam

844 1564 1100 1637 genera
1120 1538 1291 1611 tria²
1319 1540 1686 1612 rhetorices
1710 1539 1934 1613 dicere
1956 1541 2391 1629 maluerunt3
2416 1540 2678 1639 optime
2699 1562 2936 1612 autem

845 1651 932 1742 ii,
961 1679 1135 1753 quos
1164 1674 1437 1726 secutus
1466 1675 1566 1727 est
1593 1654 1834 1726 Cicero
1850 1652 1905 1743 3,
1937 1681 2191 1753 genera
2214 1681 2580 1725 causarum
2603 1649 2658 1724 4.

945 1768 1114 1839 CAP.
1139 1771 1260 1838 IV.
1286 1767 1420 1839 Sed
1435 1824 1454 1857 ,
1476 1769 1602 1840 tria
1623 1796 1711 1838 an
1733 1768 1935 1867 plura
1953 1769 2121 1859 sint,
2142 1767 2553 1867 ambigitur3
2575 1794 2706 1839 nec
2728 1766 2943 1840 dubie

843 1909 1059 1983 prope
1090 1909 1368 1972 omnes,
1400 1882 1638 1982 utique
1667 1910 1962 1956 summae
1993 1883 2182 1981 apud
2211 1883 2532 1981 antiquos
2566 1883 2945 1955 auctorita-

842 1997 925 2070 tis
944 2054 962 2086 ,
985 1997 1375 2098 scriptores,
1400 1998 1836 2072 Aristotelem
1854 1997 1881 2045 ⁵
1912 1998 2161 2087 secuti,
2188 1998 2311 2097 qui
2342 1997 2631 2070 nomine
2662 2017 2941 2070 tantum

845 2161 938 2212 tio.
960 2186 1033 2200 -—
1050 2162 1156 2212 BR.
1178 2158 1346 2212 codd.
1376 2176 1424 2225 ι,
1444 2176 1504 2226 2,
1529 2158 1560 2212 5
1585 2172 1638 2212 et
1655 2161 1847 2228 Cute,

845 2249 907 2290 ut
927 2257 1090 2311 quum
1117 2249 1282 2291 totum
1304 2257 1369 2290 ex
1386 2240 1617 2311 partibus
1637 2250 1843 2292 constet.

844 2319 915 2369 At
936 2319 1043 2369 ΗΒ.
1074 2317 1138 2384 4,
1163 2316 1226 2384 6,
1255 2328 1314 2369 ue
1341 2327 1506 2369 totum
1532 2337 1596 2370 ex
1619 2317 1848 2390 partibus

842 2405 1060 2460 constet,
1088 2395 1211 2460 nisi,
1240 2410 1338 2448 etc.
1365 2399 1456 2449 Eo.

925 2489 969 2525 1.
990 2474 1282 2525 Maten‘ae...
1302 2475 1440 2525 artis.
1463 2476 1641 2527 Partes
1659 2474 1849 2526 intelli·

845 2570 912 2624 ge
939 2550 1008 2604 ad
1030 2551 1129 2604 hos
1157 2552 1442 2621 genitivos,
1464 2571 1532 2605 ne
1555 2553 1693 2605 forte
1718 2554 1851 2605 acci·

843 2634 957 2705 pias
1003 2649 1069 2682 eo
1111 2647 1267 2682 sensu
1286 2667 1304 2697 ‚
1348 2649 1452 2700 quo
1496 2647 1644 2683 erant
1686 2631 1847 2684 modo

845 2712 889 2782 §.
923 2727 1015 2763 ηε
1042 2710 1309 2762 oratoris...
1338 2708 1659 2763 τΙιεεοτίσω...
1682 2708 1849 2783 artifi-

842 2792 988 2842 cis....
1018 2791 1197 2843 artis...

917 2886 965 2921 2.
997 2867 1199 2921 Genera
1228 2868 1342 2920 tria.
1373 2871 1452 2921 Ita
1476 2871 1653 2921 Turic.
1683 2868 1843 2922 Goth.

844 2951 997 3001 Voss.
1033 2966 1094 3013 2,
1121 2949 1182 3014 3,
1212 2950 1361 3000 Bern.
1393 2966 1516 3000 cum
1547 2947 1667 3000 edd.
1702 2951 1846 3001 JeuS.

844 3029 995 3082 Tm.
1027 3030 1152 3080 Loc.
1176 3032 1363 3082 Venet.
1390 3030 1548 3079 Ruso.
1574 3029 1850 3079 Recentio·

844 3125 955 3172 res,
979 3120 1040 3158 ut
1061 3108 1219 3158 Gesn.
1245 3107 1370 3179 (sed
1394 3105 1482 3158 hic
1505 3108 1658 3158 uncis
1681 3124 1849 3177 appo.

845 3187 956 3237 sitis
985 3183 1053 3236 ad
1079 3184 1449 3257 pronomina.)
1473 3214 1546 3224 —
1572 3187 1679 3237 RR.
1712 3203 1757 3250 ι,
1784 3203 1812 3236 2
1830 3222 1848 3252 ‚

848 3263 910 3330 5,
929 3279 1118 3338 ymera
1143 3265 1258 3315 tria.
1284 3265 1442 3316 Can.
1474 3276 1524 3314 et
1549 3262 1632 3314 ed.
1655 3262 1816 3315 Hack.
1832 3301 1849 3330 ,

843 3361 1032 3416 genera
1054 3360 1115 3393 ea
1140 3343 1254 3393 tn’a.
1275 3342 1719 3394 lim—Genera...
1743 3341 1852 3392 rhe-

849 3432 943 3473 tor.
961 3421 1094 3473 Vide
1116 3423 1330 3474 Aristot.
1357 3419 1508 3472 Rhet.
1535 3421 1586 3486 Ι,
1614 3419 1675 3485 3,
1706 3437 1725 3471 1
1742 3458 1760 3486 ,
1785 3421 1847 3471 3:

839 3498 970 3551 'Em
1005 3497 1056 3550 δί
1094 3499 1173 3555 τῖς
1213 3498 1438 3567 pium-opta&
1478 3495 1573 3550 εἴδη
1619 3497 1728 3565 τρία.
1774 3498 1850 3551 τὸν

849 3577 1099 3647 ιῑμθμίν...
1113 3576 1251 3630 ‘nar’
1272 3579 1328 3645 ἐξ
1346 3574 1553 3643 ἀνάγκη
1575 3573 1632 3630 Σίν
1658 3575 1720 3630 εἴη
1744 3577 1853 3646 τρία

847 3655 953 3724 7¹⁰„
989 3658 1080 3711 ‹ri-”v
1115 3653 1265 3723 λέγω
1299 3658 1389 3708 e&
1424 3656 1689 3723 ῥκορικὸν,
1732 3677 1854 3723 συμ-

848 3734 1158 3799 (ουλωτυιόν,
1183 3731 1434 3797 mutauit,
1460 3734 1778 3789 laeaeumdv.

921 3818 971 3870 3.
1012 3818 1197 3869 acero.
1233 3818 1312 3869 De
1344 3816 1434 3869 Or.
1474 3817 1528 3880 Ι,
1560 3817 1660 3868 31:
1706 3814 1852 3869 «sed

855 3919 879 3943 ι
897 3914 1167 3948 causarum
1187 3919 1209 3942 ιι
1251 3893 1481 3967 (pendet
1517 3897 1776 3965 genitivus
1816 3913 1848 3947 a

851 3978 1091 4046 sequenti
1110 3974 1341 4046 partim)
1369 3996 1392 4022 α
1414 3976 1662 4047 ...partim
1685 3976 1739 4025 in
1757 3978 1847 4047 jus-

755 4107 760 4112 ¹
857 4075 880 4100 ιι
899 4053 1049 4105 diciis
1067 4055 1286 4118 versari,
1309 4056 1500 4125 partim
1519 4055 1575 4106 in
1594 4052 1850 4106 delibera-

859 4153 882 4177 «
904 4131 1168 4184 tionibus:
1208 4149 1323 4184 esse
1360 4134 1517 4183 etiam
1549 4150 1714 4205 genus
1743 4145 1851 4183 ter-

861 4232 882 4255 ·
903 4212 1033 4262 tium
1054 4234 1075 4259 n
1116 4223 1214 4263 ete.
1239 4212 1424 4285 Topic.
1459 4229 1506 4263 c.
1544 4210 1646 4277 24:
1687 4211 1851 4266 «Tria

1941 2182 1964 2208 α
1984 2173 2107 2214 sunt
2156 2161 2315 2231 igitur
2358 2177 2547 2233 ymera
2598 2177 2893 2210 causarum.
2914 2181 2940 2205 ι

2003 2240 2055 2306 4.
2082 2241 2281 2291 Genera
2299 2256 2586 2291 causarum.
2610 2236 2715 2288 Alii
2738 2238 2835 2309 qui
2852 2256 2947 2309 qe-

1934 2335 2059 2369 nern
2094 2336 2383 2369 causarum.
2418 2319 2591 2385 Quam
2630 2318 2949 2388 scripturam

1937 2399 2027 2468 qui
2084 2396 2327 2448 videntur
2381 2394 2664 2447 defendere
2720 2393 2951 2447 Codices

1936 2475 2161 2527 fortasse
2196 2473 2545 2543 negligentius
2583 2487 2708 2525 sunt
2743 2471 2949 2524 collati.

1935 2555 2229 2624 Utrumque
2247 2551 2456 2624 quidem
2476 2570 2778 2625 pronomen
2800 2550 2949 2604 nulla

1935 2633 2145 2705 praefert
2187 2631 2347 2684 editio
2385 2644 2507 2684 ante
2546 2631 2699 2683 Basil.
2738 2629 2949 2702 (1541).

1934 2710 2054 2765 Ald.
2072 2713 2302 2763 retinens
2316 2730 2377 2761 ea
2391 2711 2585 2763 omittit
2597 2710 2693 2782 qui
2704 2732 2721 2770 ,·
2736 2723 2793 2761 et
2808 2708 2921 2760 luc
2934 2748 2955 2775 ,

1935 2793 1980 2842 si
2004 2804 2208 2843 rectum
2229 2790 2362 2857 vidi,
2393 2802 2471 2842 est
2493 2792 2627 2840 ratio
2651 2789 2833 2841 Guelf.
2850 2791 2955 2840 Vi·

1936 2872 2111 2922 cissim
2146 2882 2409 2941 expuncta
2431 2886 2491 2918 ea
2514 2865 2677 2918 habet
2701 2867 2799 2939 qui
2822 2866 2955 2919 Bad.

1936 2967 2058 3001 cum
2075 2949 2274 3001 Ger-vic.
2292 2949 2551 2999 Neutrum
2571 2947 2957 2998 necessarium.

1935 3056 2006 3067 -—
2024 3029 2085 3079 R.
2114 3045 2133 3079 ι
2162 3041 2214 3078 et
2231 3027 2422 3093 (λιιι,
2442 3044 2632 3099 genera
2651 3043 2957 3077 causamn.

1935 3108 1998 3158 R.
2028 3122 2055 3156 2
2070 3143 2087 3171 ,
2111 3105 2230 3156 Q».
2258 3117 2310 3155 et
2329 3102 2411 3154 ed.
2432 3103 2596 3155 Haek.
2611 3142 2628 3170 ,
2650 3104 2745 3176 qui
2758 3123 2963 3176 genem

1936 3201 2223 3236 causarum.
2250 3183 2343 3232 En.

2009 3259 2059 3314 5.
2072 3259 2452 3313 Aristotelem...
2466 3258 2845 3311 concionalem.
2862 3261 2965 3313 Di·

1939 3359 2026 3394 cas
2042 3360 2103 3393 ex
2117 3339 2223 3392 hoc
2237 3340 2418 3407 Quint.
2436 3338 2560 3390 loco
2571 3376 2589 3404 ,
2605 3340 2786 3390 Aristo
2794 3338 2963 3391 telem

1938 3421 1991 3473 id
2022 3438 2189 3491 genus
2223 3436 2498 3470 causarum
2519 3457 2536 3485 ,
2573 3415 2718 3489 quod
2759 3417 2964 3488 reliqui

1939 3497 2208 3571 appellent
2231 3493 2629 3561 oupemmmiv,
2658 3496 2832 3548 solere
2856 3515 2962 3548 vo·

1940 3597 2059 3630 care
2075 3573 2464 3628 ίιιιιλιισιιιστικὸν.
2479 3577 2691 3626 Frustra
2700 3588 2892 3626 tamen
2902 3575 2961 3627 id

1942 3657 2166 3708 nominis
2192 3674 2389 3727 quaeras
2413 3652 2556 3727 apud
2586 3672 2725 3705 eum.
2758 3656 2961 3724 Neque

1940 3735 2187 3788 abhorret
2215 3733 2281 3786 ab
2309 3733 2397 3787 illa
2427 3732 2817 3798 συμδουλωτιιοῧ
2855 3752 2961 3804 ap·

1937 3814 2223 3886 pellatioue
2234 3852 2251 3880 ,
2266 3825 2326 3864 ut
2340 3810 2500 3863 modo
2515 3810 2760 3863 vidimus.
2778 3810 2963 3882 Serip-

1938 3907 2023 3945 tor
2063 3906 2238 3944 autem
2279 3890 2569 3942 Rhetoricae
2607 3889 2675 3940 ad
2714 3888 2961 3941 Alexan·

1937 3973 2090 4025 dmm
2101 4010 2118 4038 ,
2134 3990 2290 4043 quem
2304 3989 2427 4021 mox
2440 3968 2705 4021 diversum
2721 3968 2791 4020 ab
2806 3973 2962 4021 Aris-

1940 4051 2101 4104 totele
2120 4069 2228 4103 nou
2242 4069 2349 4103 uuo
2370 4060 2679 4119 argumento
2701 4050 2961 4119 suspica·

1938 4130 2141 4196 bimur,
2177 4147 2293 4201 cap.
2336 4147 2364 4180 α
2404 4131 2515 4181 init.
2552 4123 2867 4196 δημηγορεῖν
2904 4129 2963 4178 in

1940 4208 2196 4264 divisione
2224 4209 2405 4280 ponit,
2431 4224 2529 4279 pro
2559 4203 2735 4271 κομί,
2763 4223 2966 4276 quasue
