<?xml version="1.0" encoding="UTF-8"?>
<!DOCTYPE html PUBLIC "-//W3C//DTD XHTML 1.0 Transitional//EN"
    "http://www.w3.org/TR/xhtml1/DTD/xhtml1-transitional.dtd">
<html xmlns="http://www.w3.org/1999/xhtml" xml:lang="en" lang="en">
 <head>
  <title>
</title>
<meta http-equiv="Content-Type" content="text/html;charset=utf-8" />
  <meta name='ocr-system' content='tesseract 3.04.00' />
  <meta name='ocr-capabilities' content='ocr_page ocr_carea ocr_par ocr_line ocrx_word'/>
</head>
<body>
  <div class='ocr_page' id='page_1' title='image "./deinstitutioneo12quingoog_0591.png"; bbox 0 0 3200 5150; ppageno 0'>
   <div class='ocr_carea' id='block_1_1' title="bbox 666 474 2143 556">
    <p class='ocr_par' dir='ltr' id='par_1_1' title="bbox 666 474 2143 556">
     <span class='ocr_line' id='line_1_1' title="bbox 666 474 2143 556; baseline 0.001 -15"><span class='ocrx_word' id='word_1_1' title='bbox 666 474 1321 544; x_wconf 85' lang='lat' dir='ltr'>INSTITUTIONIS</span> <span class='ocrx_word' id='word_1_2' title='bbox 1358 475 1618 543; x_wconf 83' lang='lat' dir='ltr'><strong>ORAT.</strong></span> <span class='ocrx_word' id='word_1_3' title='bbox 1658 478 1820 544; x_wconf 87' lang='lat' dir='ltr'><strong>LIB.</strong></span> <span class='ocrx_word' id='word_1_4' title='bbox 1861 476 1995 556; x_wconf 84' lang='lat'>111,</span> <span class='ocrx_word' id='word_1_5' title='bbox 2046 501 2143 543; x_wconf 81' lang='grc' dir='ltr'><strong>ιι.</strong></span> 
     </span>
    </p>
   </div>
   <div class='ocr_carea' id='block_1_2' title="bbox 2328 477 2456 546">
    <p class='ocr_par' dir='ltr' id='par_1_2' title="bbox 2328 477 2456 546">
     <span class='ocr_line' id='line_1_2' title="bbox 2328 477 2456 546; baseline -0.008 0"><span class='ocrx_word' id='word_1_6' title='bbox 2328 477 2456 546; x_wconf 77' lang='grc'><strong>565</strong></span> 
     </span>
    </p>
   </div>
   <div class='ocr_carea' id='block_1_3' title="bbox 262 599 2569 1972">
    <p class='ocr_par' dir='ltr' id='par_1_3' title="bbox 262 599 2569 1972">
     <span class='ocr_line' id='line_1_3' title="bbox 352 599 2455 701; baseline 0.002 -31"><span class='ocrx_word' id='word_1_7' title='bbox 352 617 442 669; x_wconf 71' lang='lat' dir='ltr'><strong>8ae</strong></span> <span class='ocrx_word' id='word_1_8' title='bbox 463 618 700 673; x_wconf 87' lang='lat' dir='ltr'><strong>tamen</strong></span> <span class='ocrx_word' id='word_1_9' title='bbox 725 619 937 673; x_wconf 78' lang='lat' dir='ltr'><strong>status</strong></span> <span class='ocrx_word' id='word_1_10' title='bbox 953 615 972 646; x_wconf 86' lang='lat'><em>¹</em></span> <span class='ocrx_word' id='word_1_11' title='bbox 1002 627 1190 673; x_wconf 79' lang='lat' dir='ltr'><strong>unus</strong></span> <span class='ocrx_word' id='word_1_12' title='bbox 1209 600 1327 691; x_wconf 80' lang='lat' dir='ltr'><strong>sit,</strong></span> <span class='ocrx_word' id='word_1_13' title='bbox 1352 599 1443 675; x_wconf 89' lang='lat' dir='ltr'><strong>ad</strong></span> <span class='ocrx_word' id='word_1_14' title='bbox 1466 627 1684 701; x_wconf 86' lang='lat' dir='ltr'><strong>quem</strong></span> <span class='ocrx_word' id='word_1_15' title='bbox 1713 602 2151 674; x_wconf 83' lang='lat' dir='ltr'><strong>referuntur²</strong></span> <span class='ocrx_word' id='word_1_16' title='bbox 2178 600 2455 690; x_wconf 79' lang='lat' dir='ltr'><strong>omnia3</strong></span> 
     </span>
     <span class='ocr_line' id='line_1_4' title="bbox 352 709 2569 819; baseline 0.005 -38"><span class='ocrx_word' id='word_1_17' title='bbox 352 709 446 783; x_wconf 89' lang='lat' dir='ltr'><strong>ita</strong></span> <span class='ocrx_word' id='word_1_18' title='bbox 458 710 799 813; x_wconf 86' lang='lat' dir='ltr'><strong>judicatio</strong></span> <span class='ocrx_word' id='word_1_19' title='bbox 825 715 1127 789; x_wconf 80' lang='lat' dir='ltr'>maxime</span> <span class='ocrx_word' id='word_1_20' title='bbox 1152 715 1462 816; x_wconf 87' lang='lat' dir='ltr'><strong>propria,</strong></span> <span class='ocrx_word' id='word_1_21' title='bbox 1490 716 1576 790; x_wconf 91' lang='lat' dir='ltr'><strong>de</strong></span> <span class='ocrx_word' id='word_1_22' title='bbox 1600 743 1742 817; x_wconf 86' lang='lat' dir='ltr'><strong>qua</strong></span> <span class='ocrx_word' id='word_1_23' title='bbox 1766 716 2292 819; x_wconf 82' lang='lat' dir='ltr'><strong>pronunciatur.</strong></span> <span class='ocrx_word' id='word_1_24' title='bbox 2313 732 2462 788; x_wconf 72' lang='grc' dir='ltr'><strong>Συνὸ-</strong></span> <span class='ocrx_word' id='word_1_25' title='bbox 2531 739 2569 793; x_wconf 85' lang='grc'>9</span> 
     </span>
     <span class='ocr_line' id='line_1_5' title="bbox 348 830 2463 932; baseline 0.004 -35"><span class='ocrx_word' id='word_1_26' title='bbox 348 860 451 915; x_wconf 82' lang='grc' dir='ltr'><strong>χον</strong></span> <span class='ocrx_word' id='word_1_27' title='bbox 485 849 725 904; x_wconf 87' lang='lat' dir='ltr'><strong>autem</strong></span> <span class='ocrx_word' id='word_1_28' title='bbox 762 830 1016 930; x_wconf 85' lang='lat' dir='ltr'><strong>(quod,</strong></span> <span class='ocrx_word' id='word_1_29' title='bbox 1052 852 1132 903; x_wconf 92' lang='lat' dir='ltr'><strong>ut</strong></span> <span class='ocrx_word' id='word_1_30' title='bbox 1162 831 1338 922; x_wconf 82' lang='lat' dir='ltr'><strong>dixi,</strong></span> <span class='ocrx_word' id='word_1_31' title='bbox 1376 838 1728 906; x_wconf 82' lang='lat' dir='ltr'><strong>continens</strong></span> <span class='ocrx_word' id='word_1_32' title='bbox 1759 832 1912 921; x_wconf 83' lang='lat' dir='ltr'><strong>alii,</strong></span> <span class='ocrx_word' id='word_1_33' title='bbox 1948 835 2463 932; x_wconf 81' lang='lat' dir='ltr'><strong>firmamentum</strong></span> 
     </span>
     <span class='ocr_line' id='line_1_6' title="bbox 350 941 2462 1048; baseline 0.004 -35"><span class='ocrx_word' id='word_1_34' title='bbox 350 941 466 1015; x_wconf 90' lang='lat' dir='ltr'><strong>alii</strong></span> <span class='ocrx_word' id='word_1_35' title='bbox 502 966 783 1044; x_wconf 81' lang='lat' dir='ltr'><strong>putant,</strong></span> <span class='ocrx_word' id='word_1_36' title='bbox 821 946 1067 1019; x_wconf 89' lang='lat' dir='ltr'><strong>Cicero</strong></span> <span class='ocrx_word' id='word_1_37' title='bbox 1081 946 1606 1048; x_wconf 74' lang='lat' dir='ltr'><strong>firmissimam³</strong></span> <span class='ocrx_word' id='word_1_38' title='bbox 1638 955 2300 1047; x_wconf 76' lang='lat' dir='ltr'><strong>arqumentationem</strong></span> <span class='ocrx_word' id='word_1_39' title='bbox 2336 950 2462 1023; x_wconf 83' lang='lat' dir='ltr'><strong>de-</strong></span> 
     </span>
     <span class='ocr_line' id='line_1_7' title="bbox 326 1058 2461 1164; baseline 0.002 -31"><span class='ocrx_word' id='word_1_40' title='bbox 326 1058 650 1156; x_wconf 83' lang='lat' dir='ltr'><strong>fensoris,</strong></span> <span class='ocrx_word' id='word_1_41' title='bbox 677 1076 744 1133; x_wconf 83' lang='lat' dir='ltr'><strong>et</strong></span> <span class='ocrx_word' id='word_1_42' title='bbox 761 1058 1371 1162; x_wconf 74' lang='lat' dir='ltr'><strong>appositissimam4</strong></span> <span class='ocrx_word' id='word_1_43' title='bbox 1389 1065 2012 1163; x_wconf 81' lang='lat' dir='ltr'><strong><em>adjudicationem)</em></strong></span> <span class='ocrx_word' id='word_1_44' title='bbox 2031 1061 2461 1164; x_wconf 85' lang='lat' dir='ltr'><strong>quibusdam</strong></span> 
     </span>
     <span class='ocr_line' id='line_1_8' title="bbox 348 1170 2460 1280; baseline 0.005 -36"><span class='ocrx_word' id='word_1_45' title='bbox 348 1170 422 1245; x_wconf 90' lang='lat' dir='ltr'><strong>id</strong></span> <span class='ocrx_word' id='word_1_46' title='bbox 459 1173 733 1247; x_wconf 84' lang='lat' dir='ltr'><strong>videtur</strong></span> <span class='ocrx_word' id='word_1_47' title='bbox 769 1201 948 1265; x_wconf 81' lang='lat' dir='ltr'><strong>esse,</strong></span> <span class='ocrx_word' id='word_1_48' title='bbox 986 1197 1143 1278; x_wconf 81' lang='lat' dir='ltr'><strong>post</strong></span> <span class='ocrx_word' id='word_1_49' title='bbox 1178 1177 1373 1277; x_wconf 85' lang='lat' dir='ltr'><strong>quod</strong></span> <span class='ocrx_word' id='word_1_50' title='bbox 1403 1178 1585 1252; x_wconf 82' lang='lat' dir='ltr'>nihil</span> <span class='ocrx_word' id='word_1_51' title='bbox 1619 1178 1992 1280; x_wconf 76' lang='lat' dir='ltr'><strong>quaeritur3</strong></span> <span class='ocrx_word' id='word_1_52' title='bbox 2031 1178 2460 1280; x_wconf 81' lang='lat' dir='ltr'><strong>quibusdam</strong></span> 
     </span>
     <span class='ocr_line' id='line_1_9' title="bbox 348 1287 2465 1392; baseline 0.005 -33"><span class='ocrx_word' id='word_1_53' title='bbox 348 1287 461 1380; x_wconf 86' lang='lat' dir='ltr'><strong>id,</strong></span> <span class='ocrx_word' id='word_1_54' title='bbox 488 1288 680 1388; x_wconf 90' lang='lat' dir='ltr'><strong>quod</strong></span> <span class='ocrx_word' id='word_1_55' title='bbox 709 1291 798 1363; x_wconf 89' lang='lat' dir='ltr'><strong>ad</strong></span> <span class='ocrx_word' id='word_1_56' title='bbox 815 1291 1329 1392; x_wconf 86' lang='lat' dir='ltr'><strong>judicationem</strong></span> <span class='ocrx_word' id='word_1_57' title='bbox 1362 1292 1852 1368; x_wconf 80' lang='lat' dir='ltr'><strong>firmissimum</strong></span> <span class='ocrx_word' id='word_1_58' title='bbox 1886 1295 2197 1368; x_wconf 87' lang='lat' dir='ltr'><strong>affertur.</strong></span> <span class='ocrx_word' id='word_1_59' title='bbox 2233 1295 2465 1369; x_wconf 81' lang='lat' dir='ltr'>Causa</span> 
     </span>
     <span class='ocr_line' id='line_1_10' title="bbox 348 1403 2466 1509; baseline 0.002 -32"><span class='ocrx_word' id='word_1_60' title='bbox 348 1403 514 1478; x_wconf 81' lang='lat' dir='ltr'><strong>facti</strong></span> <span class='ocrx_word' id='word_1_61' title='bbox 541 1431 687 1478; x_wconf 90' lang='lat' dir='ltr'><strong>non</strong></span> <span class='ocrx_word' id='word_1_62' title='bbox 716 1404 791 1478; x_wconf 90' lang='lat' dir='ltr'><strong>in</strong></span> <span class='ocrx_word' id='word_1_63' title='bbox 817 1433 1066 1480; x_wconf 83' lang='lat' dir='ltr'><strong>omnes</strong></span> <span class='ocrx_word' id='word_1_64' title='bbox 1094 1408 1593 1482; x_wconf 74' lang='lat' dir='ltr'><strong>controversias</strong></span> <span class='ocrx_word' id='word_1_65' title='bbox 1620 1407 1838 1496; x_wconf 82' lang='lat' dir='ltr'><strong>cadit3</strong></span> <span class='ocrx_word' id='word_1_66' title='bbox 1868 1434 2039 1481; x_wconf 87' lang='lat' dir='ltr'><strong>nam</strong></span> <span class='ocrx_word' id='word_1_67' title='bbox 2067 1434 2226 1509; x_wconf 78' lang='lat' dir='ltr'><strong>quae</strong></span> <span class='ocrx_word' id='word_1_68' title='bbox 2253 1406 2466 1482; x_wconf 88' lang='lat' dir='ltr'><strong>fuerit</strong></span> 
     </span>
     <span class='ocr_line' id='line_1_11' title="bbox 350 1519 2465 1621; baseline 0.002 -29"><span class='ocrx_word' id='word_1_69' title='bbox 350 1546 559 1592; x_wconf 81' lang='lat' dir='ltr'><strong>causa</strong></span> <span class='ocrx_word' id='word_1_70' title='bbox 579 1519 919 1612; x_wconf 85' lang='lat' dir='ltr'><strong>faciendi,</strong></span> <span class='ocrx_word' id='word_1_71' title='bbox 944 1520 1069 1595; x_wconf 86' lang='lat' dir='ltr'><strong>ubi</strong></span> <span class='ocrx_word' id='word_1_72' title='bbox 1097 1523 1371 1595; x_wconf 85' lang='lat' dir='ltr'><strong>factum</strong></span> <span class='ocrx_word' id='word_1_73' title='bbox 1401 1521 1785 1621; x_wconf 78' lang='lat' dir='ltr'><strong>negatur5?</strong></span> <span class='ocrx_word' id='word_1_74' title='bbox 1808 1542 1878 1594; x_wconf 89' lang='lat' dir='ltr'><strong>at</strong></span> <span class='ocrx_word' id='word_1_75' title='bbox 1899 1522 2026 1597; x_wconf 86' lang='lat' dir='ltr'><strong>ubi</strong></span> <span class='ocrx_word' id='word_1_76' title='bbox 2050 1548 2258 1596; x_wconf 79' lang='lat' dir='ltr'><strong>causa</strong></span> <span class='ocrx_word' id='word_1_77' title='bbox 2284 1543 2465 1596; x_wconf 85' lang='lat' dir='ltr'><strong>trac·</strong></span> 
     </span>
     <span class='ocr_line' id='line_1_12' title="bbox 347 1635 2467 1741; baseline 0.001 -33"><span class='ocrx_word' id='word_1_78' title='bbox 347 1635 602 1726; x_wconf 76' lang='lat' dir='ltr'><strong>tatur⁶‚</strong></span> <span class='ocrx_word' id='word_1_79' title='bbox 625 1659 889 1737; x_wconf 79' lang='lat' dir='ltr'><strong>negant</strong></span> <span class='ocrx_word' id='word_1_80' title='bbox 906 1638 1157 1712; x_wconf 85' lang='lat' dir='ltr'><strong>eodem</strong></span> <span class='ocrx_word' id='word_1_81' title='bbox 1179 1639 1333 1712; x_wconf 89' lang='lat' dir='ltr'><strong>loco</strong></span> <span class='ocrx_word' id='word_1_82' title='bbox 1354 1665 1499 1712; x_wconf 83' lang='lat' dir='ltr'><strong>esse</strong></span> <span class='ocrx_word' id='word_1_83' title='bbox 1515 1637 2025 1741; x_wconf 85' lang='lat' dir='ltr'><strong>judicationem</strong></span> <span class='ocrx_word' id='word_1_84' title='bbox 2039 1696 2058 1729; x_wconf 92' lang='lat'>‚</span> <span class='ocrx_word' id='word_1_85' title='bbox 2086 1665 2228 1738; x_wconf 91' lang='lat' dir='ltr'><strong>quo</strong></span> <span class='ocrx_word' id='word_1_86' title='bbox 2252 1664 2467 1738; x_wconf 78' lang='lat' dir='ltr'><strong>quaes·</strong></span> 
     </span>
     <span class='ocr_line' id='line_1_13' title="bbox 262 1752 2510 1853; baseline 0.001 -27"><span class='ocrx_word' id='word_1_87' title='bbox 262 1838 269 1848; x_wconf 93' lang='lat'><strong>.</strong></span> <span class='ocrx_word' id='word_1_88' title='bbox 352 1752 661 1843; x_wconf 83' lang='lat' dir='ltr'><strong>tionem3</strong></span> <span class='ocrx_word' id='word_1_89' title='bbox 702 1752 915 1853; x_wconf 91' lang='lat' dir='ltr'><strong>idque</strong></span> <span class='ocrx_word' id='word_1_90' title='bbox 955 1776 1023 1828; x_wconf 87' lang='lat' dir='ltr'><strong>et</strong></span> <span class='ocrx_word' id='word_1_91' title='bbox 1059 1755 1134 1828; x_wconf 93' lang='lat' dir='ltr'><strong>in</strong></span> <span class='ocrx_word' id='word_1_92' title='bbox 1161 1754 1549 1829; x_wconf 82' lang='lat' dir='ltr'>Rhetoricis</span> <span class='ocrx_word' id='word_1_93' title='bbox 1584 1755 1834 1828; x_wconf 81' lang='lat' dir='ltr'><strong>Cicero</strong></span> <span class='ocrx_word' id='word_1_94' title='bbox 1867 1755 2041 1827; x_wconf 68' lang='lat' dir='ltr'><strong>evin</strong></span> <span class='ocrx_word' id='word_1_95' title='bbox 2074 1754 2466 1828; x_wconf 84' lang='lat' dir='ltr'><strong>Partitioni-</strong></span> <span class='ocrx_word' id='word_1_96' title='bbox 2505 1793 2510 1800; x_wconf 93' lang='lat'><strong>·</strong></span> 
     </span>
     <span class='ocr_line' id='line_1_14' title="bbox 352 1867 2466 1972; baseline 0 -29"><span class='ocrx_word' id='word_1_97' title='bbox 352 1870 525 1943; x_wconf 73' lang='lat' dir='ltr'><strong>bus?</strong></span> <span class='ocrx_word' id='word_1_98' title='bbox 559 1867 745 1941; x_wconf 90' lang='lat' dir='ltr'><strong>dicit.</strong></span> <span class='ocrx_word' id='word_1_99' title='bbox 783 1873 965 1941; x_wconf 89' lang='lat' dir='ltr'><strong>Nam</strong></span> <span class='ocrx_word' id='word_1_100' title='bbox 1000 1870 1075 1943; x_wconf 90' lang='lat' dir='ltr'><strong>in</strong></span> <span class='ocrx_word' id='word_1_101' title='bbox 1110 1871 1517 1972; x_wconf 82' lang='lat' dir='ltr'><strong>conjectura</strong></span> <span class='ocrx_word' id='word_1_102' title='bbox 1545 1891 1647 1943; x_wconf 84' lang='lat' dir='ltr'><strong>est</strong></span> <span class='ocrx_word' id='word_1_103' title='bbox 1673 1869 1959 1970; x_wconf 65' lang='lat' dir='ltr'><strong>quaestio</strong></span> <span class='ocrx_word' id='word_1_104' title='bbox 1993 1897 2073 1941; x_wconf 84' lang='lat' dir='ltr'><strong>ex</strong></span> <span class='ocrx_word' id='word_1_105' title='bbox 2102 1867 2254 1958; x_wconf 86' lang='lat' dir='ltr'><strong>illo,</strong></span> <span class='ocrx_word' id='word_1_106' title='bbox 2287 1872 2466 1943; x_wconf 79' lang='lat' dir='ltr'><strong>Fac-</strong></span> 
     </span>
    </p>
   </div>
   <div class='ocr_carea' id='block_1_4' title="bbox 339 2048 1364 4259">
    <p class='ocr_par' dir='ltr' id='par_1_4' title="bbox 348 2048 1364 2276">
     <span class='ocr_line' id='line_1_15' title="bbox 427 2048 1364 2103; baseline 0.006 -6"><span class='ocrx_word' id='word_1_107' title='bbox 427 2063 471 2097; x_wconf 84' lang='lat'><strong>1.</strong></span> <span class='ocrx_word' id='word_1_108' title='bbox 504 2048 721 2101; x_wconf 76' lang='lat' dir='ltr'><strong>causoe..</strong></span> <span class='ocrx_word' id='word_1_109' title='bbox 739 2088 749 2099; x_wconf 93' lang='lat'><strong>.</strong></span> <span class='ocrx_word' id='word_1_110' title='bbox 767 2089 779 2101; x_wconf 92' lang='lat'><strong>.</strong></span> <span class='ocrx_word' id='word_1_111' title='bbox 803 2060 981 2102; x_wconf 78' lang='lat' dir='ltr'><strong>status.</strong></span> <span class='ocrx_word' id='word_1_112' title='bbox 1009 2051 1107 2103; x_wconf 86' lang='lat' dir='ltr'><strong>Hic</strong></span> <span class='ocrx_word' id='word_1_113' title='bbox 1131 2053 1184 2103; x_wconf 89' lang='lat' dir='ltr'><strong>in</strong></span> <span class='ocrx_word' id='word_1_114' title='bbox 1209 2069 1364 2103; x_wconf 81' lang='lat' dir='ltr'><strong>causa</strong></span> 
     </span>
     <span class='ocr_line' id='line_1_16' title="bbox 348 2130 1362 2196; baseline 0.005 -19"><span class='ocrx_word' id='word_1_115' title='bbox 348 2137 492 2178; x_wconf 82' lang='lat' dir='ltr'><strong>reete</strong></span> <span class='ocrx_word' id='word_1_116' title='bbox 506 2143 764 2196; x_wconf 74' lang='lat' dir='ltr'>agnosces</span> <span class='ocrx_word' id='word_1_117' title='bbox 779 2132 1209 2182; x_wconf 71' lang='lat' dir='ltr'><strong>controversiam.</strong></span> <span class='ocrx_word' id='word_1_118' title='bbox 1228 2130 1362 2182; x_wconf 82' lang='lat' dir='ltr'><strong>Vide</strong></span> 
     </span>
     <span class='ocr_line' id='line_1_17' title="bbox 352 2204 688 2276; baseline 0.012 -4"><span class='ocrx_word' id='word_1_119' title='bbox 352 2206 448 2272; x_wconf 71' lang='lat' dir='ltr'><strong>m,</strong></span> <span class='ocrx_word' id='word_1_120' title='bbox 473 2204 535 2270; x_wconf 69' lang='lat'><strong>6²</strong></span> <span class='ocrx_word' id='word_1_121' title='bbox 562 2223 613 2276; x_wconf 70' lang='lat'><strong>79</strong></span> <span class='ocrx_word' id='word_1_122' title='bbox 636 2223 688 2276; x_wconf 84' lang='grc'><strong>9·</strong></span> 
     </span>
    </p>

    <p class='ocr_par' dir='ltr' id='par_1_5' title="bbox 339 2284 1362 4023">
     <span class='ocr_line' id='line_1_18' title="bbox 425 2284 1361 2360; baseline 0.003 -23"><span class='ocrx_word' id='word_1_123' title='bbox 425 2302 473 2337; x_wconf 78' lang='lat'><strong>2.</strong></span> <span class='ocrx_word' id='word_1_124' title='bbox 503 2284 585 2340; x_wconf 77' lang='lat' dir='ltr'><strong>Sit</strong></span> <span class='ocrx_word' id='word_1_125' title='bbox 589 2324 714 2337; x_wconf 92' lang='grc'><strong>.....</strong></span> <span class='ocrx_word' id='word_1_126' title='bbox 752 2286 1063 2360; x_wconf 71' lang='lat' dir='ltr'><strong>mser-untur.</strong></span> <span class='ocrx_word' id='word_1_127' title='bbox 1095 2289 1361 2341; x_wconf 75' lang='lat' dir='ltr'><strong>Gesner-us</strong></span> 
     </span>
     <span class='ocr_line' id='line_1_19' title="bbox 349 2363 1360 2440; baseline 0.004 -25"><span class='ocrx_word' id='word_1_128' title='bbox 349 2363 509 2417; x_wconf 69' lang='lat' dir='ltr'><strong>heret</strong></span> <span class='ocrx_word' id='word_1_129' title='bbox 537 2366 594 2416; x_wconf 86' lang='lat' dir='ltr'><strong>in</strong></span> <span class='ocrx_word' id='word_1_130' title='bbox 621 2369 965 2439; x_wconf 77' lang='lat' dir='ltr'><strong>conjunctivo</strong></span> <span class='ocrx_word' id='word_1_131' title='bbox 994 2368 1090 2434; x_wconf 75' lang='lat' dir='ltr'><strong>sit,</strong></span> <span class='ocrx_word' id='word_1_132' title='bbox 1120 2386 1221 2440; x_wconf 79' lang='lat' dir='ltr'><strong>pro</strong></span> <span class='ocrx_word' id='word_1_133' title='bbox 1253 2385 1360 2439; x_wconf 82' lang='lat' dir='ltr'><strong>quo</strong></span> 
     </span>
     <span class='ocr_line' id='line_1_20' title="bbox 350 2443 1361 2508; baseline 0.004 -14"><span class='ocrx_word' id='word_1_134' title='bbox 350 2443 496 2496; x_wconf 82' lang='lat' dir='ltr'><strong>malit</strong></span> <span class='ocrx_word' id='word_1_135' title='bbox 522 2455 627 2508; x_wconf 78' lang='lat' dir='ltr'><strong>est,-</strong></span> <span class='ocrx_word' id='word_1_136' title='bbox 654 2464 764 2499; x_wconf 91' lang='lat' dir='ltr'><strong>non</strong></span> <span class='ocrx_word' id='word_1_137' title='bbox 793 2444 1084 2499; x_wconf 82' lang='lat' dir='ltr'><strong>admodum</strong></span> <span class='ocrx_word' id='word_1_138' title='bbox 1111 2444 1218 2498; x_wconf 88' lang='lat' dir='ltr'><strong>leni</strong></span> <span class='ocrx_word' id='word_1_139' title='bbox 1246 2464 1361 2498; x_wconf 86' lang='lat' dir='ltr'><strong>mu-</strong></span> 
     </span>
     <span class='ocr_line' id='line_1_21' title="bbox 348 2523 1362 2599; baseline 0.004 -24"><span class='ocrx_word' id='word_1_140' title='bbox 348 2526 566 2577; x_wconf 84' lang='lat' dir='ltr'><strong>tatione.</strong></span> <span class='ocrx_word' id='word_1_141' title='bbox 583 2524 744 2578; x_wconf 77' lang='lat' dir='ltr'><strong>Goth.</strong></span> <span class='ocrx_word' id='word_1_142' title='bbox 764 2527 795 2579; x_wconf 83' lang='lat' dir='ltr'>J</span> <span class='ocrx_word' id='word_1_143' title='bbox 799 2544 910 2579; x_wconf 80' lang='lat' dir='ltr'><strong>ens.</strong></span> <span class='ocrx_word' id='word_1_144' title='bbox 927 2523 1160 2595; x_wconf 78' lang='lat' dir='ltr'><strong>(tacente</strong></span> <span class='ocrx_word' id='word_1_145' title='bbox 1175 2526 1362 2599; x_wconf 72' lang='lat' dir='ltr'><strong>Gesn.)</strong></span> 
     </span>
     <span class='ocr_line' id='line_1_22' title="bbox 348 2601 1360 2674; baseline 0.002 -20"><span class='ocrx_word' id='word_1_146' title='bbox 348 2601 656 2674; x_wconf 78' lang='lat' dir='ltr'><strong>referantur,</strong></span> <span class='ocrx_word' id='word_1_147' title='bbox 682 2623 805 2656; x_wconf 85' lang='lat' dir='ltr'><strong>cum</strong></span> <span class='ocrx_word' id='word_1_148' title='bbox 829 2602 951 2656; x_wconf 85' lang='lat' dir='ltr'><strong>edd.</strong></span> <span class='ocrx_word' id='word_1_149' title='bbox 974 2606 1104 2657; x_wconf 72' lang='lat' dir='ltr'><strong>meis</strong></span> <span class='ocrx_word' id='word_1_150' title='bbox 1124 2617 1245 2656; x_wconf 81' lang='lat' dir='ltr'><strong>ante</strong></span> <span class='ocrx_word' id='word_1_151' title='bbox 1266 2606 1360 2656; x_wconf 85' lang='lat' dir='ltr'><strong>Ba-</strong></span> 
     </span>
     <span class='ocr_line' id='line_1_23' title="bbox 347 2681 1359 2755; baseline 0.002 -21"><span class='ocrx_word' id='word_1_152' title='bbox 347 2681 495 2735; x_wconf 87' lang='lat' dir='ltr'><strong>dium</strong></span> <span class='ocrx_word' id='word_1_153' title='bbox 523 2702 635 2735; x_wconf 84' lang='lat' dir='ltr'><strong>exc.</strong></span> <span class='ocrx_word' id='word_1_154' title='bbox 665 2682 784 2736; x_wconf 80' lang='lat' dir='ltr'><strong>Ald.</strong></span> <span class='ocrx_word' id='word_1_155' title='bbox 811 2702 892 2755; x_wconf 86' lang='lat' dir='ltr'><strong>pr.</strong></span> <span class='ocrx_word' id='word_1_156' title='bbox 920 2682 1112 2735; x_wconf 75' lang='lat' dir='ltr'><strong>Badius</strong></span> <span class='ocrx_word' id='word_1_157' title='bbox 1135 2697 1359 2754; x_wconf 79' lang='lat' dir='ltr'><strong>uterque</strong></span> 
     </span>
     <span class='ocr_line' id='line_1_24' title="bbox 348 2759 1358 2833; baseline 0 -21"><span class='ocrx_word' id='word_1_158' title='bbox 348 2773 401 2812; x_wconf 82' lang='lat' dir='ltr'><strong>et</strong></span> <span class='ocrx_word' id='word_1_159' title='bbox 424 2761 572 2814; x_wconf 75' lang='lat' dir='ltr'><strong>Cer-v.</strong></span> <span class='ocrx_word' id='word_1_160' title='bbox 600 2760 900 2833; x_wconf 78' lang='lat' dir='ltr'><strong>referentur.</strong></span> <span class='ocrx_word' id='word_1_161' title='bbox 925 2759 1044 2812; x_wconf 82' lang='lat' dir='ltr'><strong>Ald.</strong></span> <span class='ocrx_word' id='word_1_162' title='bbox 1074 2779 1177 2813; x_wconf 83' lang='lat' dir='ltr'><strong>sec.</strong></span> <span class='ocrx_word' id='word_1_163' title='bbox 1203 2759 1288 2831; x_wconf 86' lang='lat' dir='ltr'><strong>(ut</strong></span> <span class='ocrx_word' id='word_1_164' title='bbox 1306 2775 1358 2812; x_wconf 88' lang='lat' dir='ltr'><strong>et</strong></span> 
     </span>
     <span class='ocr_line' id='line_1_25' title="bbox 348 2840 1357 2914; baseline 0.001 -23"><span class='ocrx_word' id='word_1_165' title='bbox 348 2840 453 2914; x_wconf 85' lang='lat' dir='ltr'><strong>pr.)</strong></span> <span class='ocrx_word' id='word_1_166' title='bbox 491 2855 761 2913; x_wconf 81' lang='lat' dir='ltr'>receptam</span> <span class='ocrx_word' id='word_1_167' title='bbox 802 2859 927 2893; x_wconf 88' lang='lat' dir='ltr'><strong>cum</strong></span> <span class='ocrx_word' id='word_1_168' title='bbox 968 2840 1183 2911; x_wconf 62' lang='lat' dir='ltr'><strong>reliquis</strong></span> <span class='ocrx_word' id='word_1_169' title='bbox 1200 2879 1218 2908; x_wconf 87' lang='lat'>‚</span> <span class='ocrx_word' id='word_1_170' title='bbox 1256 2841 1357 2893; x_wconf 83' lang='lat' dir='ltr'><strong>nisi</strong></span> 
     </span>
     <span class='ocr_line' id='line_1_26' title="bbox 348 2918 1359 2994; baseline 0.001 -22"><span class='ocrx_word' id='word_1_171' title='bbox 348 2918 495 2994; x_wconf 86' lang='lat' dir='ltr'><strong>quod</strong></span> <span class='ocrx_word' id='word_1_172' title='bbox 521 2920 788 2994; x_wconf 77' lang='lat' dir='ltr'><strong>Gryphius</strong></span> <span class='ocrx_word' id='word_1_173' title='bbox 817 2919 1124 2994; x_wconf 56' lang='lat' dir='ltr'><strong>referantur.</strong></span> <span class='ocrx_word' id='word_1_174' title='bbox 1155 2920 1239 2973; x_wconf 82' lang='lat' dir='ltr'><strong>An</strong></span> <span class='ocrx_word' id='word_1_175' title='bbox 1267 2939 1359 2972; x_wconf 85' lang='lat' dir='ltr'><strong>ex-</strong></span> 
     </span>
     <span class='ocr_line' id='line_1_27' title="bbox 347 2999 1359 3072; baseline -0.002 -19"><span class='ocrx_word' id='word_1_176' title='bbox 347 2999 693 3071; x_wconf 76' lang='lat' dir='ltr'><strong>pungendum</strong></span> <span class='ocrx_word' id='word_1_177' title='bbox 739 3002 837 3053; x_wconf 84' lang='lat' dir='ltr'><strong>erit</strong></span> <span class='ocrx_word' id='word_1_178' title='bbox 881 3019 1003 3052; x_wconf 82' lang='lat' dir='ltr'><strong>cum</strong></span> <span class='ocrx_word' id='word_1_179' title='bbox 1048 3013 1175 3072; x_wconf 79' lang='lat' dir='ltr'><strong>post</strong></span> <span class='ocrx_word' id='word_1_180' title='bbox 1225 3000 1359 3052; x_wconf 67' lang='lat' dir='ltr'><strong>slent</strong></span> 
     </span>
     <span class='ocr_line' id='line_1_28' title="bbox 345 3077 1359 3152; baseline -0.002 -21"><span class='ocrx_word' id='word_1_181' title='bbox 345 3077 641 3150; x_wconf 86' lang='lat' dir='ltr'><strong>(quomodo</strong></span> <span class='ocrx_word' id='word_1_182' title='bbox 673 3092 799 3151; x_wconf 79' lang='lat' dir='ltr'><strong>post</strong></span> <span class='ocrx_word' id='word_1_183' title='bbox 834 3077 1089 3152; x_wconf 77' lang='lat' dir='ltr'><strong>syllabam</strong></span> <span class='ocrx_word' id='word_1_184' title='bbox 1118 3080 1175 3130; x_wconf 83' lang='lat' dir='ltr'><strong>in</strong></span> <span class='ocrx_word' id='word_1_185' title='bbox 1196 3096 1359 3130; x_wconf 82' lang='lat' dir='ltr'><strong>voca-</strong></span> 
     </span>
     <span class='ocr_line' id='line_1_29' title="bbox 344 3155 1357 3221; baseline -0.001 -11"><span class='ocrx_word' id='word_1_186' title='bbox 344 3158 485 3210; x_wconf 78' lang='lat' dir='ltr'><strong>bulis</strong></span> <span class='ocrx_word' id='word_1_187' title='bbox 510 3171 795 3209; x_wconf 81' lang='lat' dir='ltr'><strong>extremam</strong></span> <span class='ocrx_word' id='word_1_188' title='bbox 818 3175 935 3209; x_wconf 80' lang='lat' dir='ltr'><strong>cum</strong></span> <span class='ocrx_word' id='word_1_189' title='bbox 951 3195 967 3221; x_wconf 90' lang='lat'><em>‚</em></span> <span class='ocrx_word' id='word_1_190' title='bbox 997 3158 1084 3208; x_wconf 87' lang='lat' dir='ltr'><strong>cui</strong></span> <span class='ocrx_word' id='word_1_191' title='bbox 1108 3155 1260 3209; x_wconf 77' lang='lat' dir='ltr'><strong>valde</strong></span> <span class='ocrx_word' id='word_1_192' title='bbox 1289 3159 1357 3209; x_wconf 77' lang='lat' dir='ltr'><strong>si·</strong></span> 
     </span>
     <span class='ocr_line' id='line_1_30' title="bbox 348 3235 1360 3307; baseline 0 -20"><span class='ocrx_word' id='word_1_193' title='bbox 348 3236 484 3289; x_wconf 82' lang='lat' dir='ltr'><strong>milis</strong></span> <span class='ocrx_word' id='word_1_194' title='bbox 503 3247 620 3301; x_wconf 79' lang='lat' dir='ltr'><strong>cut,</strong></span> <span class='ocrx_word' id='word_1_195' title='bbox 647 3235 783 3288; x_wconf 81' lang='lat' dir='ltr'><strong>solet</strong></span> <span class='ocrx_word' id='word_1_196' title='bbox 806 3255 837 3289; x_wconf 90' lang='lat' dir='ltr'><strong>a</strong></span> <span class='ocrx_word' id='word_1_197' title='bbox 861 3235 1086 3288; x_wconf 80' lang='lat' dir='ltr'><strong>librariis</strong></span> <span class='ocrx_word' id='word_1_198' title='bbox 1104 3254 1202 3307; x_wconf 86' lang='lat' dir='ltr'><strong>per</strong></span> <span class='ocrx_word' id='word_1_199' title='bbox 1220 3254 1360 3287; x_wconf 88' lang='lat' dir='ltr'><strong>erro-</strong></span> 
     </span>
     <span class='ocr_line' id='line_1_31' title="bbox 344 3315 1357 3389; baseline 0.001 -22"><span class='ocrx_word' id='word_1_200' title='bbox 344 3335 455 3369; x_wconf 82' lang='lat' dir='ltr'><strong>rem</strong></span> <span class='ocrx_word' id='word_1_201' title='bbox 500 3319 632 3389; x_wconf 87' lang='lat' dir='ltr'><strong>poni</strong></span> <span class='ocrx_word' id='word_1_202' title='bbox 677 3319 988 3388; x_wconf 78' lang='lat' dir='ltr'><strong>conjunctio</strong></span> <span class='ocrx_word' id='word_1_203' title='bbox 1034 3333 1154 3367; x_wconf 80' lang='lat' dir='ltr'><strong>cum</strong></span> <span class='ocrx_word' id='word_1_204' title='bbox 1175 3353 1193 3381; x_wconf 88' lang='lat'>‚</span> <span class='ocrx_word' id='word_1_205' title='bbox 1234 3315 1357 3368; x_wconf 80' lang='lat' dir='ltr'><strong>vide</strong></span> 
     </span>
     <span class='ocr_line' id='line_1_32' title="bbox 346 3395 1358 3468; baseline -0.001 -18"><span class='ocrx_word' id='word_1_206' title='bbox 346 3396 502 3450; x_wconf 78' lang='lat' dir='ltr'><strong>Drak.</strong></span> <span class='ocrx_word' id='word_1_207' title='bbox 526 3396 594 3449; x_wconf 87' lang='lat' dir='ltr'><strong>ad</strong></span> <span class='ocrx_word' id='word_1_208' title='bbox 612 3398 719 3449; x_wconf 82' lang='lat' dir='ltr'><strong>Liv.</strong></span> <span class='ocrx_word' id='word_1_209' title='bbox 743 3397 841 3464; x_wconf 80' lang='lat' dir='ltr'><strong>IX,</strong></span> <span class='ocrx_word' id='word_1_210' title='bbox 864 3414 881 3449; x_wconf 84' lang='lat'>1</span> <span class='ocrx_word' id='word_1_211' title='bbox 895 3416 945 3468; x_wconf 79' lang='lat'><strong>7,</strong></span> <span class='ocrx_word' id='word_1_212' title='bbox 964 3395 1055 3468; x_wconf 78' lang='lat'><strong>9)?</strong></span> <span class='ocrx_word' id='word_1_213' title='bbox 1075 3399 1214 3449; x_wconf 87' lang='lat' dir='ltr'><strong>Tum</strong></span> <span class='ocrx_word' id='word_1_214' title='bbox 1233 3414 1358 3449; x_wconf 87' lang='lat' dir='ltr'><strong>con-</strong></span> 
     </span>
     <span class='ocr_line' id='line_1_33' title="bbox 339 3476 1358 3549; baseline -0.003 -20"><span class='ocrx_word' id='word_1_215' title='bbox 339 3478 564 3549; x_wconf 79' lang='lat' dir='ltr'><strong>junctivi</strong></span> <span class='ocrx_word' id='word_1_216' title='bbox 587 3479 672 3528; x_wconf 80' lang='lat' dir='ltr'><strong>isti</strong></span> <span class='ocrx_word' id='word_1_217' title='bbox 694 3477 824 3542; x_wconf 78' lang='lat' dir='ltr'><strong>sint,</strong></span> <span class='ocrx_word' id='word_1_218' title='bbox 852 3476 1100 3541; x_wconf 78' lang='lat' dir='ltr'><strong>habeant,</strong></span> <span class='ocrx_word' id='word_1_219' title='bbox 1120 3476 1211 3541; x_wconf 77' lang='lat' dir='ltr'><strong>sit,</strong></span> <span class='ocrx_word' id='word_1_220' title='bbox 1241 3494 1358 3526; x_wconf 89' lang='lat' dir='ltr'><strong>om-</strong></span> 
     </span>
     <span class='ocr_line' id='line_1_34' title="bbox 343 3555 1357 3628; baseline -0.004 -19"><span class='ocrx_word' id='word_1_221' title='bbox 343 3575 439 3609; x_wconf 75' lang='lat' dir='ltr'><strong>nes</strong></span> <span class='ocrx_word' id='word_1_222' title='bbox 456 3568 608 3608; x_wconf 85' lang='lat' dir='ltr'><strong>erunt</strong></span> <span class='ocrx_word' id='word_1_223' title='bbox 627 3555 974 3628; x_wconf 75' lang='lat' dir='ltr'><strong>potentiales,</strong></span> <span class='ocrx_word' id='word_1_224' title='bbox 994 3558 1049 3607; x_wconf 89' lang='lat' dir='ltr'><strong>in</strong></span> <span class='ocrx_word' id='word_1_225' title='bbox 1071 3572 1175 3626; x_wconf 88' lang='lat' dir='ltr'><strong>qua</strong></span> <span class='ocrx_word' id='word_1_226' title='bbox 1195 3556 1357 3606; x_wconf 80' lang='lat' dir='ltr'><strong>ratio·</strong></span> 
     </span>
     <span class='ocr_line' id='line_1_35' title="bbox 344 3635 1353 3707; baseline -0.002 -21"><span class='ocrx_word' id='word_1_227' title='bbox 344 3653 411 3687; x_wconf 90' lang='lat' dir='ltr'><strong>ne</strong></span> <span class='ocrx_word' id='word_1_228' title='bbox 440 3636 614 3706; x_wconf 81' lang='lat' dir='ltr'><strong>aptior</strong></span> <span class='ocrx_word' id='word_1_229' title='bbox 638 3652 765 3686; x_wconf 84' lang='lat' dir='ltr'><strong>sane</strong></span> <span class='ocrx_word' id='word_1_230' title='bbox 793 3636 1164 3707; x_wconf 77' lang='lat' dir='ltr'><strong>conjunctivus</strong></span> <span class='ocrx_word' id='word_1_231' title='bbox 1194 3635 1353 3686; x_wconf 80' lang='lat' dir='ltr'><strong>etiarn</strong></span> 
     </span>
     <span class='ocr_line' id='line_1_36' title="bbox 341 3711 1353 3784; baseline -0.003 -18"><span class='ocrx_word' id='word_1_232' title='bbox 341 3716 398 3766; x_wconf 87' lang='lat' dir='ltr'><strong>in</strong></span> <span class='ocrx_word' id='word_1_233' title='bbox 422 3712 725 3784; x_wconf 77' lang='lat' dir='ltr'><strong>referantur.</strong></span> <span class='ocrx_word' id='word_1_234' title='bbox 753 3714 949 3765; x_wconf 85' lang='lat' dir='ltr'><strong>Sanum</strong></span> <span class='ocrx_word' id='word_1_235' title='bbox 973 3711 1219 3784; x_wconf 83' lang='lat' dir='ltr'><strong>equidem</strong></span> <span class='ocrx_word' id='word_1_236' title='bbox 1243 3730 1353 3764; x_wconf 88' lang='lat' dir='ltr'><strong>non</strong></span> 
     </span>
     <span class='ocr_line' id='line_1_37' title="bbox 345 3789 1350 3861; baseline -0.003 -18"><span class='ocrx_word' id='word_1_237' title='bbox 345 3789 505 3843; x_wconf 87' lang='lat' dir='ltr'><strong>credo</strong></span> <span class='ocrx_word' id='word_1_238' title='bbox 530 3790 709 3843; x_wconf 87' lang='lat' dir='ltr'><strong>locum</strong></span> <span class='ocrx_word' id='word_1_239' title='bbox 730 3793 787 3842; x_wconf 87' lang='lat' dir='ltr'><strong>in</strong></span> <span class='ocrx_word' id='word_1_240' title='bbox 810 3804 1040 3861; x_wconf 78' lang='lat' dir='ltr'><strong>recepta.</strong></span> <span class='ocrx_word' id='word_1_241' title='bbox 1065 3819 1138 3829; x_wconf 94' lang='lat'><strong>—</strong></span> <span class='ocrx_word' id='word_1_242' title='bbox 1164 3792 1270 3842; x_wconf 76' lang='lat' dir='ltr'><strong>RB.</strong></span> <span class='ocrx_word' id='word_1_243' title='bbox 1305 3807 1350 3857; x_wconf 83' lang='grc' dir='ltr'><strong>ι,</strong></span> 
     </span>
     <span class='ocr_line' id='line_1_38' title="bbox 347 3871 1351 3944; baseline -0.002 -20"><span class='ocrx_word' id='word_1_244' title='bbox 347 3890 405 3939; x_wconf 77' lang='lat'><strong>2,</strong></span> <span class='ocrx_word' id='word_1_245' title='bbox 438 3872 744 3944; x_wconf 79' lang='lat' dir='ltr'><strong>referantur.</strong></span> <span class='ocrx_word' id='word_1_246' title='bbox 778 3873 887 3924; x_wconf 79' lang='lat' dir='ltr'><strong>RB.</strong></span> <span class='ocrx_word' id='word_1_247' title='bbox 925 3873 986 3937; x_wconf 74' lang='lat'><strong>3,</strong></span> <span class='ocrx_word' id='word_1_248' title='bbox 1015 3871 1047 3938; x_wconf 76' lang='grc'>4</span> <span class='ocrx_word' id='word_1_249' title='bbox 1078 3884 1132 3923; x_wconf 79' lang='lat' dir='ltr'><strong>et</strong></span> <span class='ocrx_word' id='word_1_250' title='bbox 1160 3872 1351 3936; x_wconf 57' lang='lat' dir='ltr'><strong>Caua,</strong></span> 
     </span>
     <span class='ocr_line' id='line_1_39' title="bbox 347 3950 773 4023; baseline -0.002 -21"><span class='ocrx_word' id='word_1_251' title='bbox 347 3950 656 4023; x_wconf 80' lang='lat' dir='ltr'><strong>referuntur.</strong></span> <span class='ocrx_word' id='word_1_252' title='bbox 683 3954 773 4002; x_wconf 84' lang='lat' dir='ltr'><strong>En.</strong></span> 
     </span>
    </p>

    <p class='ocr_par' dir='ltr' id='par_1_6' title="bbox 347 4025 1351 4179">
     <span class='ocr_line' id='line_1_40' title="bbox 417 4025 1351 4100; baseline -0.002 -19"><span class='ocrx_word' id='word_1_253' title='bbox 417 4028 468 4081; x_wconf 82' lang='grc'><strong>3.</strong></span> <span class='ocrx_word' id='word_1_254' title='bbox 491 4026 1041 4100; x_wconf 72' lang='lat' dir='ltr'><strong>Cicemfinnissimam.</strong></span> <span class='ocrx_word' id='word_1_255' title='bbox 1060 4029 1169 4078; x_wconf 81' lang='lat' dir='ltr'><strong>Inv.</strong></span> <span class='ocrx_word' id='word_1_256' title='bbox 1192 4025 1282 4079; x_wconf 86' lang='lat' dir='ltr'><strong>lib.</strong></span> <span class='ocrx_word' id='word_1_257' title='bbox 1300 4030 1351 4093; x_wconf 90' lang='lat'><strong>1,</strong></span> 
     </span>
     <span class='ocr_line' id='line_1_41' title="bbox 347 4107 699 4179; baseline -0.003 -20"><span class='ocrx_word' id='word_1_258' title='bbox 347 4125 468 4179; x_wconf 88' lang='lat' dir='ltr'><strong>cap.</strong></span> <span class='ocrx_word' id='word_1_259' title='bbox 502 4107 561 4174; x_wconf 72' lang='lat'><strong>14</strong></span> <span class='ocrx_word' id='word_1_260' title='bbox 586 4109 699 4159; x_wconf 85' lang='lat' dir='ltr'><strong>init.</strong></span> 
     </span>
    </p>

    <p class='ocr_par' dir='ltr' id='par_1_7' title="bbox 418 4183 1354 4259">
     <span class='ocr_line' id='line_1_42' title="bbox 418 4183 1354 4259; baseline -0.002 -19"><span class='ocrx_word' id='word_1_261' title='bbox 418 4186 470 4253; x_wconf 71' lang='grc'><strong>4.</strong></span> <span class='ocrx_word' id='word_1_262' title='bbox 495 4185 956 4259; x_wconf 74' lang='lat' dir='ltr'><strong>Appositissimam.</strong></span> <span class='ocrx_word' id='word_1_263' title='bbox 978 4183 1153 4237; x_wconf 86' lang='lat' dir='ltr'><strong>Guelf.</strong></span> <span class='ocrx_word' id='word_1_264' title='bbox 1173 4185 1243 4237; x_wconf 83' lang='lat' dir='ltr'><strong>ad</strong></span> <span class='ocrx_word' id='word_1_265' title='bbox 1260 4204 1354 4257; x_wconf 85' lang='lat' dir='ltr'><strong>po-</strong></span> 
     </span>
    </p>
   </div>
   <div class='ocr_carea' id='block_1_5' title="bbox 1448 2048 2465 2755">
    <p class='ocr_par' dir='ltr' id='par_1_8' title="bbox 1448 2048 2465 2755">
     <span class='ocr_line' id='line_1_43' title="bbox 1450 2048 2461 2121; baseline -0.001 -17"><span class='ocrx_word' id='word_1_266' title='bbox 1450 2051 1762 2104; x_wconf 73' lang='lat' dir='ltr'><strong>sitissimam.</strong></span> <span class='ocrx_word' id='word_1_267' title='bbox 1801 2052 1955 2102; x_wconf 76' lang='lat' dir='ltr'><strong>Voss.</strong></span> <span class='ocrx_word' id='word_1_268' title='bbox 2003 2067 2029 2101; x_wconf 82' lang='lat'>2</span> <span class='ocrx_word' id='word_1_269' title='bbox 2075 2048 2332 2121; x_wconf 78' lang='lat' dir='ltr'><strong>(quocum</strong></span> <span class='ocrx_word' id='word_1_270' title='bbox 2372 2048 2461 2103; x_wconf 83' lang='lat' dir='ltr'><strong>hic</strong></span> 
     </span>
     <span class='ocr_line' id='line_1_44' title="bbox 1452 2127 2464 2201; baseline 0 -19"><span class='ocrx_word' id='word_1_271' title='bbox 1452 2148 1561 2182; x_wconf 90' lang='lat' dir='ltr'><strong>non</strong></span> <span class='ocrx_word' id='word_1_272' title='bbox 1586 2130 1716 2181; x_wconf 78' lang='lat' dir='ltr'><strong>facit</strong></span> <span class='ocrx_word' id='word_1_273' title='bbox 1735 2127 1924 2200; x_wconf 79' lang='lat' dir='ltr'><strong>Goth.)</strong></span> <span class='ocrx_word' id='word_1_274' title='bbox 1944 2128 2262 2201; x_wconf 76' lang='lat' dir='ltr'><strong>aptissimam</strong></span> <span class='ocrx_word' id='word_1_275' title='bbox 2275 2127 2464 2200; x_wconf 63' lang='lat' dir='ltr'><strong>,qnod</strong></span> 
     </span>
     <span class='ocr_line' id='line_1_45' title="bbox 1450 2206 2463 2282; baseline 0.001 -23"><span class='ocrx_word' id='word_1_276' title='bbox 1450 2208 1626 2282; x_wconf 77' lang='lat' dir='ltr'><strong>ipsum</strong></span> <span class='ocrx_word' id='word_1_277' title='bbox 1655 2221 1775 2259; x_wconf 84' lang='lat' dir='ltr'><strong>ante</strong></span> <span class='ocrx_word' id='word_1_278' title='bbox 1800 2210 2082 2263; x_wconf 77' lang='lat' dir='ltr'><strong>Ernestum</strong></span> <span class='ocrx_word' id='word_1_279' title='bbox 2110 2206 2386 2279; x_wconf 66' lang='lat' dir='ltr'><strong>legebatur</strong></span> <span class='ocrx_word' id='word_1_280' title='bbox 2407 2210 2463 2260; x_wconf 83' lang='lat' dir='ltr'><strong>in</strong></span> 
     </span>
     <span class='ocr_line' id='line_1_46' title="bbox 1449 2286 2463 2340; baseline 0.001 -2"><span class='ocrx_word' id='word_1_281' title='bbox 1449 2286 1572 2339; x_wconf 90' lang='lat' dir='ltr'><strong>loco</strong></span> <span class='ocrx_word' id='word_1_282' title='bbox 1607 2288 1894 2340; x_wconf 75' lang='lat' dir='ltr'><strong>Ciceronis,</strong></span> <span class='ocrx_word' id='word_1_283' title='bbox 1928 2288 1978 2339; x_wconf 73' lang='grc' dir='ltr'><strong>Ῑὲ</strong></span> <span class='ocrx_word' id='word_1_284' title='bbox 2010 2299 2247 2338; x_wconf 79' lang='lat' dir='ltr'><strong>nostram</strong></span> <span class='ocrx_word' id='word_1_285' title='bbox 2273 2304 2463 2339; x_wconf 85' lang='lat' dir='ltr'><strong>vocem</strong></span> 
     </span>
     <span class='ocr_line' id='line_1_47' title="bbox 1449 2363 2465 2437; baseline 0 -19"><span class='ocrx_word' id='word_1_286' title='bbox 1449 2367 1505 2418; x_wconf 90' lang='lat' dir='ltr'><strong>in</strong></span> <span class='ocrx_word' id='word_1_287' title='bbox 1524 2367 1615 2418; x_wconf 85' lang='lat' dir='ltr'><strong>Cic</strong></span> <span class='ocrx_word' id='word_1_288' title='bbox 1651 2367 1891 2437; x_wconf 77' lang='lat' dir='ltr'><strong>reposuit</strong></span> <span class='ocrx_word' id='word_1_289' title='bbox 1909 2383 1938 2416; x_wconf 89' lang='lat' dir='ltr'><strong>e</strong></span> <span class='ocrx_word' id='word_1_290' title='bbox 1957 2363 2171 2417; x_wconf 81' lang='lat' dir='ltr'><strong>duobus</strong></span> <span class='ocrx_word' id='word_1_291' title='bbox 2190 2366 2333 2418; x_wconf 82' lang='lat' dir='ltr'><strong>MSS.</strong></span> <span class='ocrx_word' id='word_1_292' title='bbox 2352 2368 2465 2437; x_wconf 86' lang='lat' dir='ltr'><strong>qui-</strong></span> 
     </span>
     <span class='ocr_line' id='line_1_48' title="bbox 1449 2442 2462 2516; baseline -0.001 -19"><span class='ocrx_word' id='word_1_293' title='bbox 1449 2443 1551 2497; x_wconf 78' lang='lat' dir='ltr'><strong>bus</strong></span> <span class='ocrx_word' id='word_1_294' title='bbox 1583 2457 1794 2516; x_wconf 83' lang='lat' dir='ltr'><strong>poterat</strong></span> <span class='ocrx_word' id='word_1_295' title='bbox 1828 2442 2023 2496; x_wconf 77' lang='lat' dir='ltr'><strong>addere</strong></span> <span class='ocrx_word' id='word_1_296' title='bbox 2054 2443 2191 2495; x_wconf 79' lang='lat' dir='ltr'><strong>duos</strong></span> <span class='ocrx_word' id='word_1_297' title='bbox 2218 2444 2462 2511; x_wconf 77' lang='lat' dir='ltr'><strong>Gruteri‚</strong></span> 
     </span>
     <span class='ocr_line' id='line_1_49' title="bbox 1448 2521 2461 2595; baseline -0.003 -18"><span class='ocrx_word' id='word_1_298' title='bbox 1448 2524 1504 2577; x_wconf 87' lang='lat' dir='ltr'><strong>in</strong></span> <span class='ocrx_word' id='word_1_299' title='bbox 1520 2521 1715 2595; x_wconf 81' lang='lat' dir='ltr'><strong>quibus</strong></span> <span class='ocrx_word' id='word_1_300' title='bbox 1736 2541 1765 2573; x_wconf 88' lang='lat' dir='ltr'><strong>a</strong></span> <span class='ocrx_word' id='word_1_301' title='bbox 1785 2539 1946 2577; x_wconf 84' lang='lat' dir='ltr'><strong>manu</strong></span> <span class='ocrx_word' id='word_1_302' title='bbox 1966 2524 2205 2595; x_wconf 77' lang='lat' dir='ltr'><strong>principe</strong></span> <span class='ocrx_word' id='word_1_303' title='bbox 2221 2536 2461 2575; x_wconf 79' lang='lat' dir='ltr'><strong>nostrum</strong></span> 
     </span>
     <span class='ocr_line' id='line_1_50' title="bbox 1449 2601 2465 2671; baseline 0.003 -16"><span class='ocrx_word' id='word_1_304' title='bbox 1449 2621 1566 2656; x_wconf 78' lang='lat' dir='ltr'><strong>esse</strong></span> <span class='ocrx_word' id='word_1_305' title='bbox 1607 2616 1868 2669; x_wconf 79' lang='lat' dir='ltr'><strong>narratur,</strong></span> <span class='ocrx_word' id='word_1_306' title='bbox 1909 2602 2038 2654; x_wconf 83' lang='lat' dir='ltr'><strong>item</strong></span> <span class='ocrx_word' id='word_1_307' title='bbox 2075 2601 2465 2671; x_wconf 80' lang='lat' dir='ltr'><strong>Quintilianum</strong></span> 
     </span>
     <span class='ocr_line' id='line_1_51' title="bbox 1448 2679 2113 2755; baseline -0.005 -20"><span class='ocrx_word' id='word_1_308' title='bbox 1448 2684 1643 2755; x_wconf 80' lang='lat' dir='ltr'><strong>ipsum.</strong></span> <span class='ocrx_word' id='word_1_309' title='bbox 1660 2679 1797 2734; x_wconf 87' lang='lat' dir='ltr'><strong>Vide</strong></span> <span class='ocrx_word' id='word_1_310' title='bbox 1818 2683 1916 2746; x_wconf 88' lang='lat'>111,</span> <span class='ocrx_word' id='word_1_311' title='bbox 1949 2681 2036 2748; x_wconf 82' lang='lat'><strong>15,</strong></span> <span class='ocrx_word' id='word_1_312' title='bbox 2062 2680 2113 2732; x_wconf 83' lang='lat'><strong>3.</strong></span> 
     </span>
    </p>
   </div>
   <div class='ocr_carea' id='block_1_6' title="bbox 1522 2758 2514 2831">
    <p class='ocr_par' dir='ltr' id='par_1_9' title="bbox 1522 2758 2514 2831">
     <span class='ocr_line' id='line_1_52' title="bbox 1522 2758 2514 2831; baseline 0.002 -18"><span class='ocrx_word' id='word_1_313' title='bbox 1522 2758 1572 2813; x_wconf 85' lang='grc'><strong>5.</strong></span> <span class='ocrx_word' id='word_1_314' title='bbox 1607 2760 1706 2812; x_wconf 78' lang='lat' dir='ltr'><strong>Ubi</strong></span> <span class='ocrx_word' id='word_1_315' title='bbox 1724 2759 1938 2830; x_wconf 71' lang='lat' dir='ltr'><strong>sacuam</strong></span> <span class='ocrx_word' id='word_1_316' title='bbox 1967 2770 2202 2831; x_wconf 56' lang='grc' dir='ltr'><strong>περαίαν.</strong></span> <span class='ocrx_word' id='word_1_317' title='bbox 2229 2760 2363 2813; x_wconf 84' lang='lat' dir='ltr'><strong>Vide</strong></span> <span class='ocrx_word' id='word_1_318' title='bbox 2391 2760 2462 2815; x_wconf 82' lang='lat' dir='ltr'><strong>ad</strong></span> <span class='ocrx_word' id='word_1_319' title='bbox 2509 2776 2514 2780; x_wconf 75' lang='grc'><strong><em>’</em></strong></span> 
     </span>
    </p>
   </div>
   <div class='ocr_carea' id='block_1_7' title="bbox 1442 2838 2462 4256">
    <p class='ocr_par' dir='ltr' id='par_1_10' title="bbox 1446 2838 2459 2981">
     <span class='ocr_line' id='line_1_53' title="bbox 1446 2838 2459 2907; baseline 0.003 -17"><span class='ocrx_word' id='word_1_320' title='bbox 1446 2839 1680 2891; x_wconf 83' lang='lat' dir='ltr'><strong>Herenn.</strong></span> <span class='ocrx_word' id='word_1_321' title='bbox 1705 2839 1757 2903; x_wconf 85' lang='lat'><strong>1,</strong></span> <span class='ocrx_word' id='word_1_322' title='bbox 1788 2854 1848 2907; x_wconf 82' lang='lat'><strong>¹7</strong></span> <span class='ocrx_word' id='word_1_323' title='bbox 1874 2838 1987 2888; x_wconf 85' lang='lat' dir='ltr'><strong>init.</strong></span> <span class='ocrx_word' id='word_1_324' title='bbox 2012 2838 2121 2890; x_wconf 88' lang='lat' dir='ltr'><strong>Cic.</strong></span> <span class='ocrx_word' id='word_1_325' title='bbox 2147 2839 2255 2889; x_wconf 79' lang='lat' dir='ltr'><strong>Inv.</strong></span> <span class='ocrx_word' id='word_1_326' title='bbox 2280 2840 2337 2905; x_wconf 87' lang='lat'><strong>1,</strong></span> <span class='ocrx_word' id='word_1_327' title='bbox 2369 2838 2459 2907; x_wconf 68' lang='lat'><strong>145</strong></span> 
     </span>
     <span class='ocr_line' id='line_1_54' title="bbox 1446 2915 2193 2981; baseline -0.003 -12"><span class='ocrx_word' id='word_1_328' title='bbox 1446 2917 1556 2969; x_wconf 79' lang='lat' dir='ltr'><strong>Cic.</strong></span> <span class='ocrx_word' id='word_1_329' title='bbox 1582 2917 1783 2968; x_wconf 73' lang='lat' dir='ltr'><strong>Pan-titt.</strong></span> <span class='ocrx_word' id='word_1_330' title='bbox 1809 2917 2010 2981; x_wconf 57' lang='lat' dir='ltr'><strong>Orate,</strong></span> <span class='ocrx_word' id='word_1_331' title='bbox 2033 2933 2082 2968; x_wconf 87' lang='lat' dir='ltr'><strong>c.</strong></span> <span class='ocrx_word' id='word_1_332' title='bbox 2107 2915 2193 2969; x_wconf 86' lang='lat'><strong>30.</strong></span> 
     </span>
    </p>

    <p class='ocr_par' dir='ltr' id='par_1_11' title="bbox 1442 2994 2462 3535">
     <span class='ocr_line' id='line_1_55' title="bbox 1518 2994 2456 3048; baseline -0.001 0"><span class='ocrx_word' id='word_1_333' title='bbox 1518 2995 1568 3048; x_wconf 89' lang='grc'><strong>6.</strong></span> <span class='ocrx_word' id='word_1_334' title='bbox 1600 2994 1749 3047; x_wconf 58' lang='lat' dir='ltr'><strong>Aa...</strong></span> <span class='ocrx_word' id='word_1_335' title='bbox 1784 3004 2049 3046; x_wconf 63' lang='lat' dir='ltr'><strong>mactatur.</strong></span> <span class='ocrx_word' id='word_1_336' title='bbox 2076 2996 2253 3047; x_wconf 79' lang='lat' dir='ltr'><strong>Turic-</strong></span> <span class='ocrx_word' id='word_1_337' title='bbox 2279 2994 2456 3048; x_wconf 81' lang='lat' dir='ltr'><strong>Guelf.</strong></span> 
     </span>
     <span class='ocr_line' id='line_1_56' title="bbox 1444 3073 2458 3139; baseline 0.005 -16"><span class='ocrx_word' id='word_1_338' title='bbox 1444 3074 1600 3126; x_wconf 68' lang='lat' dir='ltr'><strong>Voss.</strong></span> <span class='ocrx_word' id='word_1_339' title='bbox 1635 3091 1655 3126; x_wconf 84' lang='grc' dir='ltr'>ι</span> <span class='ocrx_word' id='word_1_340' title='bbox 1679 3096 1691 3124; x_wconf 80' lang='lat'>2</span> <span class='ocrx_word' id='word_1_341' title='bbox 1729 3073 1913 3125; x_wconf 61' lang='lat' dir='ltr'><strong>Aut...</strong></span> <span class='ocrx_word' id='word_1_342' title='bbox 1946 3082 2205 3139; x_wconf 66' lang='lat' dir='ltr'><strong>tractetur,</strong></span> <span class='ocrx_word' id='word_1_343' title='bbox 2227 3087 2281 3126; x_wconf 80' lang='lat' dir='ltr'><strong>et</strong></span> <span class='ocrx_word' id='word_1_344' title='bbox 2304 3076 2379 3127; x_wconf 81' lang='lat' dir='ltr'><strong>sic</strong></span> <span class='ocrx_word' id='word_1_345' title='bbox 2402 3077 2458 3128; x_wconf 89' lang='lat' dir='ltr'><strong>in</strong></span> 
     </span>
     <span class='ocr_line' id='line_1_57' title="bbox 1443 3151 2462 3224; baseline 0.002 -19"><span class='ocrx_word' id='word_1_346' title='bbox 1443 3155 1679 3224; x_wconf 79' lang='lat' dir='ltr'><strong>margine</strong></span> <span class='ocrx_word' id='word_1_347' title='bbox 1726 3152 1880 3204; x_wconf 82' lang='lat' dir='ltr'><strong>Basil.</strong></span> <span class='ocrx_word' id='word_1_348' title='bbox 1929 3155 2028 3205; x_wconf 89' lang='lat' dir='ltr'><strong>Pro</strong></span> <span class='ocrx_word' id='word_1_349' title='bbox 2076 3151 2150 3204; x_wconf 80' lang='lat' dir='ltr'><strong>At</strong></span> <span class='ocrx_word' id='word_1_350' title='bbox 2192 3151 2322 3205; x_wconf 83' lang='lat' dir='ltr'><strong>dant</strong></span> <span class='ocrx_word' id='word_1_351' title='bbox 2364 3164 2462 3207; x_wconf 75' lang='lat' dir='ltr'><strong>aut</strong></span> 
     </span>
     <span class='ocr_line' id='line_1_58' title="bbox 1443 3228 2457 3300; baseline 0.002 -17"><span class='ocrx_word' id='word_1_352' title='bbox 1443 3230 1606 3283; x_wconf 84' lang='lat' dir='ltr'><strong>Goth.</strong></span> <span class='ocrx_word' id='word_1_353' title='bbox 1633 3243 1686 3284; x_wconf 86' lang='lat' dir='ltr'><strong>et</strong></span> <span class='ocrx_word' id='word_1_354' title='bbox 1711 3228 1832 3285; x_wconf 82' lang='lat' dir='ltr'><strong>edd.</strong></span> <span class='ocrx_word' id='word_1_355' title='bbox 1857 3244 1980 3282; x_wconf 80' lang='lat' dir='ltr'><strong>ante</strong></span> <span class='ocrx_word' id='word_1_356' title='bbox 2004 3230 2125 3283; x_wconf 84' lang='lat' dir='ltr'><strong>Ald.</strong></span> <span class='ocrx_word' id='word_1_357' title='bbox 2158 3250 2374 3300; x_wconf 82' lang='lat' dir='ltr'><strong>omnes,</strong></span> <span class='ocrx_word' id='word_1_358' title='bbox 2403 3245 2457 3285; x_wconf 83' lang='lat' dir='ltr'><strong>et</strong></span> 
     </span>
     <span class='ocr_line' id='line_1_59' title="bbox 1443 3310 2456 3380; baseline 0 -16"><span class='ocrx_word' id='word_1_359' title='bbox 1443 3310 1549 3364; x_wconf 83' lang='lat' dir='ltr'><strong>hoe</strong></span> <span class='ocrx_word' id='word_1_360' title='bbox 1578 3312 1806 3363; x_wconf 79' lang='lat' dir='ltr'><strong>correxit</strong></span> <span class='ocrx_word' id='word_1_361' title='bbox 1832 3311 2053 3380; x_wconf 75' lang='lat' dir='ltr'><strong>Regius3</strong></span> <span class='ocrx_word' id='word_1_362' title='bbox 2078 3313 2363 3365; x_wconf 72' lang='lat' dir='ltr'><strong>verissime.</strong></span> <span class='ocrx_word' id='word_1_363' title='bbox 2381 3340 2456 3353; x_wconf 89' lang='lat'><strong>—-</strong></span> 
     </span>
     <span class='ocr_line' id='line_1_60' title="bbox 1442 3392 2452 3457; baseline 0 -13"><span class='ocrx_word' id='word_1_364' title='bbox 1442 3392 1549 3444; x_wconf 77' lang='lat' dir='ltr'><strong>RR.</strong></span> <span class='ocrx_word' id='word_1_365' title='bbox 1584 3407 1631 3457; x_wconf 72' lang='grc' dir='ltr'><strong>ι,</strong></span> <span class='ocrx_word' id='word_1_366' title='bbox 1659 3408 1718 3456; x_wconf 77' lang='lat'><strong>2,</strong></span> <span class='ocrx_word' id='word_1_367' title='bbox 1745 3401 2009 3442; x_wconf 75' lang='lat' dir='ltr'><strong>tractatur.</strong></span> <span class='ocrx_word' id='word_1_368' title='bbox 2035 3394 2098 3443; x_wconf 85' lang='lat' dir='ltr'><strong>R.</strong></span> <span class='ocrx_word' id='word_1_369' title='bbox 2133 3409 2152 3443; x_wconf 83' lang='lat'>1</span> <span class='ocrx_word' id='word_1_370' title='bbox 2180 3410 2285 3444; x_wconf 76' lang='lat' dir='ltr'><strong>sec.</strong></span> <span class='ocrx_word' id='word_1_371' title='bbox 2311 3411 2452 3446; x_wconf 86' lang='lat' dir='ltr'><strong>man.</strong></span> 
     </span>
     <span class='ocr_line' id='line_1_61' title="bbox 1444 3469 2167 3535; baseline -0.004 -12"><span class='ocrx_word' id='word_1_372' title='bbox 1444 3469 1476 3523; x_wconf 84' lang='lat'>5</span> <span class='ocrx_word' id='word_1_373' title='bbox 1501 3482 1556 3522; x_wconf 84' lang='lat' dir='ltr'><strong>et</strong></span> <span class='ocrx_word' id='word_1_374' title='bbox 1577 3470 1769 3535; x_wconf 54' lang='lat' dir='ltr'><strong>Cinna,</strong></span> <span class='ocrx_word' id='word_1_375' title='bbox 1793 3478 2050 3520; x_wconf 73' lang='lat' dir='ltr'><strong>tmctetur.</strong></span> <span class='ocrx_word' id='word_1_376' title='bbox 2075 3471 2167 3521; x_wconf 83' lang='lat' dir='ltr'><strong>En.</strong></span> 
     </span>
    </p>

    <p class='ocr_par' dir='ltr' id='par_1_12' title="bbox 1442 3547 2456 4256">
     <span class='ocr_line' id='line_1_62' title="bbox 1517 3547 2456 3619; baseline 0.003 -20"><span class='ocrx_word' id='word_1_377' title='bbox 1517 3565 1566 3619; x_wconf 88' lang='lat'><strong>7.</strong></span> <span class='ocrx_word' id='word_1_378' title='bbox 1592 3548 1660 3599; x_wconf 84' lang='lat' dir='ltr'><strong>In</strong></span> <span class='ocrx_word' id='word_1_379' title='bbox 1685 3547 2043 3600; x_wconf 47' lang='lat' dir='ltr'><strong>Rhetorica...</strong></span> <span class='ocrx_word' id='word_1_380' title='bbox 2067 3549 2120 3600; x_wconf 84' lang='lat' dir='ltr'><strong>in</strong></span> <span class='ocrx_word' id='word_1_381' title='bbox 2147 3550 2456 3602; x_wconf 74' lang='lat' dir='ltr'><strong>Partitioni-</strong></span> 
     </span>
     <span class='ocr_line' id='line_1_63' title="bbox 1444 3628 2450 3683; baseline 0.002 -3"><span class='ocrx_word' id='word_1_382' title='bbox 1444 3629 1548 3681; x_wconf 78' lang='lat' dir='ltr'><strong>bus.</strong></span> <span class='ocrx_word' id='word_1_383' title='bbox 1588 3630 1689 3683; x_wconf 80' lang='lat' dir='ltr'><strong>LL.</strong></span> <span class='ocrx_word' id='word_1_384' title='bbox 1726 3646 1808 3680; x_wconf 90' lang='lat' dir='ltr'><strong>cc.</strong></span> <span class='ocrx_word' id='word_1_385' title='bbox 1846 3629 2143 3681; x_wconf 67' lang='lat' dir='ltr'><strong>Ponet-iore</strong></span> <span class='ocrx_word' id='word_1_386' title='bbox 2180 3628 2302 3682; x_wconf 89' lang='lat' dir='ltr'><strong>loco</strong></span> <span class='ocrx_word' id='word_1_387' title='bbox 2341 3633 2450 3683; x_wconf 72' lang='lat' dir='ltr'><strong>sic:</strong></span> 
     </span>
     <span class='ocr_line' id='line_1_64' title="bbox 1449 3706 2453 3763; baseline 0.005 -6"><span class='ocrx_word' id='word_1_388' title='bbox 1449 3732 1471 3757; x_wconf 72' lang='grc' dir='ltr'><strong><em>κ</em></strong></span> <span class='ocrx_word' id='word_1_389' title='bbox 1491 3712 1662 3762; x_wconf 85' lang='lat' dir='ltr'><strong>Prima</strong></span> <span class='ocrx_word' id='word_1_390' title='bbox 1711 3706 2130 3761; x_wconf 77' lang='lat' dir='ltr'><strong>adversariorum</strong></span> <span class='ocrx_word' id='word_1_391' title='bbox 2179 3712 2453 3763; x_wconf 78' lang='lat' dir='ltr'><strong>contentio</strong></span> 
     </span>
     <span class='ocr_line' id='line_1_65' title="bbox 1449 3786 2453 3859; baseline 0.005 -22"><span class='ocrx_word' id='word_1_392' title='bbox 1449 3811 1471 3836; x_wconf 78' lang='grc' dir='ltr'><strong>ιι</strong></span> <span class='ocrx_word' id='word_1_393' title='bbox 1491 3788 1743 3840; x_wconf 78' lang='lat' dir='ltr'><strong>diffusam</strong></span> <span class='ocrx_word' id='word_1_394' title='bbox 1763 3786 1924 3840; x_wconf 80' lang='lat' dir='ltr'><strong>habet</strong></span> <span class='ocrx_word' id='word_1_395' title='bbox 1941 3790 2338 3859; x_wconf 63' lang='lat' dir='ltr'><strong>quaestionem...</strong></span> <span class='ocrx_word' id='word_1_396' title='bbox 2354 3791 2453 3842; x_wconf 76' lang='lat' dir='ltr'><strong>Ra-</strong></span> 
     </span>
     <span class='ocr_line' id='line_1_66' title="bbox 1448 3864 2451 3939; baseline 0.006 -24"><span class='ocrx_word' id='word_1_397' title='bbox 1448 3890 1470 3915; x_wconf 75' lang='lat'>«</span> <span class='ocrx_word' id='word_1_398' title='bbox 1493 3869 1694 3920; x_wconf 78' lang='lat' dir='ltr'><strong>tionum</strong></span> <span class='ocrx_word' id='word_1_399' title='bbox 1740 3880 1792 3918; x_wconf 80' lang='lat' dir='ltr'><strong>et</strong></span> <span class='ocrx_word' id='word_1_400' title='bbox 1818 3864 2280 3939; x_wconf 74' lang='lat' dir='ltr'><strong>finnamentorum</strong></span> <span class='ocrx_word' id='word_1_401' title='bbox 2322 3888 2451 3921; x_wconf 89' lang='lat' dir='ltr'><strong>con-</strong></span> 
     </span>
     <span class='ocr_line' id='line_1_67' title="bbox 1448 3944 2453 4015; baseline -0.002 -17"><span class='ocrx_word' id='word_1_402' title='bbox 1448 3968 1470 3993; x_wconf 76' lang='lat'><strong>«</strong></span> <span class='ocrx_word' id='word_1_403' title='bbox 1489 3948 1656 3998; x_wconf 80' lang='lat' dir='ltr'><strong>tentio</strong></span> <span class='ocrx_word' id='word_1_404' title='bbox 1695 3944 1912 3997; x_wconf 83' lang='lat' dir='ltr'><strong>adducit</strong></span> <span class='ocrx_word' id='word_1_405' title='bbox 1943 3947 2000 3997; x_wconf 86' lang='lat' dir='ltr'><strong>in</strong></span> <span class='ocrx_word' id='word_1_406' title='bbox 2031 3959 2314 4015; x_wconf 75' lang='lat' dir='ltr'><strong>angustum</strong></span> <span class='ocrx_word' id='word_1_407' title='bbox 2345 3945 2453 4001; x_wconf 73' lang='lat' dir='ltr'><strong>dis-</strong></span> 
     </span>
     <span class='ocr_line' id='line_1_68' title="bbox 1448 4025 2449 4097; baseline 0.003 -20"><span class='ocrx_word' id='word_1_408' title='bbox 1448 4048 1470 4073; x_wconf 78' lang='lat'><strong>·</strong></span> <span class='ocrx_word' id='word_1_409' title='bbox 1490 4026 1863 4097; x_wconf 84' lang='lat' dir='ltr'><strong>ceptationem.</strong></span> <span class='ocrx_word' id='word_1_410' title='bbox 1886 4049 1909 4071; x_wconf 71' lang='lat' dir='ltr'><em>u</em></span> <span class='ocrx_word' id='word_1_411' title='bbox 1938 4026 2115 4076; x_wconf 88' lang='lat' dir='ltr'><strong>Priore</strong></span> <span class='ocrx_word' id='word_1_412' title='bbox 2144 4039 2318 4077; x_wconf 79' lang='lat' dir='ltr'><strong>autern</strong></span> <span class='ocrx_word' id='word_1_413' title='bbox 2344 4025 2449 4080; x_wconf 85' lang='lat' dir='ltr'><strong>hoc</strong></span> 
     </span>
     <span class='ocr_line' id='line_1_69' title="bbox 1442 4103 2451 4176; baseline 0.002 -20"><span class='ocrx_word' id='word_1_414' title='bbox 1442 4104 1603 4156; x_wconf 85' lang='lat' dir='ltr'><strong>modo</strong></span> <span class='ocrx_word' id='word_1_415' title='bbox 1632 4126 1644 4155; x_wconf 73' lang='grc' dir='ltr'>ε</span> <span class='ocrx_word' id='word_1_416' title='bbox 1690 4126 1712 4149; x_wconf 74' lang='grc' dir='ltr'><strong>α</strong></span> <span class='ocrx_word' id='word_1_417' title='bbox 1736 4103 1957 4174; x_wconf 78' lang='lat' dir='ltr'><strong>Quoestio</strong></span> <span class='ocrx_word' id='word_1_418' title='bbox 1996 4118 2074 4155; x_wconf 79' lang='lat' dir='ltr'><strong>est</strong></span> <span class='ocrx_word' id='word_1_419' title='bbox 2107 4122 2201 4171; x_wconf 88' lang='lat' dir='ltr'><strong>ea,</strong></span> <span class='ocrx_word' id='word_1_420' title='bbox 2235 4124 2349 4176; x_wconf 80' lang='lat' dir='ltr'><strong>quae</strong></span> <span class='ocrx_word' id='word_1_421' title='bbox 2388 4125 2451 4158; x_wconf 83' lang='lat' dir='ltr'><strong>ex</strong></span> 
     </span>
     <span class='ocr_line' id='line_1_70' title="bbox 1449 4183 2451 4256; baseline 0.004 -25"><span class='ocrx_word' id='word_1_422' title='bbox 1449 4207 1475 4231; x_wconf 68' lang='grc' dir='ltr'>ι</span> <span class='ocrx_word' id='word_1_423' title='bbox 1492 4183 1832 4236; x_wconf 80' lang='lat' dir='ltr'><strong>conflictione</strong></span> <span class='ocrx_word' id='word_1_424' title='bbox 1888 4200 2168 4237; x_wconf 80' lang='lat' dir='ltr'><strong>causarum</strong></span> <span class='ocrx_word' id='word_1_425' title='bbox 2220 4186 2451 4256; x_wconf 70' lang='lat' dir='ltr'><strong>gignitur</strong></span> 
     </span>
    </p>
   </div>
  </div>
 </body>
</html>
