3200 5150
614 495 1267 568 INSTITUTIONIS
1301 495 1557 566 ORAT.
1596 496 1757 564 LIB.
1798 496 1897 562 111
1915 547 1932 578 ‚
1971 497 2036 567 6.

2247 498 2375 583 485

274 646 540 697 nomen
579 623 819 695 minus
859 621 1189 694 usitatum
1210 624 1307 717 ¹),
1353 626 1986 713 ratiocinativum,
2026 621 2374 722 ambiqui-

279 744 463 826 tatis,
513 737 738 837 lequm
779 740 1305 809 contrariarum.
1343 734 1718 827 Albutius,
1759 734 2007 810 eadem
2042 736 2376 812 divisione
2413 752 2482 809 62

277 878 478 941 usus,
502 851 802 925 detrahit
826 849 1345 925 translationem
1362 847 1420 941 3,
1448 849 1831 952 subjiciens
1853 878 2014 923 eam
2034 850 2381 952 juridicia·

275 964 326 1037 li
345 993 364 1038 ε
386 966 462 1038 in
481 965 825 1066 legalibus
844 992 1128 1066 quoque
1144 964 1642 1065 quaestionibus
1665 965 1949 1040 nullum
1970 986 2177 1066 putat
2196 994 2342 1041 esse
2357 1025 2379 1060 ,

277 1083 400 1182 qui
444 1083 712 1156 dicatur
753 1088 1262 1158 ratiocinativus
1274 1080 1329 1153 4.
1370 1083 1526 1156 Scio
1565 1082 1770 1182 plura
1810 1083 2211 1157 inventuros
2249 1083 2379 1156 ad·—

275 1196 417 1271 buc
436 1253 457 1290 ,
483 1198 607 1296 qui
636 1197 866 1298 legere
893 1198 1221 1298 antiquos
1253 1197 1631 1304 studiosius
1656 1198 1926 1289 volent3
1962 1198 2084 1272 sed
2112 1227 2203 1273 ne
2232 1198 2379 1272 haec

277 1339 564 1413 quoque
594 1312 1004 1387 excesserint
1035 1313 1365 1405 modum,
1399 1339 1641 1388 vereor
1655 1311 1708 1387 ⁵.
1744 1314 1901 1415 Ipse
1930 1341 2045 1387 me
2083 1313 2380 1414 paulum
2418 1328 2489 1383 63

278 1426 356 1505 in
384 1425 552 1517 alia,
575 1454 790 1526 quam
813 1426 1005 1528 prius
1033 1428 1442 1521 habuerim,
1473 1426 1806 1529 opinione
1831 1454 2025 1503 nunc
2050 1454 2195 1502 esse
2219 1456 2383 1502 con·

282 1544 513 1634 fiteor3
535 1564 610 1620 et
623 1545 908 1621 fortasse
932 1543 1362 1620 tutissimum
1380 1566 1526 1619 erat
1542 1547 1751 1620 famae
1769 1543 2027 1619 modo⁵
2046 1546 2386 1637 studenti,

281 1655 462 1732 nihil
500 1685 581 1731 ex
618 1686 700 1732 eo
739 1680 1048 1752 mutare,
1087 1659 1282 1759 quod
1314 1659 1554 1733 multis
1589 1660 1794 1734 annis
1831 1688 1978 1734 non
2016 1660 2382 1735 sensissem

282 1770 533 1863 modo,
559 1798 806 1846 verum
843 1774 1057 1847 etiam
1098 1774 1618 1875 approbassem.
1661 1774 1800 1848 Sed
1838 1789 2031 1849 non⁷
2077 1774 2382 1848 sustineo
2420 1788 2492 1859 64

281 1912 426 1960 esse
455 1886 771 1961 conscius
796 1887 971 1961 mihi
1005 1886 1462 1962 dissimulati⁸
1487 1889 1590 1987 (in
1621 1915 1704 1963 eo
1734 1889 2110 1991 proesertim
2141 1915 2386 1989 opere,

286 1999 476 2099 quod
501 2001 590 2073 ad
613 2002 965 2076 bonorum
981 2001 1331 2106 juvenum
1355 2002 1668 2103 aliquam
1697 2003 2065 2077 utilitatem
2095 2030 2392 2104 compo-

285 2114 553 2215 nimus)
583 2116 659 2190 in
683 2116 830 2191 ulla
858 2139 1049 2217 parte
1069 2116 1319 2222 judicii
1352 2117 1527 2193 mei:
1559 2145 1730 2192 nam
1759 2139 1828 2193 et
1853 2119 2386 2221 9Hippocrates,

366 2331 411 2368 t.
431 2312 614 2368 u'mm
632 2313 909 2382 usitatum,
929 2334 1030 2389 pro
1052 2333 1159 2388 quo
1178 2336 1297 2390 peu-

284 2394 558 2466 vulgatum
568 2408 646 2448 est
656 2391 788 2450 mni.
799 2393 1138 2450 Manavid.
1149 2400 1195 2468 ς.
1207 2397 1291 2465 46.

362 2488 413 2526 2.
441 2474 898 2528 Ratiocinativunt.
928 2474 1129 2529 Pendet
1156 2495 1297 2529 mas-

289 2550 527 2605 culinum
553 2571 585 2606 ι
611 2571 744 2607 voce
770 2564 960 2608 statum
993 2552 1293 2609 subaudita.

290 2634 367 2685 lta
391 2650 516 2684 mox
537 2630 582 2703 §.
608 2632 675 2686 62
689 2671 707 2699 ‚
729 2633 998 2687 nullum...
1022 2634 1132 2709 qui.

362 2710 416 2764 3.
443 2710 962 2766 Translationem....
980 2712 1294 2787 juridiciali.

290 2789 426 2842 Vide
447 2789 497 2857 S.
523 2788 610 2855 42.

363 2868 416 2938 4.
436 2867 723 2922 Nullum...
749 2868 1153 2922 ratiocinativus.
1173 2870 1299 2939 Quo

293 2948 453 3019 igitur
499 2946 680 3000 retulit
728 2948 1147 3000 ratiocinativum
1194 2962 1302 3000 sta-

292 3029 450 3080 tum?
477 3027 562 3088 An
593 3013 664 3078 ad
692 3025 868 3098 scripti
896 3036 950 3077 et
983 3025 1302 3080 voluntatis?

298 3107 576 3177 quoniam,
591 3106 685 3177 qui
702 3103 873 3175 legem
892 3104 1124 3177 aliquam
1141 3104 1302 3157 nabit

298 3203 363 3239 eo
378 3221 398 3252 ‚
432 3188 584 3258 cujus
621 3183 872 3237 disertam
906 3203 1019 3237 non
1047 3185 1175 3238 fecit
1211 3184 1302 3237 illa

295 3266 646 3331 mentionem,
656 3266 700 3317 is
715 3282 844 3317 sane
858 3262 1003 3316 aliud
1017 3264 1273 3336 scriptum
1283 3301 1301 3330 ,

297 3343 443 3397 aliud
468 3342 828 3409 intellectum,
861 3360 892 3394 a
921 3342 1053 3413 legis
1086 3356 1302 3394 auctore

299 3423 590 3477 contendit.
609 3421 745 3475 Vide
765 3424 888 3489 vn,
910 3440 957 3474 c.
984 3422 1017 3475 8
1040 3434 1186 3490 toto,
1209 3415 1305 3473 u'bi

302 3502 484 3569 Quint.
505 3501 673 3569 banc,
697 3519 857 3573 quam
879 3502 1052 3572 tetigi,
1074 3500 1304 3553 duorum

301 3592 534 3633 statuum
547 3581 858 3635 affinitatem
873 3583 1113 3652 agnoscit
1121 3619 1139 3648 ‚
1150 3577 1306 3633 simul

304 3669 481 3710 tamen
503 3672 711 3724 monet,
735 3658 863 3730 quid
886 3662 1106 3713 intenuit.

376 3735 428 3789 5.
460 3736 645 3790 Ne....
675 3755 864 3790 vereor.
893 3740 1016 3791 Hac
1043 3741 1160 3814 ipsa
1183 3736 1305 3791 vide

306 3815 397 3867 lib.
422 3817 475 3882 1,
495 3833 613 3887 cap.
641 3831 694 3886 7,
717 3816 764 3884 ς.
792 3831 878 3886 ²9·

374 3893 429 3947 6.
461 3893 717 3947 Studenti.
752 3894 868 3946 Hoc
904 3894 1031 3949 dare
1061 3894 1306 3950 videntur

305 3970 529 4026 Codices
571 3971 811 4045 plerique
834 4011 852 4040 ,
904 3975 1002 4026 etsi
1045 3975 1205 4028 Goth.
1255 3988 1308 4028 et

303 4055 459 4105 Voss.
484 4069 544 4120 2,
561 4070 685 4104 cum
707 4050 829 4105 edd.
855 4067 975 4106 ante
997 4053 1151 4106 Basil.
1178 4057 1308 4107 meis

307 4130 555 4184 omnibns
573 4168 592 4200 ,
635 4143 824 4204 preter
861 4130 983 4184 Ald.
1023 4133 1309 4204 praeferunt

299 4210 624 4275 suadentum·
644 4211 820 4268 minus
841 4210 997 4267 bene.
1020 4213 1222 4269 -lut
1253 4228 1310 4280 ι,

1382 2316 1416 2372 ⁵
1440 2331 1494 2371 et
1514 2318 1707 2386 Cum,
1732 2314 1974 2372 studenti.
2001 2316 2065 2370 R.
2094 2334 2153 2385 2,
2179 2315 2391 2370 studen-

1384 2409 1503 2451 tem.
1528 2398 1595 2449 Et
1617 2396 1673 2449 id
1694 2415 1909 2469 quoque
1932 2397 2056 2449 ferri
2077 2409 2273 2469 potest.
2294 2398 2387 2449 Eo.

1454 2493 1505 2547 7.
1534 2474 1638 2531 Sed
1665 2494 1771 2528 non
1798 2472 2052 2541 sustineo,
2084 2489 2184 2527 etc.
2215 2474 2395 2528 Helle-

1383 2556 1586 2609 nismus
1608 2566 1715 2622 est,
1734 2556 1886 2628 cujus
1910 2555 2147 2608 meminit
2169 2552 2392 2609 Budaeus

1384 2632 1599 2688 duobus
1614 2633 1747 2688 locis
1758 2636 2258 2687 commentariorum
2271 2652 2395 2706 grie·

1383 2732 1589 2767 corum.
1608 2714 1777 2766 Tuan.

1456 2791 1509 2845 8.
1533 2789 1876 2844 Dissimulati.
1901 2790 1987 2845 sic
2007 2789 2183 2844 Guelf.
2211 2804 2264 2843 et
2283 2794 2398 2845 Tu-

1387 2872 1481 2923 ric.
1516 2887 1640 2922 cum
1672 2871 1734 2921 iis
1769 2871 1860 2939 qui
1891 2867 1960 2920 ab
1997 2868 2112 2922 aliis
2144 2869 2389 2921 citantur.

1387 2946 1521 3002 Edd.
1557 2960 1680 3000 ante
1711 2946 1840 3003 obr.
1880 2947 1992 2999 fere
2026 2946 2392 3000 dissimulanti.

1388 3025 1494 3080 Sed
1515 3039 1699 3078 nostra
1721 3024 1835 3077 sola
1850 3023 2055 3096 placet,
2074 3043 2398 3097 quamquam

1389 3104 1611 3159 nudam
1626 3121 1840 3176 quoque
1853 3102 2079 3174 (Gomm.
2090 3103 2153 3156 G.
2165 3104 2225 3155 L.
2235 3124 2290 3177 p.
2306 3101 2399 3176 ao)

1389 3184 1719 3256 gmcismum
1742 3184 1941 3235 invenit
1962 3185 2018 3235 in
2040 3181 2163 3234 loco
2188 3197 2392 3236 nostro.

1389 3263 1489 3315 Vix
1506 3262 1647 3315 enim
1666 3260 1924 3314 referatur
1939 3261 2198 3330 genitivus
2202 3261 2399 3334 Judicu

1391 3340 1460 3394 ad
1488 3341 1542 3392 in
1569 3338 1685 3392 ulla
1708 3350 1873 3412 parte.
1902 3342 2060 3392 Nunc
2086 3338 2400 3393 dissimulati

1374 3418 1572 3494 judicii
1607 3419 1711 3469 mei
1743 3418 1942 3491 pendet
1977 3437 2009 3471 a
2045 3418 2303 3472 conscius.-
2340 3419 2398 3470 in
2484 3457 2499 3466 .

1391 3497 1507 3552 ulla
1529 3509 1680 3571 parte
1706 3512 1883 3551 autem
1909 3498 2102 3552 dicitur
2124 3498 2400 3552 adverbia·

1390 3577 1511 3631 liter
1535 3595 1637 3649 pro
1665 3595 1901 3651 usquam.
1922 3576 2058 3631 Vide
2084 3579 2158 3644 11,
2194 3578 2284 3646 16,
2316 3578 2394 3631 18.

1391 3657 1585 3710 -RR
1609 3656 1670 3723 3,
1690 3656 1752 3724 4,
1774 3653 2100 3711 dissimulati.
2123 3657 2231 3709 lui.
2266 3675 2311 3723 ι,
2339 3672 2402 3724 ²,

1392 3734 1456 3806 5,
1469 3734 1635 3789 Can.
1652 3749 1705 3789 et
1717 3733 1864 3789 Can.
1879 3772 1899 3803 ‚
1920 3734 2282 3789 dissimulanti.
2304 3738 2398 3788 Eo.

1467 3830 1520 3887 9.
1557 3815 1914 3888 Hippocrates.
1951 3817 2129 3868 Locus
2163 3813 2401 3867 celebra-

1394 3906 1509 3947 ms:
1538 3894 1685 3945 Τοῦτο
1715 3890 1852 3945 &adi
1875 3912 1938 3959 με
1961 3890 2168 3959 &niuster
2193 3891 2402 3962 epidii-

1394 3992 1486 4027 κν·
1508 3967 1530 3989 ¹⁸
1683 3993 1709 4025 r
1724 3969 1882 4039 &ipson
1897 3968 1978 4025 miv
1995 3968 2181 4039 ’γηίμυ
2194 3968 2246 4023 ου’
2260 3968 2404 4041 ῥιφαὶ

1396 4047 1591 4118 ἶχονου
1619 4052 1665 4104 iv
1684 4051 1830 4113 colen
1855 4050 2051 4120 inae-501
2071 4052 2157 4104 τοῦ
2171 4049 2328 4112 ,Eiusne
2347 4047 2405 4103 ort

1395 4131 1531 4187 eim.
1560 4130 1790 4202 Hippon.
1815 4128 1969 4203 Epid.
1988 4135 2058 4196 V,
2088 4131 2179 4198 14,
2202 4129 2268 4184 de
2294 4148 2402 4201 quo

1396 4208 1508 4263 hec
1537 4207 1757 4264 Celsus:
1787 4212 1878 4265 «A
1904 4208 2096 4264 futuris
2126 4227 2183 4263 se
2209 4208 2407 4280 decep-
