3200 5150
757 424 832 489 18
1214 420 1563 486 GEORG.
1615 406 2356 483 LUD.'SPALD1NG

745 547 920 612 reluo
939 542 1254 609 cantibus:
1280 566 1355 609 ae
1379 541 1875 609 reluctantibus.
1895 540 2346 607 Duchididen:
2366 538 2827 631 Thucydiden.

742 651 1081 717 Anciroeta
1111 676 1130 712 .·
1178 659 1445 718 ἀσύνδετα.
1498 688 1570 697 -
1627 651 1859 737 Neque
1911 670 2069 712 vero
2127 649 2456 713 existimes
2500 647 2708 711 multa
2761 648 2832 711 in

743 754 1161 823 emendando
1203 757 1582 843 praestitisse
1625 756 2015 819 correctoris
2062 755 2402 841 ingenium
2446 751 2646 843 atque
2687 751 2835 817 dili-

741 865 1064 952 gentiam3
1098 878 1169 926 ut
1197 883 1321 926 nec
1345 861 1428 925 ab
1453 860 2085 947 interpretamentiS,
2113 881 2261 948 quae
2280 858 2390 924 hic
2412 859 2547 923 illic
2568 880 2833 947 aspersa
2891 854 2899 866 ’

736 987 925 1049 sunt,
975 971 1259 1034 multum
1300 970 1522 1033 auxilii
1558 970 1778 1032 venit:
1821 991 1897 1032 ea
1939 970 2118 1033 enim
2155 969 2410 1047 omnia,
2453 969 2509 1032 si
2545 989 2683 1032 non
2718 967 2831 1031 ab·

738 1075 965 1156 surda,
992 1093 1169 1141 certe
1191 1074 1524 1163 superflua
1545 1090 1718 1139 sunt.
1741 1076 1984 1156 Quum,
2009 1094 2070 1139 v.
2094 1098 2149 1140 c.
2170 1076 2290 1154 IX,
2316 1074 2377 1153 3,
2397 1073 2500 1152 56,
2522 1073 2831 1138 Africano

737 1184 1049 1247 virtutem
1074 1179 1429 1261 industria,
1462 1183 1669 1245 virtus
1699 1180 2008 1267 gloriam,
2040 1180 2246 1268 gloria
2273 1176 2547 1243 aemulos
2571 1199 2834 1266 compu-

735 1310 912 1353 rasse
951 1288 1211 1367 dicitur‚
1250 1288 1402 1376 pius
1441 1288 1768 1374 interpres
1795 1285 2084 1373 margini
2121 1284 2400 1375 adjecit:
2435 1282 2827 1363 «Tu-vero,

743 1424 771 1451 ec
799 1394 1117 1473 Domine,
1173 1409 1520 1481 susceptor
1564 1414 1753 1456 meus
1780 1442 1796 1471 ,
1849 1412 1917 1455 es
1959 1391 2166 1478 gloria
2210 1413 2389 1468 mea,
2432 1406 2498 1454 et
2544 1388 2831 1454 exaltans

744 1529 772 1558 κ
802 1517 999 1588 caput
1026 1522 1270 1563 meum.
1304 1502 1452 1562 „Et
1479 1498 1611 1563 alio
1636 1497 1785 1562 loco
1814 1499 1916 1581 (Ι,
1954 1498 2025 1577 5,
2062 1496 2209 1583 57),
2243 1496 2359 1560 ubi
2383 1496 2830 1578 Quintilianus

735 1604 820 1669 de
852 1603 1077 1695 gurdis
1110 1605 1437 1693 loquitur,
1478 1604 1703 1670 citavit
1738 1602 1975 1692 aliquis
2013 1624 2092 1667 ex
2127 1604 2262 1667 vita
2296 1602 2393 1667 Sti
2425 1600 2596 1666 Mari
2625 1601 2828 1667 verba

732 1710 918 1775 haec:
973 1741 1000 1770 α
1027 1709 1326 1776 Audietis
1378 1734 1486 1775 me
1536 1727 1611 1774 ut
1660 1696 2104 1798 gurdonicum
2154 1709 2572 1775 hominem.»
2627 1709 2828 1774 Hune

731 1819 951 1905 ipsum
980 1816 1203 1882 locum
1238 1841 1275 1881 e
1305 1817 1577 1905 Sulpicii
1607 1816 1833 1881 Severi
1866 1816 2034 1880 Dial.
2077 1838 2141 1895 1,
2174 1839 2229 1881 c.
2265 1839 2367 1903 27,
2405 1815 2604 1880 affert
2636 1813 2828 1880 Colo·

734 1925 978 1988 mesius
1014 1922 1099 1987 ad
1135 1925 1359 2004 Quint.
1402 1940 1811 2013 quapropter
1843 1912 1966 2010 pro
2001 1918 2110 1988 Sti
2139 1920 2332 1986 Mari
2362 1921 2494 1987 vita
2532 1922 2831 2009 suspicor

735 2016 920 2107 eum,
967 2031 1080 2117 qui
1118 2030 1261 2094 haec
1302 2031 1637 2107 astrueret,
1674 2030 1961 2093 voluisse
2009 2025 2115 2095 Su·
2151 2029 2473 2103 Martini,
2512 2028 2830 2118 quoniam

728 2135 1011 2201 Severus
1048 2135 1181 2221 agit
1222 2133 1305 2199 de
1348 2135 1514 2215 hoc,
1565 2158 1702 2199 non
1745 2132 1830 2199 de
1872 2128 2020 2199 ill‘oz'·
2062 2164 2089 2193 a
2119 2138 2372 2199 Formae
2405 2134 2780 2203 Iittemrum
2807 2186 2825 2217 ,

735 2262 943 2331 quum
978 2241 1394 2327 exigerentur
1424 2239 1509 2305 ad
1544 2241 1799 2306 tabulas
1832 2239 2233 2323 mabillonii,
2275 2259 2340 2306 et
2368 2240 2830 2307 Benedictino-

730 2346 1021 2421 rum,⁸in
1061 2356 1238 2410 n¹ovo
1279 2354 1482 2435 opere
1508 2334 1989 2435 ¹Diplomatico,
2032 2363 2490 2436 apparuerunt
2517 2347 2712 2426 taless,
2752 2366 2829 2412 ut

732 2448 959 2514 Codex
984 2436 1215 2537 posseti
1238 2448 1471 2517 dctavo
1498 2454 1598 2516 vel
1628 2476 1808 2518 nono
1833 2454 2074 2521 saeculo
2102 2452 2328 2533 tribui,
2357 2453 2527 2517 inira
2551 2452 2826 2520 undeci-

732 2579 917 2620 mum
938 2558 1027 2639 (4)
1047 2568 1225 2622 certe
1244 2559 1351 2622 vix
1371 2557 1730 2624 amandari.
1761 2563 1856 2625 Ex
1876 2560 2105 2624 ultima
2123 2581 2283 2624 vero
2308 2557 2570 2625 Codicis
2585 2559 2828 2649 pagina

733 2663 1138 2750 antiquitatis
1182 2675 1646 2766 argumentum
1690 2667 1843 2731 satis
1887 2665 2229 2753 probabile
2270 2665 2510 2732 confici
2551 2666 2828 2732 fontanae

730 2770 995 2857 poterit.
1043 2771 1314 2858 Legitur
1356 2775 1534 2837 enim
1577 2773 1646 2835 in
1687 2772 1823 2836 fine
1858 2773 2120 2851 tituluS,
2158 2793 2316 2837 cum
2355 2793 2635 2837 numero
2669 2774 2828 2837 anni

734 2875 1269 2954 Mccccxhvff,
1298 2878 1487 2968 cujus
1518 2880 1838 2965 scriptura
1867 2901 2022 2944 eum
2055 2877 2132 2943 iis
2161 2878 2540 2943 litterarum
2559 2879 2823 2958 formis„

734 2999 883 3070 quae
912 2980 1052 3069 ejus
1076 2985 1396 3071 temporis
1422 2985 1746 3061 feruntur,
1775 2986 1865 3048 ita
1889 2981 2236 3064 convenit,
2269 3002 2342 3049 ut
2371 2983 2651 3050 dubium
2683 2989 2825 3050 ess'e

732 3110 870 3151 non
913 3089 1152 3176 possit,
1182 3092 1350 3178 quin
1395 3113 1550 3154 vere
1588 3091 1916 3179 asciiptus
1957 3093 2042 3156 sit
2081 3093 2204 3155 iste
2240 3111 2472 3157 annus.
2510 3090 2824 3179 Superius

732 3194 859 3258 alia
892 3196 1187 3259 cernitur
1228 3197 1602 3285 inscriptio,
1641 3189 1830 3286 cujus
1872 3198 1978 3260 vix
2007 3195 2283 3284 singulae
2315 3196 2552 3262 litterae
2587 3217 2825 3284 agnos-

718 3315 994 3365 ·cuntur.
1019 3302 1205 3365 Hanc
1224 3302 1348 3366 alia
1369 3300 1711 3390 praecedit,
1729 3319 1932 3390 quam
1949 3302 2143 3366 facile
2163 3300 2426 3366 duobus
2439 3301 2824 3390 pluribusve

726 3406 988 3470 saeculis
1021 3406 1461 3504 antiquiorem
1491 3406 1776 3495 judices.
1804 3412 1874 3471 A
1888 3431 2019 3497 qua
2049 3427 2188 3473 non
2216 3409 2474 3472 minore
2501 3409 2821 3497 temporis

736 3510 1081 3574 intervallo
1116 3499 1361 3576 distare
1396 3512 1665 3577 videtur
1694 3514 1947 3603 primus
1986 3514 2096 3578 ille
2131 3514 2394 3592 titulus,
2425 3533 2629 3602 quem
2657 3513 2822 3578 dixi·-

733 3638 883 3680 mus
912 3616 1157 3682 librum
1184 3618 1365 3683 hune
1397 3621 1798 3685 monasterio
1831 3621 2048 3686 Sancti
2080 3618 2249 3685 Galli
2281 3617 2637 3686 vindicare.
2677 3622 2821 3687 Hoc

716 3733 945 3787 ‘unum
974 3723 1265 3814 denique
1297 3723 1642 3806 addimus:
1672 3726 1913 3791 librum
1944 3727 2124 3792 hunc
2150 3725 2538 3808 Quintiliani
2574 3727 2820 3793 littera-

734 3853 886 3894 rum
906 3830 1261 3894 *initialium
1288 3849 1807 3922 caeterarumque
1833 3834 2062 3897 formis
2087 3849 2155 3897 et
2181 3832 2432 3911 colore,
2455 3832 2817 3899 scribendi·

734 3958 867 4024 que
902 3936 1312 4024 compendiis
1350 3940 1503 4004 satis
1536 3954 1843 4004 accurate
1875 3939 2232 4004 convenire
2265 3961 2422 4005 cum
2447 3960 2819 4006 sacramen-

734 4042 903 4108 tario
928 4042 1220 4132 quodam
1242 4045 1644 4134 Sangallensi
1660 4095 1677 4124 ,
1709 4043 1940 4109 itidem
1960 4046 2029 4110 in
2048 4044 2450 4113 bibliotheca
2470 4045 2818 4111 Turicensi
