3200 5150
889 482 1016 571 448

1455 480 1550 551 M.
1590 482 1820 552 ΡΑΒΠ
1856 440 2430 571 ρῠῙΝΤιωΑΝῖ

882 607 1240 713 judicibus
1277 610 1481 709 petit,
1521 624 1651 682 ne¹
1686 610 2187 682 Demostheni²
2225 611 2626 710 permittant
2662 613 2923 712 evagari,

817 731 853 799 4
888 726 1008 798 sed
1032 753 1198 798 eum
1227 726 1453 798 dicere
1481 725 1566 796 de
1598 725 1748 824 ipso
1776 750 2001 797 causoe
2019 742 2196 797 statu
2225 748 2496 825 cogant.
2529 729 2703 819 Quae
2725 728 2927 827 appel-

887 841 1052 913 latio
1082 841 1331 913 dicitur
1354 840 1563 913 ducta
1588 840 1697 912 vel
1731 868 1813 912 ex
1845 867 1962 930 eo,
1994 840 2185 940 quod
2214 841 2309 913 ibi
2349 842 2432 914 sit
2462 843 2723 941 primus
2749 869 2927 915 causae

888 984 1329 1055 congressuS,
1357 956 1464 1028 vel
1494 954 1685 1055 quo-d
1713 956 1785 1027 in
1811 956 1947 1027 hoc
1976 983 2181 1028 causa
2206 957 2559 1029 consistat:
2589 980 2655 1031 et
2675 957 2930 1030 nominis

888 1072 1177 1170 quidem
1203 1071 1350 1143 haec
1374 1072 1603 1169 origo;
1631 1098 1823 1143 nunc
1846 1070 2019 1169 quid
2043 1072 2160 1144 sit:
2190 1075 2457 1147 Statum
2481 1074 2761 1173 quidam
2786 1074 2932 1145 dixe-

889 1207 1053 1258 runt
1074 1191 1376 1285 primam
1405 1212 1769 1258 causarum
1801 1187 2302 1286 conflictionem
2325 1185 2377 1275 ³,
2411 1215 2587 1287 quos
2626 1211 2790 1261 recte
2811 1215 2932 1261 sen·

820 1316 852 1369 5
887 1302 1048 1375 sisse
1068 1358 1087 1390 ,
1117 1328 1368 1401 parum
1394 1300 1700 1373 elocutos
1724 1322 1918 1400 puto.
1945 1304 2104 1374 Non
2130 1302 2319 1375 enim
2352 1300 2497 1375 est4
2520 1324 2728 1375 status
2754 1303 2936 1402 prima

888 1415 1270 1506 conflictio,
1299 1418 1577 1504 Fecisti,
1611 1414 1943 1513 nonfeci5
1968 1416 2088 1488 sed
2111 1416 2303 1517 quod
2336 1444 2417 1490 ex
2445 1417 2675 1516 prima
2695 1417 2934 1489 conflic-

887 1531 1074 1604 tione
1099 1530 1424 1621 nascitur3
1451 1530 1523 1602 id
1552 1552 1683 1619 est,
1714 1558 1935 1630 genus
1964 1531 2393 1631 quaestionis,
2418 1535 2693 1622 Fecisti,
2719 1532 2936 1629 nonfe-

887 1651 983 1734 ci,
1017 1673 1110 1718 an
1126 1645 1434 1745 fecerit?
1470 1648 1625 1717 Hoc
1637 1646 1877 1744 fecisti
1889 1703 1911 1734 ,
1952 1672 2093 1719 non
2123 1644 2458 1745 hocfeci,
2496 1649 2669 1747 quid
2681 1645 2938 1744 fecerit?

887 1764 1078 1854 Quia
1096 1791 1177 1836 ex
1196 1762 1302 1835 h'is
1318 1784 1601 1862 apparet
1617 1819 1637 1851 ,
1658 1762 1835 1834 illud
1854 1763 2252 1865 conjectura
2268 1820 2288 1854 ,
2310 1765 2442 1836 hoc
2467 1764 2775 1837 finitione
2797 1789 2939 1863 quae-

886 1878 1224 1967 rendum3
1249 1899 1455 1977 atque
1481 1878 1553 1949 in
1585 1904 1670 1949 eo
1703 1904 1859 1977 pars
1888 1899 2179 1978 utraque
2212 1878 2498 1952 insistit⁵
2519 1908 2540 1950 .·
2567 1878 2738 1952 erit⁶
2765 1903 2944 1979 quaes-

820 2010 856 2064 6
886 1993 979 2066 tio
1005 1992 1511 2094 conjecturalis,
1537 1992 1645 2063 vel
1656 1994 1954 2094 finitivi,
1982 2015 2214 2066 status.
2241 1993 2439 2084 Quid
2463 1994 2519 2065 'si
2546 1994 2776 2065 enim⁷
2802 1993 2943 2064 dicat

961 2163 1006 2199 1.
1046 2146 1189 2198 Petit
1222 2165 1302 2197 ne.
1342 2145 1501 2197 Goth.
1542 2148 1670 2196 mire
1704 2155 1764 2196 ut
1790 2163 1891 2217 pro

886 2247 966 2280 ne.
996 2226 1247 2298 Suspicor
1274 2244 1304 2277 a
1332 2225 1660 2295 Quintiliano
1692 2245 1807 2277 esse
1837 2236 1897 2277 ut

885 2327 966 2359 ne.
994 2309 1148 2359 Nunc
1173 2324 1310 2357 unus
1330 2307 1511 2357 Nostri
1534 2305 1793 2357 succurrit
1816 2303 1892 2356 lo-

887 2406 1009 2453 cus,
1026 2387 1125 2451 Vl,
1150 2387 1210 2452 3,
1235 2385 1333 2451 64:
1367 2405 1389 2429 ι
1409 2394 1471 2434 ut
1493 2401 1612 2434 ne...
1635 2401 1890 2454 ponam...

893 2489 915 2513 ι
937 2467 1078 2518 facit.
1101 2490 1124 2513 a
1149 2464 1250 2517 Sed
1272 2464 1389 2516 vide
1414 2465 1683 2515 Sanctium
1704 2466 1858 2515 Periz.
1874 2501 1891 2529 ‚

889 2566 942 2619 p.
972 2560 1093 2617 7o7‚
1118 2555 1169 2596 et
1193 2541 1457 2596 Drakenh.
1485 2541 1550 2594 ad
1574 2544 1684 2594 Liv,
1706 2544 1782 2607 X,
1807 2558 1892 2613 27,

890 2644 939 2678 2.
985 2622 1250 2677 Facillime
1291 2617 1639 2673 intercidebat
1676 2632 1737 2672 ut
1769 2636 1895 2693 post

957 2704 1032 2755 81⁸8.

885 2723 1012 2834 pen.
1041 2778 1387 2834 Demostheni.
1419 2778 1503 2831 sic
1525 2791 1576 2830 et
1598 2777 1772 2831 Guelf.
1799 2777 1895 2830 da-

890 2865 1054 2915 tivum
1067 2900 1083 2928 ,
1100 2879 1262 2931 quum
1283 2856 1401 2909 edd.
1426 2870 1547 2908 ante
1560 2856 1689 2910 Obr.
1709 2875 1893 2909 omnes

890 2940 1017 2993 dent
1040 2939 1423 3001 accusativum,
1445 2949 1636 3007 praeter
1657 2954 1895 2987 meorum

891 3038 1057 3071 unum
1090 3016 1399 3090 Gryphium.
1435 3017 1514 3067 Ne
1547 3014 1647 3067 illoe
1682 3014 1894 3085 quidem

891 3098 1045 3152 male.
1080 3127 1152 3138 --
1181 3098 1242 3147 R.
1288 3113 1342 3163 1,
1374 3094 1787 3146 Demosthenem.
1827 3096 1896 3145 At

894 3179 980 3231 alii
1003 3193 1055 3230 et
1076 3177 1235 3229 Ciu».
1250 3214 1266 3242 ‚
1289 3171 1639 3225 Demostheni.
1660 3173 1750 3222 En.

965 3260 1015 3312 3.
1042 3262 1324 3311 Causarum
1346 3253 1745 3329 conflictionem.
1760 3253 1894 3306 Vide

892 3339 1000 3391 Cic.
1027 3336 1093 3389 de
1121 3338 1226 3387 lnv.
1259 3335 1310 3401 1,
1343 3334 1430 3408 {3³
1460 3334 1514 3383 it.
1547 3334 1746 3382 Partitt.
1776 3334 1893 3386 Orr.

894 3436 940 3469 c.
974 3434 1067 3486 29,
1098 3417 1163 3468 3ο
1180 3454 1196 3482 ,
1227 3428 1545 3485 quamquam
1567 3409 1643 3461 ibi
1670 3410 1801 3462 nihil
1828 3409 1897 3462 de

889 3497 1062 3570 prima
1100 3494 1450 3547 conflictione.
1498 3520 1560 3530 --
1600 3491 1902 3564 conflicti&

893 3594 1029 3627 nem.
1079 3572 1392 3645 Metaphora
1437 3572 1601 3641 petita
1646 3588 1676 3620 a
1721 3572 1893 3641 primo

893 3671 1181 3724 congressu
1209 3651 1449 3702 militum.
1478 3651 1570 3700 En.

965 3735 1016 3802 4.
1066 3735 1188 3786 Non
1233 3731 1371 3782 enim
1418 3741 1502 3781 est.
1553 3731 1669 3782 Hoc
1710 3729 1894 3781 ordine

892 3814 1066 3869 Guelf.
1115 3827 1167 3865 et
1216 3810 1375 3863 Goth.
1429 3827 1551 3861 cum
1600 3808 1721 3860 edd.
1773 3821 1896 3861 ante

892 3892 1092 3967 Gryph.
1125 3889 1388 3943 omnibus.
1422 3890 1760 3941 Recentiores
1790 3906 1895 3939 non

892 3984 964 4026 est
983 3973 1142 4023 enim.

969 4050 1016 4102 5.
1037 4050 1245 4102 Insistit.
1265 4047 1396 4100 Cod.
1420 4046 1554 4099 Alm.
1578 4064 1702 4098 cum
1718 4047 1893 4099 Turic.

896 4130 1146 4182 institerit.
1177 4129 1343 4194 Male,
1373 4141 1490 4179 orto
1520 4135 1701 4179 errore'
1724 4145 1784 4177 ex
1815 4144 1898 4178 se-

897 4212 1112 4281 quenti:
1147 4209 1255 4261 erit.
1287 4238 1357 4251 --
1383 4210 1489 4259 RB.
1532 4223 1577 4273 1,
1611 4225 1667 4270 2,
1698 4207 1894 4259 insistit.

1980 2147 2141 2198 mm.
2176 2145 2432 2198 insisterit.
2469 2146 2538 2196 At
2568 2147 2637 2197 R.
2674 2145 2730 2213 5,
2761 2143 2945 2197 consistit

1980 2225 2162 2276 forsan
2185 2243 2214 2276 e
2237 2224 2431 2295 glossa.
2458 2227 2549 2276 En.

2051 2303 2103 2354 6.
2125 2304 2318 2374 Quia...
2335 2303 2445 2354 erit.
2467 2304 2549 2355 Ab
2563 2306 2666 2356 erit
2679 2302 2835 2355 ordire
2846 2320 2943 2373 apo-

1984 2382 2156 2435 dosin.

2054 2481 2102 2533 7.
2157 2462 2296 2533 Quid
2339 2463 2382 2516 si
2425 2463 2583 2515 enim.
2640 2467 2753 2516 Hoc
2798 2461 2943 2513 ordine

1981 2541 2149 2596 Codd.
2168 2582 2185 2608 ‚
2208 2556 2371 2616 puto,
2396 2562 2600 2597 omneS.
2632 2544 2732 2598 Sed
2758 2541 2861 2595 edd.
2886 2553 2944 2592 sat

1982 2622 2157 2674 multae
2177 2641 2391 2675 suasore
2408 2625 2575 2694 Regio
2599 2626 2735 2676 enim
2755 2636 2944 2674 antever-

1984 2713 2101 2753 tunt
2115 2702 2187 2768 τῇ
2196 2702 2254 2752 si.
2272 2702 2546 2753 Accedunt
2561 2705 2847 2754 Burmanno
2861 2719 2949 2749 me-

1983 2783 2198 2831 moratis
2216 2782 2367 2832 Tarv.
2395 2782 2551 2832 Rusc.
2581 2781 2704 2835 Ald.
2730 2783 2833 2832 Hoc
2852 2797 2948 2830 con-

1946 2863 1951 2868 “
1984 2862 2166 2912 stituto
2215 2859 2399 2911 ordine
2445 2860 2717 2930 eleganter
2751 2864 2819 2914 ita
2852 2859 2950 2910 diri-

1984 2940 2145 2990 mitur
2162 2955 2192 2989 a
2211 2939 2528 2991 Cervicorno
2550 2940 2771 3011 aliisque
2788 2939 2950 2990 oratio:

1991 3039 2013 3063 ι
2032 3015 2176 3085 Quid
2192 3020 2478 3069 enim?si...
2497 3019 2791 3078 conflictio;
2806 3029 2944 3069 effet-

1986 3107 2085 3147 etc.
2145 3094 2248 3146 Sed
2297 3109 2533 3148 nostram
2586 3098 2950 3150 collocationem

1983 3187 2171 3246 praeter
2206 3173 2376 3226 Codd.
2416 3189 2467 3227 et
2505 3176 2629 3230 edd.
2676 3178 2949 3229 recentiores

1985 3253 2220 3307 defendit
2246 3255 2390 3306 Jens.
2420 3273 2667 3326 quoque3
2693 3260 2745 3309 in
2769 3273 2861 3327 qua
2880 3251 2955 3303 ali·

1985 3347 2092 3399 ter‚
2131 3352 2192 3385 ac
2227 3335 2358 3401 feci,
2394 3353 2556 3407 posse
2595 3337 2769 3389 dirimi
2794 3334 2952 3394 verba,

1987 3413 2233 3484 equidem
2256 3431 2365 3465 non
2392 3429 2543 3486 puto.
2570 3417 2830 3469 Gesnerus
2851 3414 2953 3465 Bur-

1985 3496 2163 3547 manni
2201 3508 2252 3547 et
2284 3496 2511 3567 Capper.
2549 3500 2835 3561 rationem,
2865 3511 2952 3564 qua·

1985 3588 2064 3626 est
2100 3593 2250 3641 mea,
2289 3574 2551 3642 deseruit,
2590 3578 2751 3629 colon
2786 3589 2953 3648 ponens

1982 3667 2108 3725 post
2130 3653 2286 3731 confl.
2318 3656 2509 3706 Fateor
2538 3656 2744 3708 offendi
2771 3674 2848 3706 me
2872 3653 2956 3704 istis

1983 3733 2121 3783 enim
2139 3770 2154 3796 ‚
2189 3734 2315 3784 mire
2338 3735 2615 3803 geminatis
2640 3738 2696 3786 in
2719 3735 2834 3786 loco
2854 3748 2955 3782 nos·

1984 3826 2085 3863 tro.
2125 3813 2337 3883 Legitur
2374 3827 2561 3884 quater
2595 3815 2737 3867 intra
2772 3832 2872 3865 non
2906 3812 2957 3860 ita

1984 3891 2149 3942 multa
2180 3891 2354 3944 verba.
2393 3893 2491 3943 Hic
2519 3892 2661 3944 enim
2693 3903 2883 3963 spectat
2906 3885 2956 3937 ,d

1985 3969 2039 4022 id
2050 4009 2067 4035 ‚
2087 3970 2233 4041 quod
2246 3971 2407 4023 modo
2422 3971 2653 4042 negabat
2668 3985 2854 4024 statum
2867 3983 2956 4019 esse

1986 4051 2207 4120 primam
2232 4051 2643 4103 conflictionem.
2665 4081 2741 4090 —
2756 4051 2813 4101 R.
2844 4065 2859 4098 ι
2888 4047 2956 4097 ha-

1985 4127 2104 4194 bet,
2127 4129 2255 4201 quid
2277 4131 2415 4181 enim
2442 4131 2499 4183 si.
2526 4130 2628 4181 Alii
2652 4149 2779 4182 vero
2801 4124 2911 4199 quid
2928 4121 2963 4170 εἶ

1988 4207 2143 4259 enim.
2172 4210 2260 4260 En.
2294 4237 2363 4248 --
2395 4209 2532 4281 Quid
2552 4209 2594 4261 si
2618 4209 2779 4261 enim.
2806 4203 2877 4259 Ad
2898 4205 2962 4272 ip·
