3200 5150
839 541 874 583 2
1302 509 1650 579 GEORG.
1700 508 1917 573 LUD.
1965 505 2437 573 SPALDING

832 654 1059 707 contm
1079 635 1458 704 omittendae
1482 654 1645 724 quas
1672 632 1896 697 attuli!
1926 632 2016 697 Ut
2037 632 2440 720 copiosiores
2467 631 2744 697 fortasse
2764 646 2910 696 tum

834 746 990 813 facti
1041 759 1258 811 essent
1301 738 1757 807 commentarii
1801 737 1935 803 mei
1977 738 2047 802 in
2093 760 2170 802 re
2207 737 2477 818 Critica,
2523 737 2615 802 ita
2653 737 2723 801 in
2768 753 2911 801 toto

835 873 1037 941 opere
1066 873 1201 916 non
1218 846 1462 915 dubito
1495 846 1658 936 quin
1688 843 1886 933 longe
1917 842 2403 910 contractiores.
2438 840 2575 909 Sed
2599 866 2723 931 ego
2751 843 2911 908 tiro-

834 979 953 1023 nes
989 957 1242 1045 potius,
1282 952 1523 1044 quibus
1551 950 1942 1030 scriberem,
1972 947 2150 1039 apud
2177 951 2471 1014 animum
2504 971 2729 1014 meum
2756 971 2912 1037 pro-

833 1062 1057 1150 posui;
1083 1057 1408 1151 ejusmodi
1426 1074 1676 1136 tamen,
1703 1056 1818 1145 qui
1845 1077 1983 1121 non
2007 1071 2226 1120 essent
2249 1052 2700 1120 indoctissimi.
2724 1054 2910 1142 Opus

831 1163 1501 1255 tantae'amplitudinis
1518 1213 1534 1243 ‚
1562 1177 1825 1252 quantas
1853 1178 2007 1226 sunt
2028 1159 2356 1227 rhetorioe
2372 1160 2791 1246 Quintiliani,
2815 1160 2912 1224 in·

831 1288 1091 1360 tegrum
1118 1269 1523 1337 scholasticis
1542 1266 1940 1334 lectionibus
1961 1267 2222 1335 tractari
2250 1288 2446 1357 posse
2462 1317 2480 1348 ,
2510 1288 2741 1348 nemo,
2768 1267 2908 1354 opi-

830 1400 973 1456 nor,
1000 1375 1124 1442 sibi
1147 1372 1588 1465 persuadebit.
1614 1375 2036 1463 Quapropter
2059 1373 2129 1438 in
2157 1373 2469 1440 conclave
2496 1371 2772 1438 studiosi
2795 1394 2907 1437 cu·

822 1480 1088 1573 jusdam
1110 1482 1331 1547 animo
1357 1503 1466 1546 me
1495 1479 1779 1560 contuli,
1809 1478 1920 1545 cui
1944 1478 2191 1568 legenti
2216 1495 2498 1544 astarem
2526 1495 2593 1544 et
2621 1501 2729 1557 ea,
2760 1499 2908 1567 quae

828 1589 899 1652 in
930 1584 1125 1653 variis
1159 1585 1345 1651 libris
1378 1583 1464 1651 ad
1499 1581 2005 1674 intelligendum
2044 1585 2433 1674 scriptorem
2473 1600 2693 1651 essent
2730 1606 2916 1674 quae·

829 1693 1031 1759 reuda
1049 1743 1068 1774 ‚
1102 1693 1560 1758 ministrarem.
1595 1693 1836 1756 Fateor
1863 1713 2169 1780 magnam
2203 1713 2400 1780 posse
2436 1690 2700 1779 concipi
2736 1689 2912 1780 ejus·

826 1797 1013 1865 modi
1054 1797 1501 1864 studiosorum
1536 1798 1923 1863 varietatem
1958 1814 2026 1862 et
2068 1795 2375 1864 disertius
2411 1794 2657 1869 debere
2694 1794 2911 1876 finiri,

830 1905 1070 1997 quibus
1098 1905 1515 1994 potissimum
1544 1903 1806 1970 labores
1839 1896 2025 1970 meos
2061 1904 2486 1993 susceperim.
2520 1902 2688 1968 Sunt
2713 1900 2917 1990 igitur

830 2013 877 2076 ii
898 2028 963 2076 et
971 2012 1252 2101 juvenes
1272 2010 1510 2075 litteris
1533 2006 1772 2090 dediti,
1798 2011 1913 2100 qui
1935 2010 2212 2101 quidem·
2226 2011 2296 2075 in
2316 2009 2628 2077 Romanis
2646 2024 2713 2073 et
2730 2007 2913 2072 Grae-

828 2115 1386 2205 cisscriptorihus
1423 2113 1833 2204 aliquantum
1861 2115 2000 2206 jam
2035 2115 2473 2205 profecerint,
2512 2129 2581 2180 et
2613 2113 2738 2177 viri
2774 2135 2912 2178 non

827 2222 1098 2312 proprie
1130 2222 1199 2286 in
1231 2221 1619 2311 antiquitate
1656 2218 2040 2309 explicanda
2072 2220 2407 2308 occupati,
2438 2219 2555 2310 qui
2582 2242 2791 2310 quum
2815 2218 2917 2284 le·

831 2325 1123 2417 gendum
1152 2342 1422 2391 sumunt
1453 2346 1722 2415 gravem
1754 2322 2113 2415 quemdam
2144 2341 2211 2389 et
2239 2324 2605 2414 elegantem
2637 2325 2913 2414 scripto·

830 2455 972 2497 rem
999 2448 1292 2509 veterem
1309 2481 1327 2511 ‚
1363 2426 1600 2511 multa,
1632 2428 1717 2499 ad
1740 2451 1971 2495 sensus
1996 2429 2137 2521 ejus
2165 2428 2664 2519 cognoscendos
2687 2452 2913 2496 neces-

831 2537 1033 2617 saria,
1070 2537 1137 2600 in
1174 2537 1329 2601 artis
1365 2536 1752 2602 tractatione
1790 2536 2186 2626 praesertim,
2225 2558 2264 2602 a
2300 2537 2746 2606 recentiorum
2786 2558 2916 2603 usu

832 2660 1112 2725 remota,
1142 2643 1351 2733 qualis
1382 2659 1479 2708 est
1505 2639 1850 2710 rhetorum
1877 2644 2330 2734 antiquorum,
2357 2643 2576 2710 minus
2606 2661 2914 2736 prompta

834 2767 900 2815 et
932 2750 1000 2814 in
1032 2765 1378 2825 numerato
1406 2729 1694 2815 hab'eant
1725 2771 1993 2815 necesse
2022 2765 2153 2831 est,
2185 2750 2340 2839 quia
2367 2766 2482 2816 aut
2508 2766 2661 2816 sunt
2688 2749 2928 2831 obliti,

832 2873 947 2921 aut
986 2877 1330 2945 nunquam
1366 2873 1489 2944 pro
1525 2853 1900 2924 studiorum
1934 2877 2210 2922 suorum
2241 2856 2495 2922 ratione
2533 2856 2912 2945 attigerunt.

834 2961 932 3025 Ita
972 2960 1326 3026 constituta
1363 2977 1429 3024 et
1465 2958 1795 3050 descripta
1833 2960 2192 3041 lectorum,
2228 2983 2396 3051 quos
2438 2962 2919 3050 circumspexe-

835 3066 993 3148 rim,
1041 3065 1279 3147 classe,
1323 3089 1460 3131 non
1503 3064 1816 3158 equidem
1852 3089 2089 3136 vereor
2126 3089 2212 3134 ne
2249 3067 2524 3135 consilio
2565 3067 2749 3135 nullo
2789 3092 2918 3137 uec

834 3173 1088 3238 ratione
1124 3174 1461 3263 scripsisse
1489 3172 1773 3264 judicer.
1809 3171 2007 3257 Quod
2038 3174 2218 3241 enim
2250 3173 2496 3240 morosi
2532 3172 2806 3264 quidam
2844 3176 2916 3239 in

835 3278 1107 3365 singulis
1149 3278 1826 3346 animadversionibus
1865 3281 2300 3369 interpretum
2335 3277 2623 3359 haerent,
2656 3281 2765 3345 cui
2798 3303 2918 3370 po-

836 3383 1162 3448 tissimum
1198 3385 1429 3451 lectori
1472 3409 1700 3458 earum
1729 3408 2015 3476 quaeque
2057 3383 2369 3452 destinari
2403 3386 2726 3475 potuerit,
2772 3409 2918 3452 eam

838 3488 1234 3566 calumniam
1275 3490 1479 3580 magis
1523 3514 1722 3582 quam
1765 3489 2172 3580 diligentiam
2202 3490 2548 3581 judicandi
2594 3493 2914 3559 existimo.

840 3593 1073 3684 Neque
1097 3617 1363 3676 recuso,
1394 3598 1448 3662 si
1478 3620 1738 3665 summo
1757 3597 1911 3690 jure
1933 3616 2163 3689 agatur
2188 3620 2450 3665 mecum
2465 3651 2483 3681 ‚
2512 3599 2812 3689 pluscula
2837 3624 2919 3666 ex

841 3703 952 3784 iis,
985 3726 1135 3793 quae
1166 3706 1431 3787 monui,
1458 3707 1671 3782 aliena
1701 3731 1738 3773 a
1771 3709 2111 3797 proposito
2141 3731 2298 3772 meo
2323 3731 2712 3798 agnoscere,
2753 3708 2918 3775 dum

840 3830 1096 3873 summa
1124 3828 1382 3876 constet
1412 3812 1707 3882 consilio.
1743 3812 1916 3879 Illud
1947 3814 2178 3881 saltem
2204 3837 2241 3880 a
2269 3837 2376 3882 me
2401 3837 2746 3905 perperam
2767 3838 2918 3882 esse

842 3915 1089 3980 factum
1122 3938 1541 4010 nequaquam
1573 3917 1809 4001 credo,
1840 3913 2023 4011 quod
2055 3921 2309 4000 Criticae
2342 3944 2614 4012 quoque
2643 3923 2915 3990 rationis

842 4018 1238 4114 plerumque
1261 4046 1517 4094 memor
1538 4027 1656 4091 fui.
1677 4027 2094 4119 Quicumque
2120 4046 2413 4116 veterem
2434 4027 2678 4094 librum
2695 4028 2916 4117 legen·

844 4120 1007 4199 dum
1041 4129 1266 4214 sumit,
1307 4129 1436 4202 hoc
1470 4130 1666 4232 apud·
1686 4133 1980 4202 animum
2017 4157 2213 4204 suum
2254 4135 2608 4214 constituat
2644 4156 2917 4203 necesse
