3200 5150
959 483 1087 548 538
1376 561 1389 580 ι
1526 481 1620 543 Μ.
1660 479 1888 544 FABn
1924 479 2483 562 QUINTILIANI

952 605 1202 680 Caesari
1228 617 1543 704 possent¹
1569 631 1585 677 ε
1609 605 1845 679 Simne
1871 603 2081 678 bonus
2111 609 2239 693 vir,
2266 609 2322 678 si
2350 602 2496 678 hoee
2520 605 2838 677 suadeam?
2854 607 2945 675 ffl-

952 727 1182 808 nime,·
1224 726 1513 793 suasoris
1552 724 1736 792 enim
1755 719 1930 820 finis
1971 734 2064 792 est
2108 719 2362 792 utilitas
2401 721 2572 819 q'uS,
2609 724 2713 790 cui
2747 723 2946 820 quisque

950 836 1223 909 suadet:
1255 851 1329 908 at
1355 850 1537 906 recta
1558 850 1748 919 sunt;
1776 839 1928 935 quis
1951 834 2195 933 neqat?
2219 835 2334 906 sed
2354 859 2494 906 non
2516 848 2608 907 est
2625 857 2846 931 semper
2859 858 2949 903 rec-

952 956 1031 1022 tis
1067 955 1137 1021 in
1169 951 1511 1022 suadendo
1548 949 1768 1035 locus,·
1810 948 1933 1021 sed
1981 948 2147 1047 quia
2185 967 2286 1020 est
2320 946 2522 1020 altior
2555 946 2843 1046 questio,
2867 971 2950 1017 nec

949 1085 1228 1136 tantum
1268 1063 1358 1135 ad
1397 1063 1738 1136 suasorias
1780 1061 2118 1162 pertinet,
2163 1061 2541 1134 destinatus
2578 1082 2674 1133 est
2712 1058 2853 1131 mihi
2880 1059 2951 1130 hic

841 1192 912 1259 43
952 1178 1145 1251 locus
1180 1178 1601 1251 duodecimo
1619 1192 1672 1270 ²,
1705 1179 1828 1278 qui
1861 1203 2188 1250 summus
2213 1179 2490 1251 futurus
2519 1199 2652 1266 est,
2678 1176 2846 1247 libro.
2863 1176 2954 1247 Nec

952 1321 1080 1393 ego
1107 1294 1495 1394 quidquam
1513 1292 1543 1339 ³
1570 1294 1720 1367 fieri
1743 1293 2033 1392 turpiter
2053 1292 2266 1365 velim
2290 1324 2308 1383 ;
2338 1318 2586 1366 verum
2608 1289 2846 1365 interim
2862 1288 2954 1359 hec

951 1410 1058 1481 vel
1103 1408 1194 1481 ad
1241 1409 1641 1482 scholarum
1691 1408 2206 1482 exercitationes
2256 1408 2599 1509 pertinere
2643 1405 2954 1490 credantur3

953 1552 1122 1597 nam
1157 1545 1224 1597 et
1254 1524 1664 1624 iniquorum
1703 1524 1873 1597 ratio
1907 1523 2260 1596 noscenda
2292 1544 2424 1613 est,
2462 1544 2544 1597 ut
2574 1522 2804 1596 melius
2830 1544 2960 1617 aequa

844 1651 913 1718 44
954 1661 1299 1712 tueamur.
1334 1639 1625 1712 Interim
1654 1639 1711 1713 si
1736 1640 1891 1739 quis
1920 1638 2110 1711 bono
2136 1639 2507 1712 inhonesta
2536 1635 2849 1724 suadebit,
2867 1659 2958 1704 me·

1035 1827 1078 1861 ι.
1098 1808 1376 1862 suaderi...
1393 1820 1616 1881 possent.
1633 1811 1809 1862 Turic.
1827 1808 1963 1863 Alm.
2065 1831 2087 1855 ιι
2103 1827 2272 1880 pos...
2303 1827 2436 1881 poss.
2459 1833 2484 1856 ιο
2515 1806 2672 1861 scribi
2697 1803 2874 1858 deberet
2891 1818 2962 1872 pos-

955 1891 1110 1940 Voss.
1130 1889 1283 1952 3,s...
1302 1889 1513 1960 possint.
1537 1888 1715 1940 Guelf.
1735 1898 1965 1959 possunt.
2056 1887 2176 1940 sint.
2218 1889 2406 1958 Neque
2453 1889 2599 1938 enim
2643 1898 2759 1937 tuuc
2796 1881 2961 1934 historice

955 1965 1089 2018 Edd.
1114 1966 1328 2037 quidem
1348 1986 1532 2020 omnes
1551 1986 1680 2020 meae
1699 1968 1971 2039 imperfec-
2055 1968 2428 2039 praeteritaque
2475 1978 2713 2037 tempore
2749 1956 2962 2031 aecipiendi

956 2060 1070 2098 tum
1090 2085 1107 2110 ,
1142 2065 1307 2118 quas,
1339 2048 1423 2101 vel
1464 2062 1651 2100 contra
1686 2047 1968 2119 praeclaros
2059 2058 2234 2098 essent
2260 2044 2528 2117 proposita
2545 2066 2564 2106 ‚-
2592 2059 2760 2096 verum
2791 2039 2871 2091 hoc
2895 2052 2964 2087 no-

955 2123 1158 2191 codd,
1184 2129 1335 2197 sequi
1356 2126 1550 2179 debere
1580 2125 1709 2179 mihi
1731 2124 1965 2178 videbar.
2057 2124 2166 2177 do:
2211 2146 2234 2171 ι
2255 2126 2432 2192 Quum
2474 2137 2663 2195 parata
2699 2120 2812 2174 mihi
2842 2120 2914 2171 sint
2935 2127 2965 2167 H

958 2203 1122 2272 Quod
1153 2207 1296 2256 enim
1323 2208 1460 2278 typis
1489 2207 1617 2276 ipsis
1648 2205 1964 2274 significavi:
2064 2227 2087 2251 α
2105 2208 2381 2278 proposita
2406 2203 2605 2269 multa,
2629 2220 2803 2273 quan...
2824 2195 2964 2250 sunda!
3039 2227 3040 2248 ι

956 2281 1116 2335 verba
1148 2281 1260 2333 haec
1293 2301 1561 2356 propos....
1595 2294 1804 2356 possent
1833 2301 1971 2335 non·
2065 2283 2293 2356 «possim
2313 2304 2374 2345 ·,·
2396 2281 2452 2334 h.
2479 2302 2529 2334 e.
2551 2304 2564 2332 :
2596 2303 2620 2327 ι
2638 2274 2965 2349 Quumhabem
3039 2259 3040 2286 ¹

958 2363 1087 2415 dum
1116 2375 1240 2414 sunt
1265 2364 1563 2430 Ciceronis,
1590 2382 1772 2416 verum
1802 2359 1970 2435 ipsius
2065 2384 2088 2408 c·
2108 2363 2301 2429 multa,
2321 2380 2435 2433 quae
2460 2359 2728 2413 suadeam.
2748 2382 2770 2406 ιι
2791 2358 2965 2410 Gustum
3039 2365 3040 2368 ’

959 2443 1296 2513 Quintiliani3
1315 2462 1474 2514 quam
1488 2445 1748 2497 rationem
1764 2444 1863 2496 soli
1882 2444 1974 2496 ad·
2061 2445 2267 2513 egregie
2309 2443 2540 2493 correxit
2577 2439 2871 2512 superiorum
2894 2429 2962 2489 εΗ-

958 2524 1066 2577 huc
1082 2538 1366 2575 tenuerunt
1380 2528 1538 2577 Rusc.
1556 2523 1747 2577 Badius
1763 2527 1816 2577 in
1832 2527 1972 2598 prio·
2058 2521 2479 2585 distinctionem3
2504 2519 2621 2573 haec
2645 2534 2827 2583 tamen,
2843 2514 2892 2566 de
2905 2511 2968 2584 qd·

959 2623 1016 2656 re
1042 2603 1122 2655 ed.
1137 2642 1154 2668 ,
1179 2602 1448 2670 Rollinus,
1472 2605 1935 2676 Capperonnerius
1952 2643 1968 2672 ,
2058 2600 2158 2656 bus
2177 2600 2588 2672 agimus,verba
2605 2599 2968 2668 ciceronijanu·

961 2684 1059 2735 etsi
1105 2684 1388 2752 caeteroqui
1428 2701 1590 2754 prava
1630 2682 1971 2736 distinctione
2060 2685 2304 2754 signans,
2339 2699 2580 2753 quocum
2615 2682 2738 2733 facit
2770 2691 2815 2732 et
2842 2672 2970 2743 Gedoy·

960 2759 1179 2813 turbans
1203 2760 1398 2812 locum.
1420 2760 1620 2813 Eadem
1644 2774 1724 2813 est
1748 2763 1805 2814 in
1829 2762 1971 2832 frag·
2059 2780 2178 2814 nus.
2198 2763 2319 2814 Mea
2341 2762 2475 2813 ratio
2499 2773 2620 2813 tota
2646 2772 2722 2812 est
2743 2755 2861 2830 apud
2873 2750 2968 2806 unffi
3039 2826 3040 2829 Ἴ

959 2841 1149 2892 mentis
1176 2857 1390 2910 quoque
1414 2841 1788 2892 Ciceronianis.
1819 2843 1884 2893 Et
1907 2859 1969 2893 ea
2058 2859 2188 2895 num
2207 2840 2407 2894 editum
2421 2839 2489 2891 ab
2503 2838 2747 2903 Harlete,
2761 2839 2864 2889 item
2875 2833 2968 2884 nuse-

963 2920 1076 2974 sola
1090 2938 1211 2972 vera
1232 2936 1327 2972 est.
1350 2921 1479 2972 Hoee
1497 2924 1665 2989 enim,
1682 2921 1827 2994 quod
1846 2941 1972 2975 mox
2060 2935 2112 2974 et
2145 2920 2365 2973 Badium
2379 2959 2396 2987 .,
2434 2933 2493 2971 ut
2531 2920 2745 2979 monui;
2777 2918 2860 2968 nisi
2883 2906 2969 2982 qud

962 3016 1042 3053 est
1070 3003 1125 3051 in
1148 2999 1319 3052 verbis
1346 3001 1648 3069 Ciceronis,
1677 3005 1721 3053 si
1747 3002 1972 3055 refertur
2057 3000 2163 3053 illic
2201 2999 2346 3052 nulla
2380 3012 2462 3052 est
2491 3010 2744 3071 typorum
2773 2991 2968 3046 diversim
3039 3004 3040 3045 j

963 3079 1033 3132 ad
1066 3098 1127 3131 ea
1158 3102 1179 3126 ιι
1202 3098 1315 3150 quae
1347 3079 1570 3138 honeste
1606 3081 1814 3135 suaderi
1842 3101 1971 3155 pos·
2058 3082 2314 3134 Caesarem
2338 3093 2518 3131 autem
2542 3077 2599 3130 h.
2626 3077 2661 3129 Ι.
2688 3094 2793 3129 esse
2811 3071 2972 3131 Ocfl'i'·
3039 3138 3040 3145 ἵ

971 3182 993 3205 α
1014 3172 1139 3212 sunt
1158 3182 1207 3224 ιι,
1238 3160 1410 3210 existit
1443 3163 1703 3214 sententia
1735 3178 1970 3234 praepos·
2058 3178 2186 3212 num
2205 3197 2222 3225 ‚
2253 3160 2339 3211 vix
2375 3160 2570 3211 attinet
2603 3157 2787 3209 dicere.
2820 3155 2880 3206 ne
2906 3151 2970 3218 ciffi

964 3254 1074 3290 tera
1106 3238 1373 3289 Ciceronis
1407 3242 1647 3308 negantis
1680 3258 1737 3293 se
1770 3240 1972 3292 bonum
2059 3240 2218 3309 nimia
2233 3228 2971 3311 apudfflcemnemgnaaetin

963 3319 1131 3369 virum
1154 3317 1299 3383 fore,
1324 3320 1366 3368 si
1388 3316 1644 3387 honesta,
1669 3322 1724 3372 in
1746 3338 1939 3390 genere
1953 3359 1970 3386 ,
2058 3331 2373 3392 personatus
2392 3315 2481 3370 ille
2496 3318 2693 3369 Brutus
2710 3312 2970 3383 conquerit&

965 3396 1186 3448 suaserit
1229 3396 1433 3448 Caesari.
1471 3396 1632 3450 Vides
1678 3397 1786 3451 hoec
1830 3397 1972 3452 istud
2062 3414 2220 3469 quem
2254 3396 2514 3448 habemus
2550 3399 2610 3450 in
2643 3391 2852 3468 epistolis
2875 3382 2970 3439 ho&
3039 3460 3040 3463 Ἴ

964 3473 1297 3526 referendum
1326 3492 1441 3527 esse
1471 3474 1539 3527 ad
1562 3490 1704 3529 certa
1732 3475 1970 3549 quaedarn
2061 3475 2401 3529 exstantibus.
2416 3474 2557 3527 Vide
2579 3488 2760 3528 notam
2781 3469 2837 3523 ad
2854 3470 2973 3529 Il‚²⁰2
3039 3474 3040 3485 ¹

962 3553 1212 3619 consilia,
1245 3554 1300 3605 in
1331 3554 1596 3626 prioribus
1625 3560 1800 3629 posita
1827 3574 1857 3608 a
1886 3556 1973 3609 ci·
2068 3573 2145 3608 ιο.
2162 3554 2352 3607 -ΒΒ.
2376 3572 2421 3621 1,
2444 3572 2470 3606 2
2485 3593 2502 3619 ,
2514 3563 2738 3626 possent.
2757 3548 2838 3603 Ed.
2852 3547 2971 3599 cm..

964 3650 1186 3698 cerone,
1214 3631 1308 3685 sed
1334 3650 1448 3703 quae
1475 3652 1585 3686 non
1609 3635 1842 3689 attulerit
1864 3638 1968 3705 Qu.
2057 3637 2267 3708 possint.
2307 3637 2368 3688 R.
2414 3631 2446 3686 5
2461 3672 2479 3701 .,
2514 3643 2749 3708 possunt.
2787 3625 2972 3699 ingenim¹

964 3716 1014 3766 Is
1042 3714 1098 3764 in
1126 3715 1426 3764 universum
1452 3712 1750 3784 significans
1781 3734 1841 3768 ea
1858 3754 1875 3781 ,
1904 3714 1972 3769 de
2061 3728 2141 3769 est
2161 3713 2293 3769 Lud.
2320 3713 2497 3785 Spald.
2527 3711 2836 3767 emendatio.
2854 3709 2919 3759 Ea
2955 3781 2961 3786 -

965 3811 1063 3845 suo
1084 3805 1286 3855 narrat,
1306 3795 1649 3865 proposuisse
1663 3794 1973 3847 Ciceronem
2135 3813 2184 3850 2.
2202 3793 2581 3846 Duodecimo...
2600 3793 2744 3847 libro.
2761 3788 2975 3861 Cepitepn·

962 3876 1020 3927 in
1035 3871 1394 3944 superioribus
1410 3872 1534 3926 talia
1552 3873 1736 3940 multa,
1757 3897 1780 3921 οι
1797 3894 1970 3946 quae...
2061 3892 2149 3926 mo
2171 3876 2392 3944 integro.
2965 3934 2971 3941 ι

972 3976 994 4000 ιι
1011 3964 1227 4025 possent.
1251 3978 1273 4002 υ
1304 3954 1380 4006 Ita
1410 3968 1630 4028 apparet
1655 3955 1754 4011 soli
1776 3957 1973 4029 imper·
2132 3954 2182 4007 3.
2225 3953 2336 4007 Nec
2374 3969 2465 4023 eqo
2497 3950 2803 4024 quidquam.
2837 3942 2973 3996 Etim

965 4033 1109 4084 fecto
1159 4050 1272 4085 esse
1316 4032 1496 4085 locum
1517 4072 1533 4100 ,
1584 4035 1781 4107 quippe
1829 4034 1974 4106 quod
2060 4034 2236 4106 turpia
2257 4030 2601 4096 suadeantur,
2625 4030 2684 4082 id
2710 4020 2977 4091 fieritmviffl

966 4110 1194 4184 pendeat
1237 4130 1266 4163 a
1308 4112 1545 4183 perfecto
1590 4114 1645 4164 in
1682 4114 1969 4185 propositis.
2060 4131 2170 4165 non
2196 4111 2309 4165 vult
2333 4108 2560 4174 Fabius;
2596 4108 2694 4162 sed
2724 4120 2900 4159 causam
2921 4094 2976 4146 δ’·

968 4189 1162 4241 Contra
1176 4193 1219 4241 si
1232 4192 1499 4244 Ciceronis
1514 4205 1687 4245 essent
1703 4194 1802 4246 ista
1824 4216 1846 4239 ι
1857 4211 1975 4265 pro-
2064 4210 2222 4263 quam
2240 4190 2600 4244 honestiorem
2619 4186 2836 4262 praetexi.
2854 4182 2959 4234 Roth
