3200 5150
759 447 1411 515 lNSTITUTIONIS
1448 448 1706 515 ORAT.
1745 451 1905 516 LIB.
1950 452 2012 530 Ι,
2051 451 2113 517 6.

2369 453 2487 542 167

388 568 573 657 titia,
615 570 909 642 nomina
951 570 1365 664 hominum,
1410 571 1764 662 locorum,
1812 574 2167 671 gentium,
2205 575 2490 648 urbium

390 685 860 785 requiramuS,
880 686 1068 760 unde
1082 686 1283 759 Bruti
1301 702 1349 776 ¹,
1371 687 1777 779 Publicolae,
1799 689 2031 761 Pice?
2047 716 2171 761 cur
2184 690 2492 778 Latium,

387 802 632 889 Italia,
656 801 1164 875 Beneventum³
1179 803 1216 873 ?
1237 829 1392 903 quae
1414 803 1865 903 Capitolium,
1891 803 2141 876 collem
2172 807 2493 901 Quirina-

388 917 561 1005 lem,
585 938 655 990 et
672 917 1065 1017 Arqiletum
1084 916 1485 1018 appellandi
1510 919 1723 991 ratio?
1752 923 1913 991 Jam
1938 919 2057 991 illa
2080 919 2352 992 minora
2369 978 2389 1011 ,
2419 920 2493 994 in
2528 936 2594 988 32

387 1032 645 1132 quibus
675 1034 978 1106 maxime
1018 1035 1305 1108 studiosi
1348 1035 1500 1137 ejus
1534 1036 1631 1108 rei
1667 1036 2080 1134 fatigantur,
2128 1036 2249 1135 qui
2284 1037 2494 1109 verba

386 1146 684 1244 paulum
714 1147 1093 1239 declinata,
1131 1149 1314 1224 varie
1349 1171 1418 1224 et
1452 1149 1928 1249 multipliciter
1962 1150 2050 1222 ad
2086 1150 2494 1223 veritatem4

463 1344 509 1377 1.
557 1326 763 1380 Bruti...
802 1324 1113 1401 Aryiletum.
1154 1332 1277 1382 Non
1316 1343 1396 1381 est

385 1418 632 1457 nostrum
676 1406 869 1458 horum
913 1408 1188 1459 nominum
1233 1408 1395 1478 origi-

387 1507 510 1540 nem
561 1507 822 1541 enan-are.
875 1489 1215 1543 consulenda
1271 1503 1396 1543 sunt

385 1565 586 1632 lexica,
616 1585 731 1638 quae
765 1566 836 1618 ad
867 1569 1039 1620 varios
1072 1567 1396 1638 ablegabunt

387 1659 632 1699 auctores
648 1685 666 1713 ,
699 1661 756 1699 ut
782 1650 1074 1699 Varronem
1088 1686 1106 1713 ,
1133 1646 1360 1701 Gellium
1377 1687 1394 1714 ,

386 1727 603 1779 Festum
617 1763 635 1791 ,
658 1726 922 1791 Servium,
944 1725 1245 1795 Virgilium,
1265 1726 1396 1782 Ovi-

387 1802 567 1867 dium,
593 1805 812 1856 Livium.
837 1807 1089 1856 Varronis
1118 1804 1279 1857 editio
1307 1806 1397 1857 Bi-

385 1883 611 1953 pontina
648 1898 893 1951 magnam
931 1881 1176 1933 studiose
1201 1885 1397 1954 Juvena-

389 1963 492 2015 tuti
513 1961 792 2014 utilitatem
814 1975 1084 2034 praestaret
1099 1999 1116 2026 ,
1144 1963 1188 2013 si
1216 1961 1398 2033 adJec-

390 2054 476 2092 tus
501 2054 638 2092 esset
661 2041 835 2093 index.
856 2044 1012 2093 Nunc
1036 2040 1396 2093 consulendus

385 2117 708 2170 Gothofredi
760 2119 915 2171 index
969 2120 1026 2169 in
1073 2118 1396 2171 Auctoribus

388 2197 603 2266 Linguoe
625 2196 837 2249 Latinoe.
867 2199 928 2248 ln
951 2197 1167 2250 nomine
1188 2194 1396 2269 Aryile-

393 2276 460 2341 ti,
486 2281 584 2330 etsi
601 2277 804 2348 Virgilii
827 2279 1114 2329 auctoritas
1135 2290 1399 2349 repugnat

389 2355 539 2426 (AEn.
563 2358 714 2424 vm,
738 2357 870 2424 345,
894 2357 996 2424 46,
1020 2356 1115 2410 ubi
1135 2357 1255 2409 vide
1279 2358 1399 2410 Sen-

389 2435 595 2506 vium),
631 2436 877 2508 myillam
917 2440 1098 2508 potius
1121 2444 1399 2507 'agnosce-

394 2533 511 2567 mus
528 2532 687 2586 quam
703 2513 864 2567 letum
879 2517 1026 2590 Aryi,
1045 2518 1400 2569 conferemus-

394 2613 498 2664 que
527 2593 850 2647 Athenarum
878 2597 1177 2648 Ceramicos
1211 2609 1264 2647 et
1293 2598 1402 2647 Lu-

393 2675 531 2725 tetioe
552 2676 728 2724 vicum
751 2674 1046 2743 tegularum
1067 2673 1154 2744 (le
1174 2674 1408 2746 quartier

393 2751 481 2802 des
509 2748 783 2816 Tuileries‚
817 2770 923 2823 quo
951 2751 1216 2805 vocabulo
1243 2753 1403 2803 Cera-

395 2831 592 2880 micum
605 2828 825 2880 reddere
840 2829 975 2882 solet
991 2830 1402 2883 Bartholomaeus

394 2906 449 2957 in
470 2906 858 2958 Anacharside:
884 2907 1004 2958 vide
1026 2927 1143 2979 cap.
1179 2927 1236 2961 ια
1253 2908 1293 2979 ).

382 3007 388 3014 ·
469 3003 517 3037 2.
542 2986 672 3038 Pici.
696 2985 871 3038 Guelf.
898 2999 952 3038 et
974 2985 1135 3039 Goth.
1161 2987 1401 3058 (tacente

391 3063 588 3134 Gesn.)
615 3061 815 3135 pithici.
844 3067 1033 3135 Neque
1061 3065 1201 3118 ullus
1232 3065 1403 3118 codex

394 3144 589 3196 diserte
608 3143 828 3194 affertur
845 3161 943 3216 pro
959 3157 1187 3216 recepta.
1203 3146 1234 3196 J
1239 3161 1398 3197 oann.

392 3223 519 3296 (qui
545 3238 722 3276 tamen
749 3223 803 3275 h.
833 3222 868 3275 l.
899 3236 1077 3295 potest
1101 3243 1216 3277 esse
1239 3227 1401 3277 muti-

394 3302 508 3374 lus)
524 3317 576 3355 et
592 3302 731 3354 Alm.
752 3302 987 3369 silentur,
1007 3316 1067 3354 ut
1083 3306 1257 3375 possis
1276 3319 1402 3375 spe-

396 3401 511 3433 rare
536 3399 628 3433 eos
651 3396 876 3453 receptae
900 3384 1199 3450 cognitores
1221 3395 1273 3434 et
1287 3384 1403 3434 vin-

396 3460 556 3513 dices.
579 3463 755 3514 Turio.
782 3463 857 3513 sic
879 3484 890 3512 ι
919 3461 1089 3512 Brutia·
1105 3472 1156 3511 et
1173 3460 1397 3532 Pythici.

397 3539 696 3592 Publicotoe.
720 3540 914 3593 Pithici
932 3540 1060 3593 dant
1078 3558 1260 3592 omnes
1274 3552 1397 3592 vett.

399 3619 518 3671 edd.
546 3633 734 3691 praeter
755 3621 1000 3685 Badium,
1026 3624 1178 3692 cujus
1198 3631 1324 3672 nota
1345 3619 1403 3672 fit

398 3697 702 3768 probabile,
719 3699 895 3769 ipsum
909 3698 977 3751 de
990 3702 1298 3770 conjectura
1317 3698 1405 3750 de·

398 3774 540 3827 disse
573 3777 702 3828 Pici.
742 3779 817 3829 Ea
849 3797 970 3829 vera
1000 3775 1207 3830 videtur
1234 3779 1403 3849 scrip-

400 3868 535 3907 tura.
576 3876 600 3900 a·
621 3854 815 3907 Pitheci
849 3855 991 3908 unde
1022 3856 1267 3909 dicantur
1291 3873 1404 3909 non

407 3956 430 3981 ι
450 3935 664 3986 memini
677 3953 760 3985 me
774 3933 963 4004 legisse
979 3959 1001 3982 υ
1023 3938 1170 3988 aiunt
1185 3934 1405 3989 totidem

400 4012 573 4064 verbis
598 4027 651 4065 et
673 4013 996 4084 Pomponius
1022 4015 1192 4066 Laetus
1221 4028 1274 4067 et
1300 4017 1406 4068 Re·

402 4095 536 4162 gius.
566 4096 754 4164 Neque
783 4111 900 4162 ego·
933 4093 1065 4144 Nam
1097 4092 1165 4145 de
1195 4094 1408 4164 pithecis

402 4172 525 4242 (τοῖς
551 4171 796 4243 πιθήκοις)
829 4171 970 4225 unde
1008 4171 1202 4224 dictam
1233 4186 1408 4227 amat

1447 1305 1453 1311 ι
1483 1329 1706 1385 Ovidius
1743 1330 1971 1382 insulam
2005 1329 2311 1383 Pithecusas
2342 1329 2491 1401 (Me-

1484 1423 1609 1463 tam.
1655 1412 1793 1478 xlv,
1836 1429 1921 1481 9⁰·
1954 1410 2087 1463 Vide
2124 1414 2233 1462 VV.
2274 1412 2385 1463 DD.
2425 1409 2495 1462 ad

1483 1488 1709 1562 Hesych.
1730 1508 1862 1541 voce
1874 1488 2078 1561 Ἄραμος)
2095 1491 2346 1559 cogitare,
2365 1488 2494 1541 alie·

1485 1588 1615 1621 num
1646 1569 1871 1620 fortasse
1903 1569 2079 1620 fuerit.
2108 1599 2181 1609 —
2204 1568 2335 1621 Pici.
2365 1569 2492 1621 Sus-

1485 1650 1695 1720 picatur
1721 1648 2045 1699 Butmannus
2077 1647 2126 1698 ci
2152 1649 2205 1699 in
2235 1650 2496 1720 scriptura

1486 1725 1735 1781 coffinum
1778 1726 1972 1777 Pitheci
2008 1723 2288 1777 adhaesisse
2327 1744 2392 1777 ex
2427 1743 2493 1777 eo

1488 1805 1635 1876 quod
1657 1808 1901 1877 protinus
1923 1806 2145 1857 infertur
2167 1822 2273 1855 our.
2304 1805 2387 1856 Sic
2412 1823 2495 1855 re-

1483 1887 1737 1937 manserit
1758 1884 1919 1936 Pithi.
1946 1883 2049 1937 Sed
2073 1901 2184 1935 non
2208 1901 2460 1955 apparere
2477 1921 2494 1947 ,

1486 1982 1584 2015 cur
1614 1984 1676 2017 ex
1709 1981 1898 2034 magna
1931 1963 2085 2015 turba
2118 1964 2496 2033 cognominum

1486 2045 1893 2114 significantium
1920 2043 2029 2096 hoc
2055 2044 2279 2094 maxime
2306 2040 2495 2111 selige-

1485 2135 1565 2174 ret
1583 2121 1805 2191 Quintil.
1828 2124 1882 2174 in
1908 2139 2016 2193 quo
2038 2139 2214 2191 neque
2239 2138 2301 2171 ex
2324 2121 2498 2171 Histo-

1485 2202 1563 2252 ria
1592 2199 1917 2271 quidquam,
1950 2212 2011 2251 ut
2038 2201 2093 2250 iu
2122 2201 2282 2250 Bruto
2312 2210 2365 2249 et
2390 2199 2497 2249 Pu-

1485 2279 1716 2345 blicola,
1751 2296 1927 2350 neque
1963 2276 2177 2330 aliunde
2209 2275 2496 2329 observan-

1487 2357 1617 2410 dum
1672 2370 1826 2411 esset.
1881 2357 2091 2428 Reponi
2146 2358 2325 2427 itaque
2373 2353 2498 2406 velit

1484 2436 1627 2488 idem
1655 2436 1866 2506 Quinti,
1891 2434 2038 2505 quod
2054 2435 2216 2487 fuerit
2235 2437 2499 2505 signatum

1477 2516 1651 2596 Quiti.
1672 2516 1731 2566 ln
1755 2514 1862 2567 hoc
1886 2516 2025 2566 enim
2048 2515 2264 2567 nominc
2283 2512 2500 2565 docebit

1488 2597 1861 2666 grammaticus
1878 2632 1895 2659 ,
1936 2594 2041 2645 hoc
2082 2606 2136 2644 et
2175 2591 2360 2644 similia
2378 2630 2395 2658 ,
2437 2610 2499 2642 ex

1492 2675 1724 2744 numeris
1765 2674 1985 2742 repetita
2001 2709 2019 2736 ,
2061 2670 2498 2744 simplicissimam

1492 2751 1620 2803 olim
1638 2749 1925 2823 'p‘raebuisse
1945 2747 2322 2801 denominandi
2340 2751 2500 2800 ratio·

1489 2847 1613 2882 nem
1646 2819 1745 2896 iis,
1779 2828 1970 2900 quibus
2006 2829 2186 2900 plures
2224 2841 2400 2880 essent
2436 2826 2500 2879 li-

1489 2910 1603 2962 beri
1616 2947 1637 2973 ,
1652 2923 1840 2980 postea
1853 2909 2085 2978 vulgaria
2105 2909 2244 2960 facta
2263 2909 2497 2960 nomina.

1490 2988 1611 3041 Pici
1629 2989 1833 3058 ipsum,
1855 2987 2001 3057 quod
2021 2986 2235 3058 quidem
2258 3003 2288 3037 a
2313 2985 2499 3039 codice

1487 3067 1698 3119 videtur
1727 3065 1910 3131 nullo,
1944 3067 2102 3118 ctiam
2132 3064 2238 3117 hoc
2270 3064 2499 3129 habere,

1491 3146 1639 3216 quod
1674 3144 1951 3215 displiceat
1965 3182 1982 3211 ,
2021 3145 2143 3213 quia
2184 3145 2397 3194 minime
2433 3145 2500 3194 sit

1491 3237 1941 3289 consentaneum,
1972 3241 2168 3275 nomen
2197 3224 2500 3293 antiquissi-

1490 3307 1564 3357 mi
1590 3303 1769 3355 herois
1801 3302 1917 3354 Itali
1950 3301 2198 3372 subjungi
2228 3302 2496 3354 Romanis.

1489 3386 1697 3448 Statu,
1718 3382 1894 3447 Praef.‚
1914 3401 1967 3453 p.
1994 3399 2076 3452 77.
2098 3383 2247 3434 -R.
2281 3399 2327 3449 1,
2353 3398 2412 3447 a,
2435 3378 2498 3447 5,

1490 3463 1526 3515 6
1549 3475 1602 3514 et
1623 3463 1784 3513 Cam.
1803 3499 1821 3527 ,
1849 3459 2059 3511 Pithici.
2088 3461 2175 3511 En.

1562 3541 1613 3592 3.
1640 3540 2012 3591 Beneventum.
2038 3541 2207 3591 Antea
2227 3536 2498 3589 Maleven-

1493 3631 1605 3672 tum
1630 3615 1982 3690 appellatum3
2009 3615 2102 3669 sed
2125 3631 2408 3688 postquam
2426 3616 2501 3667 ibi

1492 3698 1759 3750 coloniam
1774 3699 2001 3749 Romani
2021 3696 2386 3760 deduxissent,
2404 3713 2500 3764 per

1492 3775 1891 3848 euphonismum
1912 3776 2195 3827 Beneventi
2209 3791 2404 3825 nomen
2418 3789 2500 3823 ce-

1531 3858 1589 3908 it.
1615 3858 1707 3907 En.

1491 3876 1530 3928 P
1565 3934 1617 4001 4.
1641 3933 1726 3984 Ad
1743 3934 2023 3984 veritatem.
2046 3930 2248 3984 Eodem
2267 3928 2501 3981 vocabu-

1495 4012 1549 4065 lo
1571 4012 1734 4077 ἔτυμον
1753 4013 1992 4082 designat
2010 4012 2118 4065 Cic.
2138 4013 2284 4065 Orat.
2299 4048 2315 4076 ,
2335 4028 2380 4061 c.
2403 4010 2472 4076 48
2485 4031 2500 4061 =

1502 4116 1526 4140 ιι
1546 4093 1767 4145 consule
1797 4093 2087 4154 veritatemi,
2117 4088 2500 4161 reprehendct;

1504 4194 1528 4218 ιι
1546 4172 1687 4224 refer
1709 4170 1776 4223 ad
1800 4188 1952 4222 aures
1968 4209 1984 4237 ,
2008 4169 2328 4240 probabunt.
2353 4194 2377 4216 ιι
