3200 5150
813 474 945 541 332
1375 474 1468 537 M.
1507 471 1735 536 FAnn
1772 468 2322 553 Qnm'rlmAm

815 604 1014 682 sicos,
1044 615 1112 667 et
1134 606 1510 694 geometras
1532 594 1761 666 dicam
1776 649 1795 683 ‚
1825 619 1955 665 nec
1978 592 2118 665 vim
2145 594 2435 665 afferam
2465 590 2573 664 his
2597 592 2894 664 nomini·

817 715 950 788 bus
989 712 1314 786 indecora
1350 714 1424 785 in
1462 712 1797 785 Latinum
1829 738 2226 785 sermonem
2257 711 2676 800 mutatione3
2708 710 2895 783 deni-

817 856 993 929 que,
1029 855 1251 928 quum
1285 830 1386 900 M.
1418 826 1696 900 Tullius
1730 827 1937 899 etiam
1972 828 2134 926 ipsis
2168 827 2541 916 librorum,
2573 852 2750 925 quos
2777 826 2895 896 hac

817 943 906 1017 de
927 971 998 1015 re
1019 944 1329 1044 primum
1349 943 1737 1042 scripserat,
1768 941 1979 1013 titulis
2001 955 2052 1033 ¹,
2073 944 2315 1014 Graeco
2339 940 2630 1013 nomine
2659 962 2898 1027 utatur,

821 1059 1127 1155 profecto
1152 1083 1295 1129 non
1318 1078 1419 1129 est
1438 1055 1824 1128 verendum
1841 1110 1861 1143 ‚
1885 1082 1975 1127 ne
1999 1077 2257 1128 temere
2276 1055 2642 1127 videamur
2664 1053 2900 1125 oratori

750 1187 784 1240 5
825 1172 1128 1244 maximo
1150 1172 1234 1244 de
1259 1171 1549 1244 nomine
1570 1170 1730 1243 artis
1753 1197 1893 1243 suae
1912 1168 2296 1242 credidisse.
2321 1171 2538 1269 Igitur
2556 1166 2904 1241 Rhetorice

821 1287 1018 1386 (jam
1036 1287 1228 1358 enirn
1260 1287 1408 1358 sine
1443 1307 1638 1359 metu
1674 1284 2121 1358 cavillationis
2149 1307 2432 1357 utemur
2455 1285 2585 1357 hac
2612 1283 2906 1383 appella-

821 1401 1047 1496 tione)
1066 1401 1161 1473 sic
1177 1456 1196 1488 ,
1216 1420 1295 1472 ut
1316 1401 1586 1499 opinor,
1614 1399 1876 1499 optime
1898 1398 2263 1488 dividetur,
2289 1419 2367 1469 ut
2389 1398 2475 1470 de
2499 1416 2645 1470 arte
2660 1455 2679 1489 ,
2705 1398 2789 1469 de
2806 1424 2909 1468 ar-

828 1517 1042 1619 tifice,
1076 1517 1163 1588 de
1192 1531 1439 1617 opere²
1467 1517 1804 1590 dicamus.
1837 1517 1980 1588 Ars
2008 1517 2169 1605 erit,
2201 1541 2355 1615 quae
2380 1514 2748 1613 disciplina
2775 1539 2909 1611 per·

827 1631 963 1730 cipi
990 1631 1233 1721 debet3
1270 1658 1352 1703 ea
1378 1652 1478 1704 est
1506 1631 1676 1704 bene
1702 1633 1975 1704 dicendi
2003 1637 2325 1704 scientia:
2358 1632 2611 1728 artifex
2639 1651 2772 1717 est,
2800 1628 2907 1727 qui

828 1744 1179 1846 percepit³
1211 1746 1393 1818 hanc
1427 1767 1683 1835 artem,
1715 1746 1787 1818 id
1827 1766 1960 1836 est,
2003 1767 2249 1834 orator,
2286 1745 2484 1847 cujus
2519 1766 2619 1817 est
2645 1754 2911 1816 summa

833 1858 1001 1935 bene
1024 1862 1287 1933 dicere:
1315 1888 1514 1961 opus,
1539 1859 1732 1959 quod
1757 1860 2056 1933 efficitur
2074 1860 2162 1932 ab
2182 1860 2440 1935 artifice
2455 1916 2474 1948 ,
2494 1859 2568 1931 id
2588 1880 2722 1947 est,
2750 1857 2912 1930 bona

831 1983 1076 2049 oratio.
1121 1977 1290 2047 Haec
1333 1976 1570 2048 omnia
1614 2000 1847 2048 rursus
1886 1974 2313 2047 diducuntur
2347 1975 2420 2045 in
2460 1974 2760 2073 species3
2808 1969 2915 2043 sed

833 2091 954 2163 illa
977 2088 1337 2189 sequentia
1364 2117 1489 2162 suo
1517 2091 1714 2163 loco:
1751 2117 1942 2163 nunc
1972 2118 2126 2192 quae
2156 2088 2241 2162 de
2267 2088 2497 2189 prima
2530 2110 2723 2187 parte
2761 2109 2917 2160 trac-

835 2203 1049 2276 tanda
1073 2225 1267 2294 sunt,
1298 2204 1545 2277 ordiar.

773 2343 792 2379 ¹
934 2321 1103 2391 CAP.
1134 2321 1290 2391 XV.
1327 2326 1507 2392 Ante
1543 2321 1819 2411 omnia,
1845 2319 2018 2420 quid
2041 2322 2129 2393 sit
2151 2317 2566 2408 rhetorice4‚
2594 2346 2754 2419 quae
2778 2317 2920 2390 fini-

835 2455 951 2506 tur
967 2433 1255 2531 quidem
1276 2434 1457 2505 varie
1474 2489 1492 2521 ,
1513 2434 1635 2506 sed
1654 2435 2108 2533 quaestionem
2132 2435 2338 2508 habet
2357 2431 2759 2534 duplicem⁵
2777 2463 2795 2523 ;
2817 2451 2923 2503 aut

839 2549 1033 2623 enim
1060 2550 1141 2621 de
1169 2548 1497 2650 qualitate
1523 2555 1728 2651 ipsius
1751 2557 1879 2641 rei,
1907 2571 2028 2624 aut
2055 2553 2138 2624 de
2162 2546 2767 2651 comprehensione
2790 2574 2924 2620 ver-

837 2705 962 2746 ante
975 2691 1092 2763 ph„
1109 2691 1254 2762 quod
1268 2695 1370 2745 mei
1385 2697 1637 2747 omittunt
1649 2695 1843 2763 codd„
1933 2696 2125 2768 quibus
2140 2695 2353 2748 duobus
2366 2692 2534 2748 codd.
2552 2691 2718 2745 malui
2738 2692 2927 2744 obtem-

838 2771 928 2824 alii
945 2773 1199 2838 retinent,
1222 2772 1384 2823 malui
1403 2791 1733 2845 expungere,
1752 2793 1845 2826 ne·
1932 2793 2144 2847 perere,
2163 2793 2322 2845 quam
2341 2787 2554 2825 caeteros
2576 2775 2729 2842 sequi
2749 2771 2923 2834 libro3‚

841 2870 945 2923 que
969 2853 1350 2916 necessarium,
1372 2870 1543 2922 neque
1561 2866 1769 2921 gratum
1787 2852 1842 2906 h.
1936 2871 2162 2924 quorum
2187 2854 2373 2924 optimi
2397 2851 2522 2904 dant
2542 2850 2769 2922 percipit
2776 2873 2795 2910 ,-
2816 2868 2926 2901 nam

839 2928 875 2981 1.
890 2930 1081 2980 -RR
1106 2945 1151 2993 1,
1172 2947 1199 2981 2
1212 2968 1230 2994 ‚
1246 2927 1307 2995 5,
1325 2928 1676 3001 philosophos.
1699 2933 1760 2983 R.
1784 2932 1845 2999 4,
1931 2932 2190 3005 proecipit,
2209 2931 2355 3003 quod
2370 2944 2449 2982 est
2463 2932 2517 2981 in
2534 2929 2739 3000 aliquot
2759 2945 2927 2980 eorum

839 3009 999 3061 Can.
1013 3044 1031 3068 ‚
1054 3018 1106 3059 et
1123 3007 1376 3080 physicos.
1407 3011 1498 3060 En.
1934 3010 2107 3081 (sicut
2148 3023 2200 3062 et
2235 3012 2431 3063 ‘rm-vis.
2477 3027 2587 3060 non
2630 3023 2840 3075 autem,
2877 3019 2929 3058 ut

918 3103 962 3137 1.
981 3088 1157 3137 Etiam
1174 3087 1347 3158 ipsis...
1367 3085 1545 3139 titulis.
1564 3088 1671 3155 Qui
1687 3085 1846 3140 hodie
1935 3090 2093 3142 Gesn.
2114 3089 2207 3140 ref.
2222 3127 2238 3154 ‚
2258 3087 2428 3159 Jen'S.)
2449 3088 2762 3140 manifestus
2781 3105 2927 3139 error.

843 3164 906 3216 de
930 3165 1238 3218 Inventione
1267 3164 1623 3237 appellantur,
1654 3165 1847 3217 Rheto-
1935 3167 2142 3240 Artifex
2167 3180 2247 3219 est
2274 3165 2392 3234 ille,
2424 3168 2513 3238 qui
2541 3171 2653 3239 jam
2683 3164 2928 3240 percepit,

845 3244 937 3295 rici
959 3245 1195 3313 inscripti
1223 3244 1437 3295 fuerunt
1460 3244 1529 3296 ab
1552 3246 1671 3315 ipso
1695 3246 1849 3297 Cice·
1936 3245 2216 3317 discipulus
2227 3249 2316 3317 qui
2332 3265 2453 3298 cum
2470 3248 2695 3298 maxime
2706 3244 2928 3317 percipit.

845 3340 994 3374 rone.
1008 3322 1854 3394 RectevideturCapperonnerius
1940 3355 2013 3368 --
2029 3327 2137 3377 ΒΗ.
2162 3326 2223 3393 4,
2245 3324 2303 3388 5,
2325 3327 2567 3398 per-cepit.
2593 3326 2700 3378 ΒΗ.
2736 3343 2782 3392 1,
2805 3343 2859 3387 2,
2879 3322 2932 3384 3,

849 3402 1106 3474 suspicari
1125 3400 1456 3453 obliteratam
1469 3404 1609 3453 inter
1624 3402 1783 3453 etiam
1803 3415 1855 3453 et
1941 3405 2102 3457 Cani».
2131 3417 2184 3455 et
2204 3406 2324 3455 Cn.
2338 3440 2354 3467 ‚
2375 3404 2608 3475 percipit.
2635 3406 2730 3455 En.

849 3479 969 3551 ipsis
992 3481 1418 3549 prepositionem
1441 3480 1523 3545 in,
1547 3498 1708 3551 quam
1729 3493 1854 3551 post
2013 3482 2062 3548 4.
2094 3481 2232 3551 Quid
2247 3481 2313 3533 sit
2336 3480 2595 3533 rhetorice.
2620 3481 2822 3533 Pendet
2838 3479 2932 3531 hoe

847 3576 903 3610 m
919 3555 1038 3626 (hic
1053 3558 1338 3627 praesertim
1351 3571 1606 3627 sequente
1623 3559 1672 3630 ἰ)
1686 3558 1856 3612 solere
1944 3560 2014 3614 ab
2040 3560 2228 3625 ordiar,
2262 3559 2605 3632 praecedentis
2638 3562 2827 3633 capitis
2853 3576 2932 3610 ex-

848 3634 1161 3690 intercidere
1189 3635 1366 3687 multis
1394 3636 1645 3707 exemplis
1674 3650 1856 3691 osten·
1942 3653 2112 3692 ¹tremo
2126 3638 2406 3692 vocabulo.
2430 3642 2509 3692 De
2528 3658 2668 3692 nexu
2686 3641 2934 3712 capitum,

852 3712 1549 3781 ditDrakeub.adLiv.X,
1582 3716 1857 3782 13‚3=de
1941 3719 2063 3773 vide
2087 3718 2155 3770 ad
2178 3718 2254 3784 11,
2287 3736 2375 3784 η,
2406 3735 2450 3769 1.
2918 3723 2923 3730 ’

853 3794 873 3844 i
895 3805 1150 3864 sequente
1171 3792 1291 3846 vide
1314 3794 1559 3847 eumdem
1581 3795 1652 3849 ad
1672 3798 1856 3870 Epito-
2017 3798 2066 3850 5.
2107 3799 2277 3850 Habet
2311 3796 2589 3868 duplicem.
2633 3797 2738 3851 Sed
2781 3798 2936 3849 omnis

853 3890 979 3924 men
1000 3871 1092 3926 lib.
1117 3872 1372 3925 Lxxxv.
1944 3878 2058 3930 hoec
2079 3880 2303 3930 varietas
2327 3876 2542 3929 finiendi
2566 3896 2629 3930 eo
2654 3877 2817 3941 redit,
2839 3889 2892 3927 ut
2911 3892 2939 3925 a

929 3969 978 4003 a.
1008 3950 1086 4001 De
1111 3960 1277 4002 arte...
1309 3969 1472 4024 opere.
1497 3953 1578 4006 De
1600 3963 1713 4004 arte
1734 3953 1859 4007 hinc
1947 3961 2207 4028 cujusque
2221 3956 2540 4009 definitionis
2556 3955 2859 4009 adversariis
2873 3971 2941 4005 re·

858 4047 1026 4099 usque
1048 4028 1117 4081 ad
1135 4028 1170 4080 l.
1193 4032 1316 4096 ΧΗ,
1332 4031 1397 4082 de
1412 4029 1614 4104 artifice
1631 4051 1662 4084 a
1681 4032 1715 4084 l.
1736 4035 1858 4098 ΧΠ,
1946 4034 2343 4106 prehendantur
2365 4047 2455 4086 aut
2482 4035 2732 4087 sententia
2760 4034 2823 4085 de
2844 4034 2941 4105 ipsn

860 4125 908 4159 c.
933 4123 1073 4158 ι-ιο.
1095 4107 1173 4158 De
1190 4127 1339 4180 opere
1358 4109 1392 4160 1.
1413 4111 1534 4174 ΧΠ,
1555 4129 1601 4163 c.
1628 4127 1690 4164 10
1705 4124 1758 4163 et
1779 4129 1797 4164 1
1814 4129 1857 4164 ι.
1946 4115 2161 4167 oratoris
2182 4125 2397 4177 natura,
2424 4128 2515 4166 aut
2541 4113 2815 4178 uocabula,
2840 4112 2943 4182 (1¹¹5-

932 4184 983 4238 3.
1022 4186 1271 4257 Percepit.
1308 4190 1388 4242 lta
1414 4188 1589 4244 Guelf.
1625 4202 1679 4243 et
1708 4192 1857 4245 Ber-n.
1951 4190 2054 4246 bus
2078 4211 2140 4251 ea
2162 4192 2474 4248 declaratur.
