3200 5150
789 526 911 569 100

1349 493 1442 557 M.
1480 489 1707 555 FABu
1743 483 2300 571 QmNTfflAM

781 627 1115 698 duntaxat
1154 614 1550 690 auctoribus
1574 627 1593 658 ¹
1643 632 1794 684 octo
1836 629 2060 709 partes
2097 604 2312 681 secuti
2337 621 2535 691 sunt,
2574 618 2653 672 ut
2690 600 2881 705 Aris-

780 736 1098 823 tamhu5‚
1145 753 1213 805 et
1259 749 1450 803 aetate
1496 748 1729 801 nostra
1768 723 2118 795 Palaemon
2142 739 2210 808 ²,
2253 717 2374 818 qui
2415 714 2830 789 vocabulum
2851 771 2873 801 ,

778 856 923 926 sive
949 846 1512 952 appellationem,
1545 839 1819 914 nomini
1839 836 2325 937 subjecerunt,
2352 853 2714 930 tamquam
2737 855 2881 927 spe-

782 970 920 1041 cies
962 965 1111 1066 ejus
1131 960 1183 1033 3.
1228 964 1329 1032 At
1360 959 1442 1048 ii,
1486 956 1609 1056 qui
1655 953 1848 1039 aliud
1894 976 2181 1036 nomen,
2231 947 2422 1020 aliud
2462 942 2880 1051 vocabulum

775 1082 1082 1167 faciunt,
1104 1101 1359 1148 novem
1382 1101 1395 1144 :
1422 1068 1886 1143 nihilominus
1909 1068 2195 1137 fuerunt
2212 1119 2230 1151 ,
2252 1062 2372 1160 qui
2397 1062 2630 1160 ipsum
2651 1058 2881 1130 adhuc

782 1193 1203 1270 vocabulum
1235 1188 1324 1260 ab
1362 1183 1827 1287 appellatione
1863 1180 2306 1265 diducerent‚
2354 1198 2432 1247 ut
2471 1195 2645 1247 esset
2677 1199 2886 1245 voca-

780 1309 1063 1395 bulum,
1099 1328 1349 1403 corpus
1374 1300 1526 1371 visu
1553 1317 1881 1395 tactuque
1915 1290 2365 1366 manifestum
2392 1346 2412 1378 ‚
2450 1290 2724 1375 domus,
2755 1287 2887 1359 lec-

784 1442 934 1513 tus‚·
962 1418 1373 1524 appellatio,
1413 1414 1528 1487 cui
1569 1411 1680 1484 vel
1722 1410 2020 1482 alterum
2065 1404 2414 1492 deessem,
2459 1403 2569 1475 vel
2613 1423 2884 1474 utrum—

785 1566 963 1640 que,
995 1550 1267 1620 ventus,
1307 1527 1583 1617 coelum,
1624 1528 1820 1615 deus,
1851 1529 2087 1595 virtus.
2129 1518 2571 1621 Adjiciebant
2610 1538 2678 1589 et
2716 1544 2889 1591 asse-

777 1761 840 1798 (ο
874 1741 1197 1813 significatur
1229 1756 1328 1809 pro
1362 1732 1595 1788 articulis
1628 1735 1792 1785 inten-

781 1825 1073 1897 jectionem
1092 1839 1121 1872 a
1138 1818 1338 1870 Latinis
1352 1815 1705 1886 grammaticis
1720 1832 1795 1864 re-

786 1898 1121 1966 censeri‚.ad
1148 1913 1426 1948 numerum
1449 1894 1676 1965 partium
1703 1910 1795 1943 ex-

783 1979 1076 2055 plendum;
1105 1990 1157 2029 et
1186 1975 1290 2026 hoe
1318 1974 1431 2025 fieri
1457 1983 1635 2022 narrat
1661 1971 1795 2022 Dio·

784 2059 968 2112 medes
984 2096 1001 2124 ‚
1041 2076 1095 2128 p.
1138 2051 1351 2105 Putsch.
1394 2049 1495 2122 275
1522 2072 1535 2100 ι
1581 2071 1603 2095 α
1626 2048 1797 2101 Latini

786 2162 817 2186 σι
837 2136 1148 2200 articulum,
1180 2133 1346 2185 Graeci
1377 2128 1797 2200 interjectionem

793 2239 819 2265 a
838 2236 951 2270 non
974 2222 1338 2268 annumerant.
1364 2232 1385 2254 n

869 2312 912 2348 ι.
956 2295 1231 2345 Duntaxat
1266 2285 1570 2339 auctoribus.
1616 2281 1798 2336 Malim

790 2374 1090 2445 transponi:
1104 2379 1239 2421 auct.
1253 2366 1401 2418 dunt.
1417 2377 1466 2415 et
1483 2360 1800 2415 sicObrech-

789 2468 878 2505 tus
891 2489 908 2518 ,
928 2450 1023 2504 sed
1041 2447 1217 2500 nullus
1237 2444 1405 2497 codex
1424 2442 1654 2513 adjuvat.
1677 2438 1795 2492 Ald.

789 2545 844 2586 et
868 2526 1106 2586 Sichardi
1130 2524 1343 2598 quidem
1367 2520 1488 2573 edd.
1517 2529 1655 2571 auct.
1686 2528 1800 2570 octo

791 2612 943 2664 dunt.
984 2606 1129 2680 quod
1159 2604 1511 2677 aptissimum.
1546 2628 1619 2638 —
1644 2598 1799 2649 Dun-

793 2699 941 2742 taxat
966 2686 1267 2739 auctoribus.
1297 2685 1377 2735 De
1401 2679 1660 2731 duntaxat
1680 2675 1799 2728 vide

790 2788 880 2822 me
897 2777 1266 2820 retractantem
1286 2758 1354 2812 ad
1372 2760 1459 2824 111,
1480 2757 1531 2823 8,
1562 2772 1579 2806 ι
1592 2774 1641 2806 o.
1663 2755 1798 2806 Con·

791 2850 875 2900 fer
890 2845 1020 2898 Plin.
1043 2845 1208 2915 Epist.
1230 2842 1329 2906 IX,
1348 2837 1415 2903 34
1434 2858 1446 2887 =
1476 2860 1497 2882 α
1516 2834 1692 2888 Audio
1711 2853 1797 2886 me

800 2950 824 2971 u
844 2924 979 2976 male
1012 2923 1218 2992 legere,
1254 2917 1513 2968 duntaxat
1545 2931 1745 2966 versus.
1769 2935 1792 2959 a

797 3002 975 3075 Spald.
1007 3003 1063 3052 in
1086 2998 1231 3051 Praef.
1258 3015 1313 3067 p.
1341 2993 1427 3059 84.

868 3100 917 3134 2.
945 3079 1233 3133 Palaemon.
1254 3073 1429 3127 Guelf.
1451 3070 1713 3135 palaemo,
1741 3083 1800 3122 ut

795 3174 848 3212 et
872 3163 1021 3212 Bern.
1042 3179 1056 3219 ;
1099 3154 1194 3207 sed
1236 3163 1455 3225 apparet
1488 3149 1627 3201 hanc
1669 3150 1800 3201 scri-

793 3238 959 3291 bendi
985 3238 1243 3288 rationem
1268 3250 1378 3283 non
1411 3247 1526 3282 esse
1561 3241 1802 3280 secutum

794 3315 1213 3388 Quintilianum,
1237 3329 1301 3362 ex
1323 3308 1446 3361 loco
1470 3309 1519 3371 1,
1540 3305 1575 3358 5
1593 3344 1610 3371 ,
1635 3305 1805 3357 60.-

796 3398 1088 3451 Pala-mon.
1122 3394 1189 3461 Q.
1222 3390 1510 3442 Rhemnius
1542 3386 1804 3438 Palaemon

795 3475 1172 3537 Vincentinu9‚
1188 3472 1368 3521 Romae
1392 3465 1492 3518 sub
1514 3464 1727 3517 Tiberio
1754 3477 1806 3515 et

797 3552 1021 3607 Claudio
1036 3547 1429 3620 grammaticam
1444 3542 1645 3608 docuit,
1662 3542 1809 3614 quod

800 3631 869 3687 ad
894 3648 1066 3684 mores
1090 3629 1308 3691 attinet,
1328 3623 1562 3692 ‚pessime
1579 3618 1807 3672 audiens

798 3711 1055 3768 Suetonio
1076 3706 1143 3758 de
1161 3706 1468 3757 Grammatt.
1489 3699 1701 3752 illustrr.
1717 3737 1733 3765 ‚
1758 3717 1804 3751 e.

804 3792 888 3845 23.
918 3793 1049 3860 Ejus¹
1066 3796 1231 3837 anem
1256 3794 1513 3834 memorat
1539 3776 1807 3830 Juvenalis

797 3874 899 3938 vl,
922 3869 1053 3935 4533
1077 3870 1133 3918 it.
1158 3865 1280 3929 VH,
1304 3859 1553 3928 215-219.
1580 3860 1807 3928 Exiguae

802 3951 978 4023 operis
1006 3944 1253 4015 reliquias
1275 3937 1534 3992 habemus
1550 3976 1566 4003 ‚
1592 3954 1707 4008 quae
1729 3938 1809 3987 in-

799 4031 1084 4081 veniuntur
1096 4027 1151 4074 in
1164 4019 1526 4074 Grammaticis
1539 4013 1809 4067 Putschia-

801 4111 884 4161 nis
922 4126 953 4158 a
991 4125 1043 4177 p.
1090 4097 1411 4154 1366-1386.
1450 4093 1721 4147 Tribuitur
1761 4096 1811 4146 ei

800 4187 963 4252 etiam
976 4186 1171 4258 poema
1191 4178 1255 4239 de
1268 4166 1585 4233 Ponderibus
1598 4184 1651 4226 et
1661 4174 1811 4226 Men-

1879 1730 2008 1784 suris
2025 1767 2042 1795 ‚
2087 1727 2288 1781 editum
2333 1744 2364 1778 a
2410 1728 2709 1777 Burmanno
2754 1727 2891 1776 inter

1882 1812 2072 1862 Poetas
2100 1810 2363 1871 minoi-ea,
2389 1804 2457 1857 de
2485 1808 2639 1874 cujus
2671 1815 2886 1855 auctore

1884 1886 2167 1957 ambigitur
2182 1899 2371 1936 tamen.
2387 1913 2460 1923 --
2474 1881 2765 1934 Paloemon.
2779 1883 2888 1933 De-

1883 1965 2078 2017 bebam
2091 1965 2286 2017 referre
2301 1962 2353 2014 h.
2372 1961 2408 2014 Ι.
2421 2001 2440 2028 ,
2452 1961 2800 2013 Palaemonem
2815 1961 2892 2031 ip·

1887 2047 1994 2097 sius
2009 2043 2159 2096 Fabii
2176 2044 2339 2095 fuisse
2353 2042 2658 2111 magistrum
2668 2076 2686 2104 ‚
2701 2056 2762 2089 ex
2779 2056 2892 2089 nar-

1886 2126 2088 2175 ratione
2105 2121 2400 2174 scholiastae
2411 2122 2441 2171 J
2446 2118 2680 2172 uvenalis
2700 2115 2768 2170 ad
2783 2118 2890 2171 Sat.

1885 2204 1985 2268 VI,
2004 2200 2125 2269 452.
2148 2200 2326 2272 Spald.
2349 2201 2405 2251 in
2421 2199 2569 2251 Praef.
2584 2236 2600 2265 ,
2619 2217 2675 2270 p.
2697 2197 2781 2264 84.

1957 2281 2009 2334 3.
2030 2279 2244 2352 Species.
2266 2279 2530 2332 Gesnerus
2548 2296 2646 2350 pro
2671 2275 2772 2328 hac
2795 2294 2894 2328 vo-

1888 2380 1949 2413 ce
1980 2358 2138 2412 scribi
2165 2358 2312 2410 malit
2337 2358 2607 2430 specimen.
2635 2355 2894 2427 Equidem

1887 2439 2104 2512 speciem
2150 2437 2589 2510 simplicissimam
2629 2435 2894 2488 medelam

1889 2531 2088 2591 putem.
2121 2515 2224 2571 Sed
2234 2554 2255 2585 „
2282 2515 2428 2589 quod
2455 2528 2645 2588 sponte
2674 2533 2892 2566 succur-

1888 2610 2058 2664 rerat,
2083 2595 2358 2649 confirmat
2380 2599 2534 2648 Voss.
2565 2613 2591 2647 2
2607 2631 2624 2660 ,
2648 2596 2894 2646 omittens

1888 2677 2001 2732 haec
2016 2700 2026 2728 :
2043 2687 2308 2749 tamquam
2320 2675 2504 2748 species
2515 2677 2636 2747 ejus.
2650 2673 2894 2727 Glossam

1885 2755 2129 2808 redolent
2154 2754 2313 2807 verba
2342 2756 2441 2806 ista
2457 2792 2474 2820 ,
2498 2752 2641 2805 allita
2664 2752 2890 2805 fortasse

1887 2837 1956 2891 ab
1984 2855 2049 2889 eo
2065 2873 2082 2902 ‚
2113 2837 2204 2906 qui
2228 2833 2529 2906 subjiciendi
2551 2833 2892 2903 significatio-

1886 2935 2010 2969 nem
2031 2913 2361 2984 Quintiliano
2389 2913 2626 2983 inprimis
2653 2911 2892 2983 peculia—

1885 3014 1997 3047 rem
2013 3033 2030 3060 ,
2079 2992 2238 3057 vellet
2283 2988 2584 3042 ostendere.
2640 2990 2894 3062 Suly'icere

1889 3074 2030 3123 enim
2067 3070 2203 3124 solet
2240 3069 2448 3135 dicere,
2480 3087 2579 3140 pro
2601 3090 2616 3119 z
2650 3067 2750 3120 sub
2787 3067 2891 3119 alio

1891 3150 2124 3222 quodam
2160 3153 2373 3202 nomine
2411 3146 2896 3218 comprehendere,

1891 3249 2001 3281 non
2030 3231 2310 3300 separatim
2337 3245 2627 3280 recensere.
2659 3227 2742 3279 Sic
2769 3243 2894 3277 mox

1893 3309 1940 3377 S.
1974 3325 2071 3370 αις
2103 3320 2154 3360 et
2181 3309 2235 3372 1,
2264 3305 2327 3372 5,
2363 3323 2380 3357 ι
2406 3328 2420 3368 ;
2450 3308 2551 3370 111,
2576 3303 2642 3370 6,
2665 3305 2765 3368 38;
2794 3305 2898 3368 ΠΙ,

1893 3387 1954 3451 6,
1976 3385 2036 3438 61
2056 3423 2073 3452 ,
2093 3399 2145 3436 et
2163 3386 2462 3456 saepissime.
2486 3386 2686 3454 Agetur
2708 3383 2774 3435 de
2793 3402 2896 3435 usu

1893 3463 1998 3516 hoc
2021 3463 2167 3515 verbi
2177 3463 2255 3514 de
2273 3462 2527 3513 industria
2551 3461 2618 3513 ad
2641 3464 2737 3529 111,
2757 3463 2818 3528 3,
2842 3463 2895 3513 6.

1895 3572 1967 3582 -
1983 3542 2196 3613 Species.
2221 3543 2346 3593 Non
2369 3542 2495 3592 satis
2517 3554 2740 3612 apparet
2761 3542 2898 3591 ratio

1896 3621 2203 3672 nominativi
2235 3618 2429 3691 hujus;
2468 3617 2683 3689 pluralis
2721 3632 2898 3670 tamen

1896 3700 2226 3751 accusativus
2272 3716 2382 3748 non
2422 3709 2601 3769 potest
2639 3695 2860 3767 intelligi
2882 3735 2898 3764 ,

1898 3779 2020 3849 quia
2052 3775 2356 3828 vocabulum
2390 3789 2443 3827 et
2473 3773 2758 3846 appellatio
2789 3795 2899 3826 non

1898 3870 2021 3908 sunt
2055 3854 2170 3906 duae
2208 3873 2321 3921 τες,
2359 3852 2452 3906 sed
2490 3855 2645 3906 unius
2680 3857 2758 3907 rei
2789 3854 2899 3906 duo

1897 3937 2127 3986 nomina.
2144 3932 2262 3986 vid.
2289 3947 2539 4006 not..sup.

1969 4013 2018 4081 4.
2045 4013 2280 4064 Alterum
2306 4012 2504 4066 deesset.
2535 4014 2617 4066 Sic
2642 4032 2739 4084 pro
2767 4013 2906 4065 deest

1899 4090 2022 4143 dedi
2050 4110 2112 4143 ex
2141 4090 2367 4162 eleganti
2400 4094 2656 4164 scriptura
2689 4091 2863 4145 Guelf.
2880 4129 2903 4159 ,

1898 4182 1960 4224 ut
1982 4184 2035 4224 et
2055 4169 2192 4227 Alm.
2217 4175 2371 4228 Voss·
2406 4189 2424 4226 ι
2446 4209 2465 4240 .,
2489 4172 2520 4224 3
2537 4209 2554 4240 ,
2578 4173 2728 4225 Bern.
