3200 5150
839 506 1617 531 mmmmm

362 731 541 864 M.
621 730 1104 862 FABII
1181 731 2390 910 QUINTILIANI

583 1023 587 1026 .
916 1034 1838 1169 ORATORIAE

511 1252 2239 1507 INSTITUTIONIS
2363 1387 2367 1391 <

1102 1655 1512 1749 LIBER
1574 1660 1645 1747 Ι.

379 2098 509 2171 An
537 2054 1129 2171 MARCELLUM
1157 2096 1700 2171 vlc'roRmM
1726 2109 1743 2141 .
1774 2057 2364 2169 PROOEMIUM.

340 2303 562 2412 POST
596 2338 1035 2439 impetratam
1068 2336 1309 2411 studiis
1341 2338 1515 2410 meis
1546 2336 1853 2439 quietem
1872 2393 1893 2428 ,
1926 2356 2081 2436 quae
2114 2349 2143 2382 ²
2173 2363 2298 2436 per
2326 2335 2420 2408 vi·
2496 2381 2518 2418 ι

339 2453 511 2554 giuti
534 2480 754 2527 annos
774 2452 803 2498 ³
829 2452 1226 2528 erudiendis
1246 2452 1627 2554 juvenibus
1653 2450 2168 2551 impenderam,
2192 2477 2419 2552 quum

338 2597 382 2643 a
430 2597 545 2642 me
590 2568 878 2670 quidam
922 2567 1351 2642 familiariter
1392 2565 1851 2670 postularent,
1902 2586 1981 2639 ut
2023 2565 2287 2668 aliquid
2333 2565 2420 2639 de

338 2684 600 2757 ratione
634 2683 907 2756 dicendi
935 2709 1469 2783 componerem,
1505 2684 1626 2757 diu
1653 2711 1811 2758 sum
1846 2681 2175 2783 equidem
2205 2680 2422 2754 reluc-

337 2818 547 2871 tatus:
574 2797 764 2898 quod
791 2819 1100 2871 auctores
1124 2799 1479 2900 utriusque
1507 2799 1764 2897 linguae
1787 2793 1821 2859 4
1843 2796 2250 2870 clarissimos
2273 2822 2420 2869 non

417 3016 462 3053 ι.
486 2998 573 3052 Ad
594 2998 902 3051 Marcellum
926 3000 1229 3054 Victoriam.
1250 3000 1337 3055 Ad

335 3079 482 3133 hunc
494 3078 771 3152 epistolam
778 3081 985 3151 scripsit
995 3082 1185 3134 Statius
1197 3080 1331 3154 Sylv.

338 3159 372 3211 1.
400 3162 488 3225 Ν,
512 3177 671 3210 carm.
707 3158 772 3225 4,
801 3161 891 3230 qui
922 3172 975 3211 et
1005 3161 1181 3230 ipsum
1213 3178 1335 3211 eum

336 3237 597 3309 sylvarum
620 3236 812 3288 librum
835 3239 883 3288 ei
905 3235 1191 3303 dedicavit,
1209 3256 1336 3309 prae·

338 3317 537 3368 fatione
564 3314 811 3387 pedestri.
841 3316 1024 3368 Discas
1042 3334 1081 3368 e
1105 3317 1334 3369 carmine

337 3395 571 3449 Statiano
586 3431 604 3460 ,
632 3412 753 3446 eum
777 3393 1088 3465 eloquentiae
1110 3396 1334 3449 forensis

337 3471 494 3526 laude
544 3472 746 3528 clarum
793 3473 956 3528 fuisse
980 3513 997 3542 ,
1046 3477 1334 3546 gratiosum

337 3551 483 3623 apud
504 3552 865 3604 Domitianum
880 3590 897 3619 ‚
920 3556 1229 3626 magnisque
1251 3573 1337 3607 re·

338 3630 438 3682 bus
459 3630 731 3701 gerendis,
754 3633 911 3683 etiam
928 3631 1156 3700 bellicis,
1180 3651 1336 3705 para-

339 3723 481 3772 tum;
515 3722 598 3776 et,
628 3728 791 3780 quum
820 3712 935 3783 ipse
960 3714 1168 3784 juvenis
1198 3711 1338 3766 esset

336 3786 392 3840 b.
414 3807 461 3840 e.
482 3806 680 3839 annum
699 3787 765 3842 35
784 3788 1022 3841 nondum
1041 3808 1339 3863 supergres-

338 3884 427 3919 sus
442 3903 460 3932 ,
491 3864 738 3919 habuisse
769 3866 934 3919 filium
948 3906 967 3936 ,
995 3887 1059 3920 ex
1078 3886 1337 3939 generosa

338 3963 502 3997 uxore
521 3957 852 4016 susceptum,
871 3947 1085 4000 nomine
1098 3947 1336 4016 Gallum,

343 4026 464 4097 qni,
495 4026 633 4097 patri
658 4023 810 4078 valde
838 4024 1092 4093 dilectus,
1124 4029 1336 4099 ingenio

338 4116 391 4155 et
404 4104 583 4158 favore
595 4105 847 4177 principis
862 4104 930 4156 ad
944 4124 1175 4158 summos
1187 4125 1342 4178 quos-

332 4201 443 4257 ‚que
456 4182 687 4239 honores
696 4197 878 4259 posset
895 4186 1142 4258 aspirare.
1163 4186 1337 4241 Sum.

1496 3021 1544 3060 2.
1561 3002 1815 3073 Quietem,
1827 3017 1962 3073 quoe.
1976 2999 2227 3071 Quietem,
2239 3017 2416 3071 quam.
2433 3059 2436 3062 Α

1420 3082 1581 3136 Goth.
1609 3095 1815 3135 tacente
1837 3081 2102 3145 Get-mero,
2127 3077 2219 3131 sed
2242 3079 2416 3132 Guelf.

1422 3174 1563 3213 recte
1587 3177 1718 3232 quoe.
1756 3188 1824 3202 -—
1851 3160 1992 3229 Quoe.
2023 3160 2122 3208 Pro
2146 3174 2263 3230 quoe
2283 3155 2416 3210 Cod.

1422 3241 1483 3292 R.
1518 3257 1536 3292 1
1570 3238 1734 3292 habet
1756 3255 1933 3310 quam.
1962 3239 2174 3290 Emon.

1494 3317 1544 3371 3.
1583 3317 1690 3369 Per
1725 3315 1912 3389 viqinti
1948 3332 2127 3367 annos.
2165 3317 2422 3387 Expressa

1422 3396 1524 3448 fuit
1546 3396 1718 3448 omnis
1739 3392 1852 3445 htec
1879 3395 2013 3445 ratio
2038 3395 2266 3447 muneris
2288 3392 2423 3446 doc-

1422 3477 1551 3527 toris
1592 3472 1833 3546 publici,
1875 3472 2042 3544 qualis
2081 3476 2281 3547 primus
2321 3474 2423 3525 fuit

1422 3566 1623 3619 noster,
1641 3551 1710 3604 ad
1727 3551 2119 3605 similitudinem
2136 3552 2424 3625 stipendio·

1422 3651 1570 3696 rum3
1598 3644 1661 3683 ut
1684 3644 1809 3704 post
1829 3633 2011 3703 viginti
2038 3631 2298 3702 stipendia
2321 3630 2423 3683 do-

1423 3710 1607 3778 cendi,
1625 3711 1760 3762 sicut
1777 3725 1901 3782 post
1919 3709 2136 3763 totidem
2153 3709 2392 3764 militaria
2403 3747 2421 3775 ,

1421 3792 1726 3843 missionem
1763 3788 2039 3843 honestam
2081 3792 2423 3863 impetrarent

1424 3871 1702 3936 doctores,
1727 3872 1818 3941 qui
1844 3888 1958 3922 moa
1985 3872 2042 3923 in
2073 3869 2242 3941 legem
2272 3868 2420 3923 abiit.

1422 3948 1542 4004 vid.
1566 3949 1846 4004 sauriniani
1868 3946 1998 4001 God.
2024 3950 2145 4015 ΧΠ,
2176 3949 2254 4002 15.

1497 4027 1548 4095 4.
1577 4028 1848 4100 Utriusque
1873 4025 2082 4100 linque.
2111 4026 2307 4079 «Docte
2321 4047 2424 4080 ser»

1433 4130 1457 4155 ι
1476 4124 1650 4159 mones
1673 4108 1934 4180 utriusque
1957 4104 2163 4180 linguoe.
2183 4130 2206 4154 ιο
2237 4107 2420 4159 Horat.

1428 4186 1530 4244 od.
1551 4188 1650 4256 m,
1668 4188 1731 4255 8,
1754 4185 1814 4255 ⁵,
1838 4199 1890 4240 et
1912 4183 1985 4239 ibi
2008 4185 2288 4244 Bentleius.
2310 4186 2419 4239 Cic.
