3200 5150
825 503 956 571 308
1392 498 1487 563 M.
1526 494 1756 562 FAml
1793 492 2348 580 QmN'rtLtAm

818 645 930 697 tor
964 619 1375 722 aliquande,
1400 617 1575 691 dum
1600 617 1800 705 sciat,
1825 638 1904 690 ut
1925 616 2448 720 quadrupedeS,
2473 643 2699 718 quum
2720 620 2890 694 viridi

820 737 1084 839 pabulo
1110 737 1418 809 distentae
1440 754 1637 822 sunt,
1661 732 2021 831 sanguinis
2040 732 2460 806 detractione
2481 756 2820 825 curantur,
2834 755 2892 808 et

821 852 918 925 sic
960 852 1049 925 ad
1092 849 1281 924 cibos
1322 847 1585 921 viribus
1623 847 2109 920 conservandis
2151 848 2440 921 idoneos
2472 848 2789 941 redeunt,
2816 850 2892 924 ita

818 966 951 1040 sibi
991 993 1274 1068 quoque
1317 963 1744 1038 tenuandas¹
1797 962 2068 1062 adipeS,
2111 983 2179 1036 et
2214 964 2560 1064 quidquid
2601 964 2890 1038 humoris

818 1083 1126 1182 corrupti
1158 1078 1601 1169 contraxerit,
1633 1077 2228 1168 emittendum,-si
2265 1105 2410 1152 esse
2440 1106 2652 1152 sanus
2685 1108 2760 1153 ac
2791 1108 2887 1154 ro-

748 1226 781 1280 7
816 1197 1064 1272 bustus
1084 1199 1286 1271 volet.
1313 1194 1595 1295 Alioqui
1620 1216 1858 1268 tumor
1879 1193 1995 1267 ille
2021 1195 2247 1267 inanis
2271 1195 2501 1297 primo
2526 1196 2884 1299 cujusqne²
2985 1209 2990 1214 ’

815 1314 959 1386 veri
984 1313 1208 1413 operis
1233 1333 1485 1384 conatu
1512 1308 2114 1410 deprehendetur³
2140 1337 2159 1383 2
2189 1331 2414 1384 totum
2436 1332 2675 1385 autem
2699 1312 2890 1386 decla-

814 1428 1058 1501 mandi
1092 1454 1268 1528 opus
1296 1426 1420 1527 qui
1449 1426 1801 1498 diversum
1843 1425 2137 1499 omnino
2182 1454 2224 1499 a
2259 1428 2656 1512 forensibus
2696 1428 2889 1502 causis

816 1541 1242 1630 existimant,
1286 1540 1333 1613 ii
1375 1541 1684 1641 profecto
1728 1566 1818 1612 ne
1862 1539 2200 1613 rationem
2248 1541 2535 1641 quidem
2560 1599 2580 1633 ,
2615 1571 2755 1644 qua
2785 1544 2890 1616 ista

745 1678 780 1731 8
815 1657 1198 1732 exercitatio
1223 1657 1505 1729 inventa
1526 1654 1643 1743 sit,
1665 1653 2045 1753 pervident.
2073 1657 2290 1746 Nam,
2317 1656 2372 1729 si
2397 1658 2546 1730 foro
2571 1685 2720 1732 non
2742 1685 2889 1757 prae-

809 1794 1036 1875 parat,
1063 1794 1184 1846 aut
1210 1772 1497 1845 scenicae
1526 1770 2001 1860 ostentationi,
2036 1792 2157 1843 aut
2181 1771 2453 1845 furiosae
2474 1774 2887 1846 vociferatio-

811 1888 918 1977 ni,
948 1887 1393 1961 simillimum
1429 1908 1567 1960 est:
1605 1885 1777 1986 quid
1810 1885 2004 1958 enim
2033 1886 2273 1959 attinet
2293 1885 2613 1988 judicem
2638 1916 2888 1989 praepa-

806 2031 958 2076 rare
974 2059 991 2092 ‚
1008 2031 1131 2103 qui
1113 2002 1390 2076 nullus
1411 2000 1548 2074 est?
1567 2028 1843 2074 narrare
1857 2001 2090 2102 ,quod
2114 2028 2361 2074 omnes
2379 2003 2600 2076 sciant
2616 2002 2892 2076 falsum?

809 2116 1251 2219 probationes
1284 2116 1615 2189 adhibere
1645 2143 1899 2206 causae,
1933 2115 2020 2189 de
2054 2143 2196 2216 qua
2223 2143 2436 2190 nemo
2469 2119 2556 2190 sit
2584 2146 2888 2219 pronun-

806 2233 1147 2307 ciaturus?
1180 2254 1247 2304 et
1277 2233 1423 2305 haec
1458 2230 1749 2333 quidem
1787 2232 2003 2304 otiosa
2033 2253 2360 2323 tantum3
2388 2225 2577 2307 affici
2585 2262 2794 2363 oveto,
2832 2255 2889 2307 et

805 2350 908 2421 ira
929 2346 1037 2419 vel
1061 2346 1258 2419 luctu
1284 2372 1759 2445 permovere,
1703 2343 1736 2407 4
1787 2346 1989 2447 cujus
2009 2366 2109 2419 est
2128 2346 2447 2437 ludibrii,
2473 2348 2604 2421 nisi
2625 2351 2889 2450 quibus·

808 2463 973 2535 dam
1012 2488 1267 2563 pugnae
1301 2460 1689 2533 simulacris
1723 2459 1811 2533 ad
1847 2488 2092 2534 verum
2131 2462 2505 2536 discrimen
2543 2464 2888 2565 aciemque

734 2608 773 2662 9
797 2577 1067 2680 justam
1116 2573 1673 2648 consuescimus?
1712 2575 1905 2648 Nihil
1950 2604 2112 2677 ergo
2155 2577 2335 2652 inter
2372 2579 2651 2653 forense
2689 2607 2889 2681 genus

807 2691 1119 2780 dicendi,
1145 2713 1350 2790 atque
1376 2691 1508 2763 hoc
1548 2691 2161 2783 declamatorium,
2191 2694 2541 2768 intererit?
2562 2697 2618 2769 si
2646 2697 2890 2797 profec-

804 2830 915 2881 tus
944 2807 1159 2907 gratia
1191 2805 1524 2897 dicimus,
1559 2787 1771 2879 nihil·
1758 2808 2223 2910 ,utinamque
2250 2810 2456 2913 adjici
2486 2810 2575 2884 ad
2607 2838 2891 2886 consue-

803 3021 1141 3075 clamationes
1162 3021 1260 3075 illae
1288 3020 1660 3094 Quintilianeoe
1679 3042 1810 3115 pro-
1902 3025 1986 3078 26.
2019 3054 2093 3066 -—
2123 3025 2219 3079 Ed.
2257 3028 2472 3099 Camp„
2503 3028 2706 3099 primos
2735 3032 2892 3103 cnjus-

801 3102 953 3155 fectae
996 3102 1232 3169 fuerint,
1275 3121 1384 3154 non
1430 3101 1668 3167 videtui-5
1711 3104 1814 3155 nisi
1899 3122 2054 3176 que..
2086 3117 2300 3159 conatus
2329 3066 2590 3178 deprimit.
2627 3111 2691 3162 R.
2723 3107 2786 3177 5,
2810 3128 2892 3161 cu·

805 3180 953 3253 quod
974 3181 1181 3233 nullum
1202 3182 1312 3233 fere
1338 3182 1559 3235 sanioris
1581 3183 1811 3236 materia
1883 3186 2196 3257 juscunque.
2223 3187 2316 3238 En.

804 3259 1101 3332 exemplum
1134 3261 1270 3312 inter
1296 3279 1417 3327 eas,
1447 3279 1562 3332 quae
1596 3261 1812 3333 quidem
1969 3264 2021 3316 3.
2059 3263 2488 3336 Deprehendetnr.
2517 3267 2694 3320 Non
2673 3286 2894 3325 ιηνειιιε·

801 3352 1009 3392 aetatem
1054 3338 1288 3391 tulerunt
1303 3378 1319 3408 ,
1364 3341 1642 3392 invenitur,
1676 3339 1810 3393 Vide
1900 3353 1988 3395 tur
2006 3356 2060 3395 et
2080 3354 2401 3416 uqnosoetur,
2425 3342 2524 3397 sed
2545 3347 2600 3397 in
2625 3360 2794 3399 artum
2816 3346 2894 3398 de-

802 3418 1010 3471 initium
1032 3431 1186 3471 notae.

880 3516 923 3551 ι..
965 3497 1290 3551 Tenuandas.
1324 3499 1501 3550 Turic.
1539 3497 1714 3552 Guelf.
1757 3513 1810 3551 et

799 3576 1112 3648 Goth.‚(tac.
1139 3575 1323 3648 Gesn.)
1348 3577 1634 3630 tenuandos
1656 3590 1708 3628 et
1730 3580 1807 3629 sic

795 3658 906 3710 fere
951 3655 1070 3709 edd.
1110 3669 1232 3708 vett.
1278 3657 1564 3725 Utriusque
1599 3659 1807 3726 generis

797 3735 944 3810 apud
973 3737 1255 3808 scriptores
1288 3751 1402 3787 esse
1429 3734 1638 3806 adipem
1665 3738 1804 3788 Pris-

799 3820 981 3870 cianus
1005 3818 1119 3888 ipse
1143 3814 1334 3881 docet,
1356 3833 1411 3887 p.
1437 3813 1562 3884 657,
1585 3813 1707 3885 752.
1731 3844 1805 3854 -

795 3898 978 3949 Nostri
1004 3894 1173 3949 Codd.
1199 3897 1306 3949 BR.
1340 3912 1393 3962 1,
1425 3913 1451 3947 2
1470 3932 1489 3961 ,
1517 3894 1578 3962 3,
1606 3895 1802 3962 Cum,

797 3974 1099 4027 tenuandos.
1128 3976 1218 4027 En.

870 4071 918 4105 2.
949 4055 1218 4125 cujusque.
1240 4052 1416 4104 Turic.
1443 4064 1495 4104 et
1517 4049 1693 4104 Guelf.
1718 4069 1805 4104 cu·

780 4136 1107 4206 juscunque,
1147 4150 1269 4183 cum
1306 4130 1508 4202 aliquot
1539 4130 1709 4185 Codd.
1748 4144 1804 4183 et

794 4210 916 4269 edd,
936 4223 1060 4265 vett.
1081 4209 1191 4263 fere
1212 4209 1475 4266 omnibus.
1492 4209 1626 4268 Vnde
1644 4212 1718 4279 11,
1738 4209 1800 4279 6,

1899 3436 2100 3473 seretur
2113 3434 2167 3473 et
2178 3421 2440 3490 aestuabit,
2456 3441 2512 3476 se
2527 3424 2776 3497 expedire
2790 3441 2892 3478 ues-

1896 3502 2056 3554 ciens.
2078 3500 2211 3553 Vide
2236 3500 2303 3553 ad
2325 3503 2380 3568 1,
2415 3520 2459 3569 ι,
2479 3504 2567 3556 3ο,

1967 3579 2016 3647 4.
2043 3581 2362 3633 Per-movere.
2385 3580 2561 3635 Guelf.
2582 3601 2889 3654 promovere.

1894 3657 2068 3711 Facile
2080 3658 2293 3729 quidem
2307 3678 2429 3711 cum
2439 3661 2667 3732 Capper.
2681 3663 2892 3715 etGem.

1888 3737 2177 3806 permoveri
2196 3736 2371 3809 legere
2385 3777 2402 3806 ‚
2427 3757 2592 3811 quum
2615 3742 2891 3812 praesertim

1892 3813 2053 3866 Goth.
2083 3813 2174 3868 det
2195 3818 2520 3886 promoveri,
2552 3817 2647 3871 sed
2670 3821 2726 3871 in
2751 3831 2892 3871 tanto

1890 3892 2059 3946 Codd.
2085 3909 2394 3947 caeterorum
2416 3910 2470 3948 et
2492 3896 2645 3965 edd„
2671 3902 2890 3952 activum

1891 3971 2160 4040 dantium,
2199 3994 2495 4043 consensu,
2534 3978 2710 4045 subit,
2751 3974 2892 4050 affici

1890 4052 2082 4104 referre
2121 4052 2188 4105 ad
2223 4052 2638 4123 declamantem,
2678 4056 2748 4108 ad
2780 4074 2896 4127 per·

1889 4149 2092 4183 movere
2118 4145 2295 4185 autem
2317 4132 2610 4204 intelligere
2637 4136 2896 4205 imagina-

1888 4211 1996 4266 rios
2019 4212 2148 4265 istos
2164 4210 2406 4284 judices,
2430 4214 2525 4285 qui
2545 4213 2790 4270 audiunt.
