3200 5150
1099 507 1611 576 PRAEFATIO.
2350 509 2388 577 5

319 644 643 694 vetustam
683 628 1015 719 appellare
1062 647 1129 695 et
1176 652 1428 697 caseam
1472 653 1610 720 prae
1653 625 2038 713 Quintiliani
2083 627 2385 701 rhetoris.

312 731 542 798 Habes
572 735 783 814 enim,
822 752 899 800 ut
925 734 1055 801 hoc
1078 751 1241 815 utar,
1273 736 1471 801 etiam
1503 754 1824 801 nmmum
1857 736 1926 802 in
1956 736 2175 826 lapide
2199 738 2389 826 Capi·

306 838 546 905 telino.
573 842 657 907 Et
678 840 994 909 credibile
1016 859 1147 921 est,
1176 843 1230 908 si
1260 841 1423 933 quid
1446 840 1776 932 lapidibus
1801 842 2179 924 inciderint,
2204 869 2390 911 num·

315 945 524 1013 misve
564 947 957 1015 incusserint
990 946 1077 1013 ad
1110 948 1457 1037 antiquum
1492 971 1781 1029 morem,
1823 972 1959 1014 non
2000 949 2278 1037 perinde
2317 953 2389 1016 in

312 1049 623 1117 familiari
650 1054 1093 1133 nauti-ivisse,
1132 1054 1260 1118 nisi
1292 1053 1462 1119 forte
1486 1054 1636 1143 quis
1664 1069 1837 1119 esset
1865 1054 2206 1119 Catoniani
2232 1053 2389 1119 hor·

312 1157 479 1223 roris
507 1158 826 1225 curiosus.
849 1159 1105 1224 Vellem
1133 1174 1453 1224 servatam
1486 1181 1629 1224 esse
1665 1159 1986 1247 integram
2019 1159 2388 1247 inscriptio·

312 1283 496 1342 nem,
518 1286 741 1352 „quam
768 1264 1034 1330 exhibet
1066 1265 1409 1330 Reinesius
1439 1288 1584 1354 pag.
1627 1263 1774 1347 154,
1811 1286 1959 1354 quae
1987 1287 2196 1354 quum
2221 1250 2389 1329 refe-

312 1365 519 1433 renda
554 1369 640 1433 sit
673 1368 759 1434 ad
790 1370 1099 1458 Caligulae
1136 1386 1467 1459 tempora,
1506 1392 1886 1460 expressum
1921 1372 1990 1435 in
2030 1394 2106 1436 ea
2142 1393 2388 1435 nomen

311 1474 518 1562 magis
546 1474 791 1542 faceret
820 1474 906 1540 ad
937 1476 1323 1564 scriptorem
1351 1491 1686 1555 nostrum3
1721 1476 1843 1540 etsi
1879 1498 1965 1540 ne
1992 1476 2086 1540 sic
2118 1473 2390 1565 quidem

311 1578 682 1647 confectam
706 1604 849 1646 rem
869 1580 1283 1647 haberemus.
1315 1580 1444 1647 Sed
1472 1579 1564 1645 ibi
1592 1581 1949 1661 nonnisi—
1966 1600 2099 1647 Auo
2127 1580 2390 1669 conspi-

312 1683 503 1764 citur,
524 1708 922 1777 quamquam
946 1704 1047 1753 est
1064 1688 1399 1753 verissima
1423 1686 1711 1753 Reinesii
1735 1685 2142 1777 conjectura,
2165 1708 2391 1774 agnos-

313 1791 520 1857 centis
562 1792 901 1873 consulem
938 1792 1415 1874 Quintilianum
1453 1815 1491 1855 e
1524 1793 1863 1857 Frontino.
1901 1792 2228 1857 Caeterum
2260 1792 2387 1856 fre·

310 1898 741 1988 quentissima
770 1918 924 1965 sunt
949 1898 1129 1988 apud
1156 1900 1512 1989 Gruterum
1541 1916 1609 1964 et
1631 1901 2070 1981 Muratorium
2093 1897 2390 1986 exempla

312 2004 597 2070 nominis
647 2003 845 2095 hujus
890 2005 1106 2070 littera
1158 2005 1211 2068 C
1259 2004 1558 2071 carentis.
1615 2004 1779 2086 Quae
1831 2028 2037 2094 quum
2087 2002 2390 2069 videatur

292 2110 640 2193 frecentior
665 2127 733 2177 et
758 2109 845 2175 ad
874 2110 1521 2200 pronunciationem,
1554 2110 1751 2175 etiam
1778 2126 2103 2190 veterem,
2129 2132 2388 2176 accom-

309 2213 640 2283 modatior
669 2217 1023 2306 scriptura,
1059 2216 1277 2282 nullus
1310 2215 1545 2282 dubito
1578 2217 1742 2305 quin
1771 2198 1905 2281 ab
1887 2237 2032 2304 ipso
2068 2215 2388 2303 scriptore

310 2337 536 2386 nostro
569 2322 770 2391 fuerit
796 2339 1125 2411 usurpata.
1164 2324 1261 2387 Ita
1285 2340 1358 2387 ut
1382 2323 1698 2403 sentiam,
1733 2338 1955 2387 movet
1976 2344 2083 2385 me
2107 2320 2390 2409 singula-

308 2424 397 2489 ris
420 2423 707 2493 hominis
731 2428 971 2493 sanitas
994 2444 1061 2493 et
1087 2427 1403 2495 sobrietas
1426 2424 1514 2493 ab
1534 2428 1718 2494 οιιιιιὶ
1739 2428 2162 2493 affectatione
2187 2449 2388 2515 quam

295 2531 591 2598 maxime
614 2531 1052 2602 abhorrentis.
1075 2532 1247 2600 Vide
1272 2532 1439 2604 mihi
1468 2534 1685 2625 qualia
1710 2533 2043 2624 praecipiat
2066 2535 2096 2597 Ι
2113 2583 2130 2613 ,
2162 2533 2236 2613 6,
2268 2536 2383 2615 4ο,

218 2671 227 2680 ·
307 2640 426 2719 413
463 2640 525 2704 ΙΙ
543 2687 560 2718 ,
592 2637 669 2718 5,
702 2661 805 2720 21,
836 2656 937 2718 et,
962 2640 1276 2729 quoniam
1304 2651 1645 2706 versamur
1672 2640 1740 2703 in
1773 2638 2259 2728 orthographiae
2287 2662 2385 2704 ra-

298 2744 518 2823 tione,
541 2746 843 2835 inprimis
866 2750 926 2826 1,
949 2748 1207 2836 integro
1231 2749 1442 2838 capite
1466 2772 1524 2834 7.
1548 2747 1617 2812 Si
1640 2745 1884 2835 duplex
1907 2746 2032 2812 fuit
2054 2743 2385 2811 scribendi

306 2871 481 2928 mos,
497 2851 619 2940 qui
635 2851 741 2917 vel
758 2851 843 2918 ad
866 2869 1133 2942 etymon
1160 2869 1227 2920 et
1244 2853 1779 2944 antiquissimum
1802 2874 1996 2917 usum
2017 2867 2187 2917 esset
2205 2873 2381 2918 com·

308 2955 583 3044 posituS,
602 2974 668 3020 et
682 2974 1111 3044 usurparetur
1125 2959 1191 3022 in
1210 2957 1617 3026 sollennibus
1637 2956 1963 3022 foederum
1986 2955 2383 3022 carminibus

290 3075 1030 3152 ,monumentorumque
1065 3063 1304 3142 titulis,
1338 3063 1444 3128 vel
1475 3064 1545 3127 in
1576 3086 1883 3130 sermone
1922 3062 2222 3127 familiari
2256 3061 2380 3124 fre-

306 3184 772 3256 quentaretur,
818 3167 947 3236 hoc
987 3171 1290 3259 profecto
1336 3185 1437 3238 est
1475 3191 1633 3238 usus
1677 3172 1746 3234 in
1792 3168 2142 3238 scribendo
2188 3166 2383 3236 etiam

290 3275 577 3341 nomine
609 3299 730 3343 suo
762 3279 855 3342 M.
891 3277 1149 3346 Fabius.
1180 3279 1415 3366 Neque
1450 3292 1616 3356 erat,
1649 3293 1847 3365 puto,
1874 3274 2055 3366 quod
2085 3273 2385 3341 nobilita-

290 3395 441 3452 sem
469 3380 859 3470 quamdam,
897 3367 1270 3450 Lamiarum
1299 3382 1636 3462 aemulam,
1673 3382 1739 3448 in
1771 3381 2053 3446 nominis
2082 3378 2383 3469 signandi

301 3484 990 3569 rationavindicanet,
1036 3489 1347 3578 quoniam
1391 3489 1532 3578 ejus
1572 3488 1673 3553 rei
1707 3487 1910 3576 gratia
1946 3484 2147 3553 hodie
2185 3486 2383 3551 etiam

305 3589 373 3653 in
426 3590 801 3679 vulgaribus
846 3593 1086 3682 linguis
1137 3609 1552 3683 praeposterae
1599 3611 1666 3658 et
1705 3590 1993 3659 horridae
2034 3592 2383 3657 nominum

302 3694 647 3782 scripturae
674 3698 1071 3778 retinentur,
1102 3720 1250 3786 quae
1281 3720 1506 3778 causa,
1536 3698 1697 3788 quin
1730 3695 1910 3786 apud
1941 3696 2283 3779 Quinctios
2316 3713 2382 3759 et

304 3799 698 3882 Quinctilios
733 3802 1043 3882 valuerit,
1079 3802 1391 3894 equidem
1433 3826 1568 3869 non
1607 3825 2008 3891 magnopere
2045 3823 2381 3890 repugn03

305 3903 424 3971 sed
443 3905 996 3988 Quintilianorum
1014 3907 1137 3973 alia
1157 3925 1257 3974 est
1273 3908 1588 3976 conditio.
1613 3910 1772 3974 Haec
1789 3907 2134 3986 hactenus,
2160 3928 2381 3994 neque

302 4031 546 4075 excuso
575 4008 981 4100 diligentiam
1007 4014 1076 4079 in
1102 4015 1435 4104 scriptoris
1463 4016 1596 4080 mei
1623 4012 1891 4112 nomine
1915 4009 2380 4078 constituendo

304 4114 583 4214 fortasse
632 4137 769 4186 non
816 4116 1105 4192 nimiam.
1145 4118 1427 4220 Quando
1448 4135 1700 4218 ,autem
1745 4138 1961 4186 sermo
2009 4116 2242 4236 incidit
2296 4114 2381 4184 de
