3200 5150
678 518 1326 586 INSTITUTIONIS
1363 518 1616 584 ORAT.
1660 520 1821 583 LIB.
1863 521 1955 599 ΙΙ,
2007 523 2101 585 13.

2305 521 2429 588 325

353 661 423 712 et
458 639 530 711 in
566 640 761 714 vultu
799 642 993 714 mille
1022 642 1302 742 specieS.
1332 643 1636 713 Cursum
1671 642 1932 714 habent
1962 644 2282 743 quaedam
2304 659 2323 690 ¹
2369 666 2435 716 et
2481 676 2541 710 lo

352 756 732 855 impetum,
771 759 1012 831 sedent
1048 758 1212 850 alia,
1244 758 1350 830 vel
1386 758 1843 848 incumbunt3
1884 759 2076 831 nuda
2111 760 2288 849 haec,
2320 760 2439 832 illa

353 872 573 944 velata
610 894 808 961 sunt;
845 873 1165 972 quaedam
1203 874 1413 944 mixta
1446 900 1527 945 ex
1561 894 1890 971 utroque:
1927 874 2098 972 quid
2131 896 2274 946 tam
2311 874 2440 945 dis-

353 1004 609 1058 tortum
646 1008 713 1058 et
745 987 1209 1076 elaboratum,
1244 1015 1460 1086 quam
1496 1008 1595 1059 est
1627 987 1742 1059 ille
1771 988 2177 1060 Discobolos
2209 991 2441 1086 Myro·

354 1099 551 1172 nis2?
577 1102 646 1173 Si
675 1104 830 1201 quis
855 1123 1087 1176 tamen
1104 1162 1123 1194 ,
1154 1125 1232 1175 ut
1256 1130 1509 1202 parum
1537 1123 1802 1175 rectum
1819 1161 1837 1194 ,
1865 1104 2213 1202 improbet
2234 1131 2440 1202 opuS‚

320 1242 593 1304 ‘nonne
623 1218 711 1290 ab
742 1219 1092 1292 intellectu
1128 1221 1287 1292 artis
1319 1219 1649 1308 abfuerit,
1685 1220 1756 1290 in
1788 1246 1928 1317 qua
1958 1219 2065 1290 vel
2102 1220 2445 1318 praecipue

351 1330 722 1404 laudabilis
747 1355 847 1406 est
870 1335 986 1405 illa
1018 1334 1163 1434 ipsa
1188 1335 1450 1406 novitas
1480 1362 1557 1405 ac
1585 1333 2000 1405 difficultas?
2022 1334 2260 1424 Quam
2289 1334 2448 1432 qui·
2489 1361 2544 1396 ιι

355 1444 518 1518 dem
544 1448 831 1546 gratiam
854 1470 920 1520 et
939 1449 1464 1522 delectationem
1483 1447 1511 1493 ³
1534 1450 1839 1521 afferunt
1863 1448 2134 1547 figurae,
2151 1474 2447 1547 quaeque

352 1636 482 1677 tum.
508 1628 573 1677 Et
596 1629 670 1679 sic
690 1627 856 1681 Codd.
882 1629 1028 1682 haud
1051 1631 1213 1683 dubie
1237 1650 1354 1682 om-

350 1723 445 1756 nes
473 1703 624 1775 (nam
650 1708 794 1776 quod
816 1714 968 1763 Voss.
996 1724 1101 1761 tres
1124 1723 1176 1762 et
1200 1713 1351 1762 Rern.

353 1781 480 1837 dare
509 1800 787 1839 narrantur
817 1800 868 1840 et
887 1790 1113 1861 saecum,
1148 1791 1193 1839 is
1227 1789 1352 1840 levis

352 1876 444 1915 aut
471 1863 811 1918 scribentium
845 1881 935 1920 aut
968 1868 1353 1919 conferentium

354 1955 432 1994 est
453 1942 645 2014 error);
665 1945 923 1998 accedunt
945 1946 1065 1998 edd.
1088 1965 1215 1998 meae
1241 1948 1357 2016 qui-

353 2019 503 2087 dem,
531 2041 698 2093 usque
724 2025 791 2076 ad
814 2026 1057 2077 Stcerium
1090 2024 1213 2095 1591
1245 2026 1359 2096 pri-

354 2117 501 2151 mum
522 2099 734 2153 dantem
753 2101 966 2175 effictis,
985 2124 1184 2158 omnes.
1203 2102 1357 2155 Unde

352 2180 511 2248 igitur
524 2193 647 2231 nata
663 2183 727 2231 sit
742 2195 949 2253 recepta
963 2222 978 2248 ‚
996 2202 1103 2234 non
1120 2179 1357 2247 dixerim,

352 2275 556 2328 neque,
574 2261 699 2328 quin
715 2259 782 2310 ab
802 2261 1007 2313 erudito
1026 2261 1256 2332 quodam
1278 2281 1361 2313 ex-

357 2339 586 2407 cogitata
608 2339 792 2405 fuerit,
813 2338 1017 2391 dubim.
1035 2341 1250 2408 Quanto
1271 2357 1361 2390 au·

356 2427 463 2467 tem
488 2427 568 2468 est
590 2417 813 2484 facilior,
838 2433 984 2470 tanto
1011 2422 1181 2470 minus
1205 2417 1361 2470 debe-

356 2493 446 2546 bat
473 2513 655 2548 secure
678 2499 978 2568 propagari.
998 2499 1190 2566 Regius
1215 2510 1362 2547 caete·

355 2567 729 2645 rique'veteres
749 2579 1058 2647 interpretes
1078 2596 1144 2628 ne
1163 2574 1361 2627 haerent

356 2653 570 2723 quidem
595 2655 646 2705 in
669 2653 933 2704 vocabulo
964 2672 1088 2704 sane
1118 2656 1266 2705 mir-0.
1292 2656 1360 2705 Ni

355 2731 494 2783 forte
510 2734 830 2802 ingeniosior
843 2732 1032 2803 aliquis
1047 2735 1258 2784 criticus
1275 2752 1361 2784 ex-

358 2813 589 2880 cogitet,
619 2812 761 2882 quod
789 2813 1008 2883 propius
1038 2810 1105 2863 ad
1132 2824 1361 2863 veterem

359 2891 671 2961 scripturam
692 2888 937 2955 accedat,
961 2908 1057 2959 ego
1083 2892 1137 2940 in
1162 2889 1247 2941 illa
1274 2909 1363 2942 ac-

357 2969 659 3040 quieverim.
682 2968 895 3019 Factum
917 2980 1092 3019 autem
1112 2968 1361 3019 masculi-

357 3065 430 3100 no
458 3065 649 3117 genere
677 3047 876 3098 dictum
909 3049 1147 3098 existimo
1177 3046 1245 3097 ab
1273 3046 1361 3097 illa

346 3124 589 3198 faciendi
597 3126 994 3197 significatione,
1004 3144 1118 3197 quae
1130 3138 1206 3176 est
1218 3123 1363 3196 apud

358 3205 665 3257 Ciceronem
682 3224 788 3256 non
804 3203 1281 3276 infrequens‚velut
1295 3202 1362 3254 de

358 3284 503 3337 Orat.
531 3285 626 3349 111,
649 3283 749 3349 48:
782 3305 803 3329 α
821 3285 989 3334 oratio
1012 3283 1179 3356 polita
1204 3295 1361 3352 atque

364 3361 551 3433 nfecta
597 3362 991 3432 quodammodo
1018 3388 1039 3411 a
1069 3385 1083 3426 ;
1130 3365 1360 3432 itemque

359 3440 502 3491 Brut.
525 3460 572 3491 c.
597 3442 626 3493 8
645 3464 656 3492 :
687 3466 709 3488 α
730 3456 973 3494 accurata
996 3455 1046 3494 ct
1057 3443 1208 3514 facta
1231 3459 1362 3512 quo·

367 3540 390 3565 σι
410 3520 696 3572 dammodo
726 3524 910 3573 oratio.
934 3546 956 3569 a
991 3522 1238 3572 Horatius
1267 3521 1361 3572 Sa-

356 3598 441 3648 tir.
466 3596 515 3662 1,
545 3615 631 3664 ιο,
653 3598 748 3651 58:
779 3600 1171 3652 “Versiculosm
1196 3601 1361 3668 magis

369 3675 578 3746 «factos
606 3691 656 3728 et
685 3690 867 3729 euntes
896 3678 1109 3729 Mollius
1132 3700 1153 3723 κ
1178 3697 1192 3738 ;
1222 3689 1274 3728 et
1295 3679 1362 3742 V,

362 3753 461 3819 32,
478 3753 575 3806 33:
600 3754 696 3805 «ad
712 3773 942 3825 unguem
949 3756 1130 3826 factus
1142 3754 1362 3818 homo-3

362 3833 456 3885 uhi
477 3832 595 3884 vide
616 3846 719 3884 vet.
747 3832 913 3885 schol.
940 3836 1129 3886 Fateor
1151 3831 1366 3886 destitui

359 3930 449 3964 me
464 3910 616 3963 simili
632 3910 853 3963 verbalis
868 3914 1094 3963 nominis
1108 3931 1228 3979 usu,
1243 3931 1368 3964 nam

352 3992 535 4063 factus
561 3990 693 4055 olei,
721 3993 811 4061 qui
840 4004 919 4041 est
945 3991 1088 4062 apud
1113 3993 1369 4043 Catonem

364 4070 458 4138 67,
497 4087 550 4135 1,
586 4082 638 4121 et
664 4069 794 4121 Plin.
828 4071 962 4120 nist.
998 4071 1110 4134 XV,
1139 4069 1205 4133 6,
1237 4069 1369 4121 nihil

365 4148 501 4199 lucis
525 4148 734 4200 sufficit.
761 4147 922 4199 Panlo
948 4149 1112 4217 magis
1136 4144 1242 4198 huc
1265 4161 1369 4200 tra-

366 4225 464 4277 has
489 4227 633 4297 quod
662 4228 788 4280 dicit
810 4230 976 4281 Varro
1001 4224 1068 4279 de
1090 4227 1152 4278 R.
1177 4226 1236 4279 R.
1268 4227 1369 4294 111,

1449 1647 1494 1693 1,
1522 1647 1583 1681 10
1601 1650 1616 1680 :
1648 1650 1671 1675 ι
1689 1628 1811 1681 villa
1837 1630 2072 1679 ornatior
2092 1629 2269 1679 fructu
2291 1647 2448 1699 quam

1448 1729 1470 1752 ιι
1480 1706 1654 1778 factu.
1677 1731 1699 1754 n
1728 1709 1794 1757 Et
1816 1720 1993 1778 potest
2013 1707 2084 1758 ob
2104 1709 2274 1777 ipsam
2291 1725 2452 1777 paro-

1442 1787 1765 1852 nmnasimn,
1788 1784 1960 1855 qualis¹
1981 1787 2134 1836 etiam
2158 1785 2301 1856 apud
2318 1788 2452 1836 Var-

1443 1883 1629 1916 ronem
1644 1903 1661 1930 ‚
1699 1866 1930 1934 ignotius
1968 1882 2251 1935 usurpasse
2288 1882 2450 1916 voca-

1445 1943 1631 1995 bulum
1651 1946 1832 2013 Quint.
1847 1981 1864 2009 ,
1884 1962 2056 2013 neque
2078 1945 2216 1994 enim
2235 1961 2454 2013 prorsus

1448 2036 1703 2092 spernunt
1729 2022 1835 2073 hoc
1861 2035 2092 2087 veteres,
2118 2021 2263 2091 quod
2289 2020 2452 2073 hodie

1447 2103 1605 2152 etiam
1632 2102 2115 2172 frequentissimum
2147 2112 2227 2151 est
2259 2112 2317 2150 ut
2348 2098 2453 2151 ho-

1446 2180 1785 2232 moeoteleuta
1812 2180 2071 2233 vocabula
2104 2182 2453 2250 geminentur,

1446 2258 1590 2310 velut
1607 2259 1902 2324 honoratus,
1921 2269 2185 2320 oneratum
2199 2277 2332 2330 spes,
2351 2276 2451 2319 res,-

1448 2335 1659 2402 ποὸἰὶἰς,
1686 2337 1902 2390 mobilis.
1923 2339 2166 2389 Fortasse
2185 2337 2350 2389 latent
2367 2353 2452 2387 me

1447 2429 1683 2467 veterum
1707 2416 1854 2483 loca,
1880 2415 2021 2468 unde
2043 2414 2341 2488 praesidium
2365 2433 2455 2486 pe-

1450 2508 1592 2546 tatur
1606 2497 1874 2568 scripturae
1888 2494 2056 2548 Codd.
2071 2532 2087 2558 .,
2106 2512 2262 2564 quam
2276 2513 2455 2565 recep-

1450 2589 1503 2627 ta
1541 2574 1726 2628 saltem
1752 2559 1967 2629 ¹mutare
2003 2594 2114 2627 non
2145 2577 2448 2627 sustineam.

1450 2655 1664 2706 Factum
1693 2655 1852 2724 igitur
1877 2654 2242 2725 explicaverim
2263 2676 2276 2703 ε
2306 2672 2453 2706 sum—

1449 2750 1591 2782 mam
1602 2730 1661 2782 'in
1681 2733 1919 2803 perfecto
1940 2751 2101 2802 opere
2122 2732 2450 2801 elegantiam.

1448 2808 1649 2860 -ΒΒ,
1692 2825 1748 2876 1,
1785 2827 1848 2877 2,
1883 2810 1915 2861 3
1949 2823 2002 2859 et
2032 2809 2223 2875 Cum,
2255 2819 2307 2860 et
2327 2809 2454 2881 fac-

1450 2897 1579 2939 tum.
1605 2890 1698 2939 En.

1516 2983 1534 3017 1
1548 3007 1558 3017 .
1577 2966 1841 3036 Qua-dam.
1856 2967 2030 3019 Guelf.
2042 2966 2318 3039 quemdam
2333 2984 2452 3017 cum

1449 3058 1574 3096 vett.
1602 3045 1804 3115 aliquot
1829 3045 1949 3096 edd.

1525 3141 1572 3175 a.
1609 3123 1899 3175 Discobolos
1931 3123 2182 3193 Myronis.
2217 3122 2456 3173 Meminit

1451 3202 1581 3254 Plin.
1614 3203 1745 3252 Hist.
1777 3204 1897 3253 Nat.
1923 3203 2160 3268 xxxw,
2193 3218 2284 3269 19,
2307 3201 2372 3269 3,
2397 3220 2452 3273 p.

1452 3284 1564 3353 Bip.
1592 3281 1710 3351 ²37·
1738 3279 1848 3333 Sed*
1866 3281 1940 3333 ad⁸
1957 3283 2130 3332 vivum
2151 3283 2322 3353 pingit
2346 3281 2456 3332 Lu-

1452 3364 1634 3411 cianus
1652 3382 1663 3410 :
1688 3359 1800 3412 MS&
1818 3354 1894 3413 τᾶν
1912 3356 2238 3411 διακούοννται...
2257 3357 2362 3427 ogit,
2379 3352 2457 3412 oro'r

1452 3434 1762 3497 ὄπικαυφὸτι
1785 3434 1918 3490 mei
1945 3436 1999 3490 ori
2034 3439 2198 3504 οχῖμα
2229 3439 2310 3493 «τῖς
2343 3435 2458 3498 «ἶρί-

1454 3537 1581 3578 σους,
1608 3513 1986 3585 ἀποστραμμίνον
2012 3515 2071 3573 εἷς
2097 3514 2177 3569 fraiv
2205 3515 2459 3586 δισκοφόρον

1450 3595 1647 3667 (intell.
1683 3594 1882 3667 χοῖροι),
1921 3592 2069 3663 »ipim
2108 3591 2367 3662 ὀκλάζοντα.
2392 3593 2467 3662 σᾷ

1453 3672 1588 3744 ι’τίρφ
1613 3674 1738 3746 (int.
1767 3672 1952 3748 coel),
1976 3671 2160 3726 ὄοικᾶτιι
2177 3674 2464 3740 §vuarato-rn-

1454 3751 1626 3822 σομὶνῳ
1636 3750 1768 3820 ,und
1780 3756 1860 3810 τῖε
1877 3756 2017 3816 βολῖς
2026 3776 2045 3819 3
2064 3756 2218 3805 Mox:
2238 3753 2330 3804 erar
2349 3748 2461 3803 Mb·

1455 3855 1584 3903 μενος
1610 3834 1749 3901 istm
1768 3832 1812 3886 ἲν
1837 3833 1918 3884 καὶ
1940 3829 2082 3885 «οὔτέ
2110 3833 2230 3884 imm
2258 3829 2282 3881 ὅ
2303 3831 2462 3881 δισκο-

1456 3911 1612 3974 εόλος,
1651 3910 1695 3964 ὃν
1731 3909 1894 3978 λὶγοις.
1938 3908 2275 3981 Philopseud.
2315 3911 2425 3982 Bip.
2443 3948 2462 3977 ,

1453 3991 1559 4041 vol.
1580 3992 1705 4055 VH,
1729 4010 1783 4061 p.
1814 3990 1932 4042 268.

1528 4068 1578 4121 3.
1601 4069 1829 4137 Quam...
1846 4067 2081 4119 delectat.
2099 4067 2351 4120 Eamdem
2367 4086 2463 4121 va·

1456 4149 1655 4199 rietatis
1672 4146 2028 4219 voluptatem,
2046 4160 2207 4220 quam
2225 4146 2390 4203 flexus
2407 4150 2465 4200 in

1460 4228 1645 4279 statuis
1672 4239 1724 4279 et
1745 4227 1984 4300 picturis.
