3200 5150
714 512 1357 589 INSTITUTIONIS
1393 524 1649 595 ORAT.
1689 532 1847 599 LIB.
1887 537 1953 615 1,
1996 538 2055 604 5.

2308 548 2426 629 145

337 657 485 705 non
507 634 748 708 Latine
774 639 1058 736 quidem
1079 644 1245 732 „sed
1265 646 1429 719 citra
1448 652 2056 748 reprehensionem
2083 660 2424 760 loquetur.

334 748 696 848 Simplices
724 780 923 826 voces
941 770 990 844 ¹,
1022 758 1248 855 prima
1276 763 1615 860 positione
1633 782 1695 856 ²,
1726 770 1797 841 id
1822 793 1958 861 est,
1985 797 2232 849 natura
2260 808 2423 873 sua,
2462 798 2530 859 65

333 886 686 955 constant3
725 872 1156 968 compositae,
1195 896 1315 947 aut
1346 882 1943 978 praepositionibus
1971 892 2424 993 subjungun-

236 968 245 977 ’
327 996 444 1048 tur
458 1035 478 1068 ‚
508 1000 582 1051 ut
602 987 921 1056 innocens
943 985 1158 1082 (dum
1180 1017 1269 1062 ne
1290 996 1764 1092 pugnantibus
1781 998 1808 1043 ³
1830 1002 2007 1075 inter
2025 1031 2095 1077 se
2115 1007 2422 1104 duabus,

326 1093 533 1191 quale
558 1117 658 1168 est
681 1102 1162 1198 imperterritus
1176 1102 1244 1193 4,³
1268 1106 1525 1208 alioqui
1540 1126 1843 1210 'possunt
1865 1116 2237 1218 aliquando
2263 1154 2423 1201 con*

402 1272 446 1333 i.
480 1282 802 1356 Simplices...
837 1300 1088 1345 constant.
1117 1294 1325 1349 Transit

322 1358 392 1411 ad
414 1360 568 1413 aliam
590 1379 794 1435 partem
817 1366 1085 1424 divisionis
1108 1392 1213 1426 suae
1236 1393 1325 1427 su·-

318 1458 417 1509 pra
442 1446 726 1514 propositae
751 1448 801 1513 1,
825 1446 876 1514 5,
905 1450 954 1501 3.
975 1450 1093 1503 Vid.
1121 1467 1175 1505 et
1195 1456 1244 1519 1,
1270 1453 1321 1521 5,

319 1517 405 1570 55.
432 1522 677 1574 Constant
693 1524 885 1578 dicitur
902 1528 1232 1600 respiciendo
1254 1533 1323 1586 ad

316 1600 622 1670 compositus
641 1621 805 1667 voces,
831 1624 944 1677 quae
963 1608 1086 1661 solae
1104 1615 1319 1683 proprie

314 1689 576 1743 constant,
602 1678 656 1730 h.
684 1699 730 1732 e.
754 1699 930 1753 partes
955 1705 1076 1740 suas
1100 1688 1314 1743 habent.

312 1755 498 1807 Prima
517 1759 772 1830 positione
792 1775 1059 1831 constant,
1077 1767 1128 1819 h.
1157 1788 1203 1821 e.
1224 1792 1236 1821 :
1264 1771 1317 1823 Si

308 1853 491 1888 nerem
515 1840 769 1908 originem
787 1856 839 1894 et
857 1858 1097 1898 naturam
1116 1849 1318 1919 simpli-

313 1917 457 1967 cium
475 1916 600 1969 velis
621 1937 827 1988 eruere,
843 1925 1201 1995 investiganda
1222 1928 1317 1980 tibi

313 2009 394 2049 est
420 1999 589 2069 prima
616 2002 842 2071 positio,
869 2003 924 2055 h.
955 2024 1001 2057 e.
1031 2009 1315 2061 nominati-

312 2093 410 2127 vus
424 2112 442 2141 ‚
466 2076 607 2130 unde
630 2080 744 2149 ipsa
765 2099 870 2133 vox
891 2097 945 2135 et
966 2088 1137 2137 caeteri
1160 2104 1313 2140 casus

309 2154 564 2226 pendent.
593 2159 726 2213 Vide
760 2179 873 2233 seq.
912 2177 1022 2216 not.
1055 2193 1124 2205 —
1150 2166 1315 2219 Aliter

311 2248 490 2286 autem
528 2236 805 2291 Turnebus
846 2259 1003 2293 voces
1050 2244 1313 2315 simplices

308 2313 583 2384 intelligit:
619 2318 730 2370 scil.
766 2322 982 2372 nomina
1010 2323 1310 2393 pn‘mitiva,

311 2410 427 2462 quae
450 2392 518 2445 ab
540 2392 646 2446 elio
669 2414 781 2449 non
799 2415 1211 2470 componuntur,
1231 2403 1313 2455 di·-

306 2485 605 2544 cunturque
638 2475 704 2527 ab
738 2477 851 2531 aliis
884 2481 1099 2533 nomina
1126 2484 1313 2553 primoe

306 2550 661 2624 impositionis.
694 2556 759 2608 Et
785 2577 903 2612 eam
930 2579 1107 2612 veram
1141 2561 1308 2633 expli-

304 2634 569 2694 cationem
592 2652 707 2686 esse
731 2654 1032 2690 censemus:
1060 2658 1181 2691 nam
1202 2640 1307 2694 hoc

300 2707 467 2760 modo
495 2728 637 2763 voces
665 2713 918 2784 simplices
946 2727 1095 2782 sunt,
1132 2732 1183 2769 et
1210 2736 1306 2770 sua

292 2785 553 2857 positione
577 2800 814 2842 constant
829 2813 848 2853 ;
877 2797 1181 2865 compositae
1209 2815 1306 2849 au-

302 2877 442 2930 tem,
472 2879 531 2917 ut
562 2866 722 2919 modo
756 2867 912 2936 dicit,
938 2883 1034 2923 aut
1054 2876 1302 2945 proeposi-
1346 2885 1353 2890 '

300 2942 525 2996 tionibus
537 2945 937 3019 subjunguntur,
954 2962 1072 3014 aut,
1091 2964 1189 3002 etc.
1206 2954 1298 3005 En.

373 3038 422 3073 2.
439 3022 620 3074 Prima
634 3025 907 3096 positione,
930 3026 984 3076 id
1001 3038 1090 3093 est,
1112 3040 1301 3083 natura

296 3119 406 3153 sua.
427 3101 659 3155 Conatus
680 3122 797 3157 sum
809 3105 1025 3158 reddere
1040 3109 1300 3162 rationem

296 3178 581 3234 locutionis
594 3184 768 3253 prima
776 3185 1032 3255 positione
1043 3199 1294 3241 constant.
1372 3241 1385 3248 ,
1466 3201 1475 3211 “

298 3261 442 3313 Dura
462 3274 638 3315 tamen
656 3282 717 3316 ea
735 3263 865 3316 mihi
882 3264 1104 3332 videtur,
1125 3282 1178 3322 et
1196 3267 1297 3322 levi

292 3343 587 3394 mutatione
618 3346 792 3415 aptior
818 3363 977 3415 posse
1009 3347 1148 3400 effici
1173 3368 1295 3404 sen-

292 3423 474 3473 tentie.
503 3422 555 3474 Si
584 3422 857 3494 abjicimus
890 3425 944 3475 id
973 3437 1074 3490 est,
1108 3447 1293 3483 sensus

291 3501 389 3551 erit
402 3497 488 3551 hic
506 3522 519 3551 ι
535 3500 802 3573 Simplices
816 3521 957 3556 voces
974 3515 1162 3557 natum
1178 3526 1289 3575 sua,

288 3573 346 3626 b.
378 3595 453 3643 e.‚
482 3596 539 3629 se
564 3581 724 3649 ipsis,
752 3581 908 3646 solis,
938 3583 1138 3647 ιιῠνταῗς,
1166 3604 1293 3638 con-

286 3664 453 3719 stant,
473 3656 647 3726 prima
656 3659 936 3728 positione,
956 3660 1010 3712 h.
1033 3682 1078 3714 e.
1095 3665 1291 3717 incasu

286 3736 631 3786 nominativo.
653 3738 797 3804 Jam,
817 3742 906 3810 qui
924 3745 1217 3795 meminerit
1234 3747 1289 3797 in

288 3811 458 3866 codd.
487 3816 681 3883 pariter
711 3829 764 3868 et
795 3822 1020 3890 antiquis
1052 3822 1201 3889 edd.‚
1234 3823 1291 3875 id

286 3900 387 3957 est,
409 3888 513 3942 hac
535 3905 663 3943 nota
686 3893 841 3946 scribi
868 3931 881 3947 .
898 3898 917 3946 i
933 3936 944 3947 .
957 3935 975 3962 ,
999 3900 1155 3953 facile
1178 3921 1290 3954 cre-

288 3966 383 4020 det
409 3987 570 4021 unam
596 3969 787 4023 lineam
813 3977 1051 4044 potuisse
1078 3998 1176 4050 per
1206 3999 1289 4032 er-

266 4045 461 4100 rorem
482 4051 629 4101 nasci
650 4069 715 4102 ex
736 4052 877 4123 ipsa,
903 4072 1016 4125 quae
1034 4061 1287 4130 sequitur,

280 4125 461 4178 littera
477 4146 531 4179 n.
554 4127 901 4198 Blandis-etur,
919 4152 1134 4188 necesse
1147 4152 1284 4206 erat,

282 4202 406 4257 talis
422 4223 566 4259 error
578 4206 799 4267 librariis
818 4209 885 4265 de
900 4217 1157 4268 sententia
1169 4218 1286 4290 ipsa

504 4311 548 4347 ι.

1412 1300 1522 1351 fere
1541 1305 1753 1356 securis.
1777 1302 1968 1358 Nullus
1988 1321 2163 1363 tamen
2183 1313 2312 1366 cod.
2335 1316 2425 1369 ad·

1412 1375 1541 1429 dicit
1573 1378 1698 1431 huic
1732 1388 2078 1454 conjecturae,
2107 1408 2281 1461 neque
2312 1395 2423 1449 ulla

1413 1456 1590 1509 editio.
1629 1461 1902 1528 Quantum
1934 1466 2104 1519 forma
2137 1472 2236 1522 ista
2270 1474 2325 1525 id
2351 1487 2425 1528 est

1411 1533 1557 1587 abuti
1602 1538 1799 1591 fuerint
1845 1542 1985 1595 soliti
2032 1545 2258 1615 librarii,
2302 1554 2422 1606 vide

1408 1613 1582 1665 Burm.
1620 1615 1689 1667 ed
1721 1619 1939 1672 Sueton.
1973 1624 2140 1693 Aug„
2167 1646 2284 1699 cap.
2317 1632 2418 1699 88,

1406 1711 1460 1764 p.
1482 1694 1584 1763 437
1605 1716 1619 1756 ;
1642 1709 1694 1747 et
1711 1697 1919 1751 Ruhnk.
1942 1700 2012 1752 ad
2031 1704 2212 1757 Vellei.
2235 1711 2308 1774 11,
2332 1713 2414 1764 23.

1481 1772 1529 1823 3.
1548 1774 1690 1823 Dum
1707 1793 1773 1826 ne
1781 1782 2149 1850 puqnantibus.
2161 1786 2246 1836 Sic
2263 1789 2414 1843 Bern-

1407 1851 1500 1918 qui
1538 1864 1714 1903 tamen
1747 1873 1844 1923 pro
1874 1874 2040 1929 puyn.
2076 1859 2167 1911 dat
2200 1862 2413 1939 repuqn.

1404 1928 1523 1981 Ald.
1551 1933 1713 1982 Viart.
1745 1934 1940 1987 Contra
1970 1939 2143 1991 Guelf.
2176 1941 2251 2013 (si
2275 1961 2416 2001 recte

1404 2009 1644 2079 contuli)
1668 2012 1927 2065 interdum
1958 2035 2023 2067 ne
2039 2037 2205 2091 pugn.
2229 2029 2412 2078 Venet.

1402 2086 1597 2161 (quam
1626 2091 1761 2144 male
1791 2099 2050 2167 excerpsit
2072 2100 2257 2172 Gibs.)
2284 2105 2415 2157 dum

1403 2184 1470 2217 ne
1497 2168 1756 2221 interdum
1787 2172 1999 2245 repiuqn.
2040 2179 2223 2230 Caeteri
2252 2182 2413 2235 inter·-

1402 2245 1527 2297 dum
1554 2266 1769 2321 repuqn.
1793 2252 1989 2305 Videor
2009 2256 2138 2309 mihi
2163 2259 2410 2318 debuisse

1401 2327 1680 2396 praeferre,
1706 2347 1864 2399 quam
1888 2339 2152 2403 expressi,
2181 2343 2410 2413 scriptu-

1401 2421 1530 2456 ram.
1561 2407 1705 2474 Quid
1734 2411 1873 2460 enim
1902 2425 1982 2463 est
2006 2414 2262 2488 alioqui...
2284 2440 2409 2492 pos-

1398 2495 1544 2548 sunt,
1572 2488 1618 2536 si
1640 2506 1708 2539 ne
1733 2490 2050 2545 antecedens
2077 2497 2290 2567 quidem
2311 2503 2407 2555 im-

1396 2563 1642 2634 probavit
1684 2568 2078 2636 Quintilianus?
2114 2579 2258 2646 Quid
2295 2596 2407 2652 est,

1398 2643 1546 2713 quod
1560 2658 1830 2717 tamquam
1844 2655 2075 2721 speciem
2083 2674 2407 2730 componen-

1396 2721 1581 2776 darum
1609 2744 1802 2780 vocum
1831 2748 2225 2797 recenset-eum
2257 2759 2415 2799 consp.

1374 2829 1377 2834 >
1392 2802 1631 2870 ponendi
1645 2804 1862 2858 modum
1873 2845 1890 2874 ‚
1906 2810 1999 2862 ubi
2013 2831 2205 2868 coeant
2225 2837 2405 2896 repuq-

1392 2882 1602 2947 nantia,
1622 2889 1773 2954 quasi
1791 2889 1862 2953 is,
1883 2892 1974 2958 qui
1996 2890 2101 2946 hoc
2120 2911 2401 2970 agnoscat,

1390 2964 1563 3030 possit
1584 2962 1724 3015 idem
1748 2963 1975 3035 probare
2000 2973 2159 3037 talem
2177 2995 2400 3051 compo-

1390 3040 1636 3091 sitionem
1649 3044 1673 3092 ἲ
1684 3044 1763 3094 De
1778 3047 1979 3115 Virgilii
1992 3059 2253 3109 contraria
2268 3078 2398 3112 auo-

1384 3455 1451 3488 ne
1466 3442 1844 3511 puqnantibus,
1871 3447 1931 3497 R.
1967 3466 2011 3514 1,
2034 3450 2083 3502 6.
2115 3453 2389 3512 Interdum

1382 3521 1808 3590 repuynantibus,
1833 3525 1893 3575 R.
1919 3544 1978 3593 2,
2003 3529 2054 3596 5,
2078 3531 2238 3587 Csnr.
2265 3539 2384 3591 Cu.

1381 3609 1434 3646 et
1458 3595 1540 3647 ed.
1570 3598 1730 3652 Hack.
1757 3603 1849 3653 Eo.

1378 3832 1524 3881 rendi
1537 3869 1553 3896 ,
1593 3834 1650 3884 in
1686 3851 1862 3889 autern
1901 3841 2051 3894 tollat
2065 3883 2081 3909 ,
2114 3849 2381 3918 improbat

1377 3909 1480 3976 Qu.
1506 3909 1666 3962 talem
1694 3919 2165 3988 compositionem,
2192 3943 2295 3996 qua
2324 3933 2380 3982 in

1375 4005 1432 4037 re
1449 3989 1650 4057 Virgilii
1669 3994 1832 4061 ipsius
1851 3995 1952 4047 sibi
1970 3999 2268 4057 obstantem
2288 4008 2378 4061 ha·

1374 4063 1467 4118 bet
1485 4071 1876 4138 auctoritatem,
1891 4075 1994 4127 vid.
2018 4081 2132 4131 AEn.
2157 4083 2231 4148 X,
2254 4104 2373 4157 77⁰·

1372 4147 1457 4197 An
1477 4145 1674 4212 oblitus
1693 4164 1772 4202 est
1791 4156 1905 4222 ejus
1923 4155 2028 4209 loci
2047 4162 2274 4217 Noster?
2290 4171 2375 4221 An

1371 4226 1547 4295 poetis
1568 4225 1695 4281 solis
1717 4229 1842 4284 talia
1861 4239 2210 4304 permittenda
2227 4246 2375 4315 judi·

2024 4342 2085 4378 10
