<?xml version="1.0" encoding="UTF-8"?>
<!DOCTYPE html PUBLIC "-//W3C//DTD XHTML 1.0 Transitional//EN"
    "http://www.w3.org/TR/xhtml1/DTD/xhtml1-transitional.dtd">
<html xmlns="http://www.w3.org/1999/xhtml" xml:lang="en" lang="en">
 <head>
  <title>
</title>
<meta http-equiv="Content-Type" content="text/html;charset=utf-8" />
  <meta name='ocr-system' content='tesseract 3.04.00' />
  <meta name='ocr-capabilities' content='ocr_page ocr_carea ocr_par ocr_line ocrx_word'/>
</head>
<body>
  <div class='ocr_page' id='page_1' title='image "./deinstitutioneo12quingoog_0021.png"; bbox 0 0 3200 5150; ppageno 0'>
   <div class='ocr_carea' id='block_1_1' title="bbox 1130 512 2466 584">
    <p class='ocr_par' dir='ltr' id='par_1_1' title="bbox 1130 512 2466 584">
     <span class='ocr_line' id='line_1_1' title="bbox 1130 512 2466 584; baseline 0.006 -9"><span class='ocrx_word' id='word_1_1' title='bbox 1130 515 1355 577; x_wconf 69' lang='lat' dir='ltr'><strong>‚PRAE</strong></span> <span class='ocrx_word' id='word_1_2' title='bbox 1366 512 1670 579; x_wconf 76' lang='lat' dir='ltr'><strong>FATIO.</strong></span> <span class='ocrx_word' id='word_1_3' title='bbox 2380 539 2466 584; x_wconf 74' lang='lat' dir='ltr'><strong>xv</strong></span> 
     </span>
    </p>
   </div>
   <div class='ocr_carea' id='block_1_2' title="bbox 334 634 2490 4322">
    <p class='ocr_par' dir='ltr' id='par_1_2' title="bbox 334 634 2490 4322">
     <span class='ocr_line' id='line_1_2' title="bbox 338 634 2471 740; baseline 0.004 -31"><span class='ocrx_word' id='word_1_4' title='bbox 338 634 610 710; x_wconf 67' lang='lat' dir='ltr'><strong>,fructu</strong></span> <span class='ocrx_word' id='word_1_5' title='bbox 632 642 1025 738; x_wconf 71' lang='lat' dir='ltr'><strong>quaerenti,</strong></span> <span class='ocrx_word' id='word_1_6' title='bbox 1057 639 1410 713; x_wconf 90' lang='lat' dir='ltr'><strong>nonnihil</strong></span> <span class='ocrx_word' id='word_1_7' title='bbox 1438 641 1948 740; x_wconf 85' lang='lat' dir='ltr'><strong>impedimenti</strong></span> <span class='ocrx_word' id='word_1_8' title='bbox 1977 642 2235 716; x_wconf 80' lang='lat' dir='ltr'><strong>afferat</strong></span> <span class='ocrx_word' id='word_1_9' title='bbox 2250 702 2267 734; x_wconf 89' lang='lat'>,</span> <span class='ocrx_word' id='word_1_10' title='bbox 2289 642 2471 717; x_wconf 86' lang='lat' dir='ltr'><strong>huic</strong></span> 
     </span>
     <span class='ocr_line' id='line_1_3' title="bbox 360 750 2473 855; baseline 0.005 -34"><span class='ocrx_word' id='word_1_11' title='bbox 360 750 559 823; x_wconf 90' lang='lat' dir='ltr'><strong>malo</strong></span> <span class='ocrx_word' id='word_1_12' title='bbox 589 755 1000 827; x_wconf 90' lang='lat' dir='ltr'><strong>remedium</strong></span> <span class='ocrx_word' id='word_1_13' title='bbox 1034 754 1285 845; x_wconf 86' lang='lat' dir='ltr'><strong>attuli,</strong></span> <span class='ocrx_word' id='word_1_14' title='bbox 1315 756 1471 854; x_wconf 88' lang='lat' dir='ltr'><strong>jam</strong></span> <span class='ocrx_word' id='word_1_15' title='bbox 1508 772 1722 828; x_wconf 88' lang='lat' dir='ltr'><strong>antea</strong></span> <span class='ocrx_word' id='word_1_16' title='bbox 1752 775 2191 855; x_wconf 88' lang='lat' dir='ltr'><strong>usurpatum</strong></span> <span class='ocrx_word' id='word_1_17' title='bbox 2221 759 2473 831; x_wconf 89' lang='lat' dir='ltr'><strong>editio-</strong></span> 
     </span>
     <span class='ocr_line' id='line_1_4' title="bbox 336 866 2474 973; baseline 0.004 -36"><span class='ocrx_word' id='word_1_18' title='bbox 336 866 581 939; x_wconf 89' lang='lat' dir='ltr'><strong>·nibus</strong></span> <span class='ocrx_word' id='word_1_19' title='bbox 601 869 810 942; x_wconf 90' lang='lat' dir='ltr'><strong>dictis</strong></span> <span class='ocrx_word' id='word_1_20' title='bbox 837 872 915 945; x_wconf 93' lang='lat' dir='ltr'><em>V</em></span> <span class='ocrx_word' id='word_1_21' title='bbox 902 875 1215 942; x_wconf 82' lang='lat' dir='ltr'><strong>ariorum</strong></span> <span class='ocrx_word' id='word_1_22' title='bbox 1235 886 1304 941; x_wconf 85' lang='lat' dir='ltr'><strong>et</strong></span> <span class='ocrx_word' id='word_1_23' title='bbox 1321 871 1419 941; x_wconf 83' lang='lat' dir='ltr'><strong>ad</strong></span> <span class='ocrx_word' id='word_1_24' title='bbox 1433 897 1631 943; x_wconf 84' lang='lat' dir='ltr'><strong>usum</strong></span> <span class='ocrx_word' id='word_1_25' title='bbox 1653 866 1986 971; x_wconf 56' lang='lat' dir='ltr'><strong>Delphini</strong></span> <span class='ocrx_word' id='word_1_26' title='bbox 1997 902 2024 958; x_wconf 89' lang='lat'><em>;</em></span> <span class='ocrx_word' id='word_1_27' title='bbox 2048 901 2223 946; x_wconf 87' lang='lat' dir='ltr'><strong>nam</strong></span> <span class='ocrx_word' id='word_1_28' title='bbox 2247 874 2474 973; x_wconf 91' lang='lat' dir='ltr'><strong>quid-</strong></span> 
     </span>
     <span class='ocr_line' id='line_1_5' title="bbox 360 982 2475 1080; baseline 0.003 -28"><span class='ocrx_word' id='word_1_29' title='bbox 360 982 542 1080; x_wconf 87' lang='lat' dir='ltr'><strong>quid</strong></span> <span class='ocrx_word' id='word_1_30' title='bbox 571 983 792 1056; x_wconf 88' lang='lat' dir='ltr'><strong>semel</strong></span> <span class='ocrx_word' id='word_1_31' title='bbox 826 984 1119 1057; x_wconf 89' lang='lat' dir='ltr'><strong>bonum</strong></span> <span class='ocrx_word' id='word_1_32' title='bbox 1155 1002 1223 1055; x_wconf 92' lang='lat' dir='ltr'><strong>et</strong></span> <span class='ocrx_word' id='word_1_33' title='bbox 1260 984 1442 1056; x_wconf 88' lang='lat' dir='ltr'><strong>utile</strong></span> <span class='ocrx_word' id='word_1_34' title='bbox 1470 989 1838 1075; x_wconf 88' lang='lat' dir='ltr'><strong>innotuit,</strong></span> <span class='ocrx_word' id='word_1_35' title='bbox 1868 985 1982 1058; x_wconf 90' lang='lat' dir='ltr'><strong>vel</strong></span> <span class='ocrx_word' id='word_1_36' title='bbox 2021 993 2328 1078; x_wconf 80' lang='lat' dir='ltr'><strong>servari,</strong></span> <span class='ocrx_word' id='word_1_37' title='bbox 2360 987 2475 1060; x_wconf 90' lang='lat' dir='ltr'><strong>vel</strong></span> 
     </span>
     <span class='ocr_line' id='line_1_6' title="bbox 334 1095 2473 1199; baseline 0.004 -33"><span class='ocrx_word' id='word_1_38' title='bbox 334 1095 613 1177; x_wconf 65' lang='lat' dir='ltr'><strong>=saltem</strong></span> <span class='ocrx_word' id='word_1_39' title='bbox 659 1104 1016 1171; x_wconf 91' lang='lat' dir='ltr'><strong>omissum</strong></span> <span class='ocrx_word' id='word_1_40' title='bbox 1066 1103 1394 1171; x_wconf 87' lang='lat' dir='ltr'><strong>revocari</strong></span> <span class='ocrx_word' id='word_1_41' title='bbox 1447 1097 1682 1171; x_wconf 88' lang='lat' dir='ltr'><strong>debet.</strong></span> <span class='ocrx_word' id='word_1_42' title='bbox 1733 1102 1987 1199; x_wconf 85' lang='lat' dir='ltr'><strong>Itaque</strong></span> <span class='ocrx_word' id='word_1_43' title='bbox 2027 1126 2183 1174; x_wconf 89' lang='lat' dir='ltr'><strong>non</strong></span> <span class='ocrx_word' id='word_1_44' title='bbox 2227 1101 2473 1175; x_wconf 86' lang='lat' dir='ltr'><strong>solum</strong></span> 
     </span>
     <span class='ocr_line' id='line_1_7' title="bbox 358 1210 2480 1313; baseline 0.003 -31"><span class='ocrx_word' id='word_1_45' title='bbox 358 1210 567 1285; x_wconf 88' lang='lat' dir='ltr'><strong>lineis</strong></span> <span class='ocrx_word' id='word_1_46' title='bbox 590 1231 831 1287; x_wconf 72' lang='lat' dir='ltr'><strong>,textus</strong></span> <span class='ocrx_word' id='word_1_47' title='bbox 861 1218 1271 1313; x_wconf 80' lang='lat' dir='ltr'><strong>interpositi</strong></span> <span class='ocrx_word' id='word_1_48' title='bbox 1298 1219 1593 1287; x_wconf 87' lang='lat' dir='ltr'><strong>numeri</strong></span> <span class='ocrx_word' id='word_1_49' title='bbox 1623 1215 1718 1286; x_wconf 89' lang='lat' dir='ltr'><strong>ad</strong></span> <span class='ocrx_word' id='word_1_50' title='bbox 1747 1214 2275 1289; x_wconf 87' lang='lat' dir='ltr'><strong>columnarum</strong></span> <span class='ocrx_word' id='word_1_51' title='bbox 2301 1217 2480 1289; x_wconf 87' lang='lat' dir='ltr'><strong>infe-</strong></span> 
     </span>
     <span class='ocr_line' id='line_1_8' title="bbox 356 1330 2477 1419; baseline 0.002 -21"><span class='ocrx_word' id='word_1_52' title='bbox 356 1330 645 1399; x_wconf 88' lang='lat' dir='ltr'><strong>riorum</strong></span> <span class='ocrx_word' id='word_1_53' title='bbox 698 1346 907 1402; x_wconf 90' lang='lat' dir='ltr'><strong>notas</strong></span> <span class='ocrx_word' id='word_1_54' title='bbox 959 1330 1370 1419; x_wconf 84' lang='lat' dir='ltr'><strong>reducunt,</strong></span> <span class='ocrx_word' id='word_1_55' title='bbox 1418 1357 1681 1402; x_wconf 89' lang='lat' dir='ltr'><strong>verum</strong></span> <span class='ocrx_word' id='word_1_56' title='bbox 1732 1335 1952 1403; x_wconf 91' lang='lat' dir='ltr'><strong>etiam</strong></span> <span class='ocrx_word' id='word_1_57' title='bbox 2001 1331 2477 1404; x_wconf 84' lang='lat' dir='ltr'><strong>exterioribus</strong></span> 
     </span>
     <span class='ocr_line' id='line_1_9' title="bbox 342 1446 2477 1547; baseline 0.003 -31"><span class='ocrx_word' id='word_1_58' title='bbox 342 1449 801 1546; x_wconf 82' lang='lat' dir='ltr'><strong>paginarum</strong></span> <span class='ocrx_word' id='word_1_59' title='bbox 852 1446 1314 1547; x_wconf 77' lang='lat' dir='ltr'><strong>marginibus</strong></span> <span class='ocrx_word' id='word_1_60' title='bbox 1376 1447 1618 1538; x_wconf 86' lang='lat' dir='ltr'><strong>affixi,</strong></span> <span class='ocrx_word' id='word_1_61' title='bbox 1651 1465 1747 1520; x_wconf 90' lang='lat' dir='ltr'><strong>.et</strong></span> <span class='ocrx_word' id='word_1_62' title='bbox 1798 1449 2060 1522; x_wconf 86' lang='lat' dir='ltr'><strong>ordine</strong></span> <span class='ocrx_word' id='word_1_63' title='bbox 2115 1455 2477 1522; x_wconf 88' lang='lat' dir='ltr'><strong>continuo</strong></span> 
     </span>
     <span class='ocr_line' id='line_1_10' title="bbox 356 1563 2481 1664; baseline 0.001 -31"><span class='ocrx_word' id='word_1_64' title='bbox 356 1563 834 1661; x_wconf 82' lang='lat' dir='ltr'><strong>procedentes</strong></span> <span class='ocrx_word' id='word_1_65' title='bbox 863 1563 955 1636; x_wconf 85' lang='lat' dir='ltr'><strong>ab</strong></span> <span class='ocrx_word' id='word_1_66' title='bbox 984 1568 1200 1636; x_wconf 88' lang='lat' dir='ltr'><strong>initio</strong></span> <span class='ocrx_word' id='word_1_67' title='bbox 1230 1563 1596 1664; x_wconf 89' lang='lat' dir='ltr'><strong>cujusque</strong></span> <span class='ocrx_word' id='word_1_68' title='bbox 1626 1568 1880 1663; x_wconf 85' lang='lat' dir='ltr'><strong>capitis</strong></span> <span class='ocrx_word' id='word_1_69' title='bbox 1923 1565 2017 1637; x_wconf 85' lang='lat' dir='ltr'><strong>ad</strong></span> <span class='ocrx_word' id='word_1_70' title='bbox 2056 1564 2283 1638; x_wconf 89' lang='lat' dir='ltr'><strong>finem</strong></span> <span class='ocrx_word' id='word_1_71' title='bbox 2305 1622 2325 1656; x_wconf 88' lang='lat'>,</span> <span class='ocrx_word' id='word_1_72' title='bbox 2367 1566 2481 1637; x_wconf 88' lang='lat' dir='ltr'><strong>di-</strong></span> 
     </span>
     <span class='ocr_line' id='line_1_11' title="bbox 358 1678 2481 1778; baseline 0 -28"><span class='ocrx_word' id='word_1_73' title='bbox 358 1702 598 1750; x_wconf 87' lang='lat' dir='ltr'><strong>versas</strong></span> <span class='ocrx_word' id='word_1_74' title='bbox 650 1679 993 1778; x_wconf 79' lang='lat' dir='ltr'><strong>periodos</strong></span> <span class='ocrx_word' id='word_1_75' title='bbox 1022 1678 1468 1778; x_wconf 78' lang='lat' dir='ltr'><strong>singulatim</strong></span> <span class='ocrx_word' id='word_1_76' title='bbox 1515 1679 1882 1768; x_wconf 84' lang='lat' dir='ltr'><strong>indicant3</strong></span> <span class='ocrx_word' id='word_1_77' title='bbox 1934 1704 2015 1750; x_wconf 88' lang='lat' dir='ltr'><strong>ea</strong></span> <span class='ocrx_word' id='word_1_78' title='bbox 2066 1697 2312 1751; x_wconf 89' lang='lat' dir='ltr'><strong>mente</strong></span> <span class='ocrx_word' id='word_1_79' title='bbox 2332 1737 2351 1770; x_wconf 85' lang='lat'>‚</span> <span class='ocrx_word' id='word_1_80' title='bbox 2394 1696 2481 1751; x_wconf 85' lang='lat' dir='ltr'><strong>ut</strong></span> 
     </span>
     <span class='ocr_line' id='line_1_12' title="bbox 352 1792 2477 1894; baseline 0.001 -30"><span class='ocrx_word' id='word_1_81' title='bbox 352 1792 611 1883; x_wconf 80' lang='lat' dir='ltr'><strong>lector,</strong></span> <span class='ocrx_word' id='word_1_82' title='bbox 632 1821 870 1894; x_wconf 92' lang='lat' dir='ltr'><strong>quum</strong></span> <span class='ocrx_word' id='word_1_83' title='bbox 896 1795 990 1867; x_wconf 90' lang='lat' dir='ltr'><strong>ad</strong></span> <span class='ocrx_word' id='word_1_84' title='bbox 1021 1794 1222 1867; x_wconf 90' lang='lat' dir='ltr'><strong>locos</strong></span> <span class='ocrx_word' id='word_1_85' title='bbox 1246 1794 1402 1892; x_wconf 90' lang='lat' dir='ltr'><strong>jam</strong></span> <span class='ocrx_word' id='word_1_86' title='bbox 1436 1797 1654 1891; x_wconf 78' lang='lat' dir='ltr'><strong>prius</strong></span> <span class='ocrx_word' id='word_1_87' title='bbox 1668 1792 2062 1891; x_wconf 83' lang='lat' dir='ltr'><strong>explicatos</strong></span> <span class='ocrx_word' id='word_1_88' title='bbox 2087 1794 2203 1866; x_wconf 90' lang='lat' dir='ltr'><strong>vel</strong></span> <span class='ocrx_word' id='word_1_89' title='bbox 2229 1812 2477 1893; x_wconf 88' lang='lat' dir='ltr'><strong>postea</strong></span> 
     </span>
     <span class='ocr_line' id='line_1_13' title="bbox 338 1908 2480 2009; baseline 0.001 -29"><span class='ocrx_word' id='word_1_90' title='bbox 338 1908 831 2007; x_wconf 60' lang='lat' dir='ltr'><strong>explicandos</strong></span> <span class='ocrx_word' id='word_1_91' title='bbox 893 1913 1310 1999; x_wconf 75' lang='lat' dir='ltr'><strong>remittitur,</strong></span> <span class='ocrx_word' id='word_1_92' title='bbox 1365 1913 1609 1980; x_wconf 88' lang='lat' dir='ltr'><strong>statim</strong></span> <span class='ocrx_word' id='word_1_93' title='bbox 1664 1913 2046 2009; x_wconf 79' lang='lat' dir='ltr'><strong>recognito</strong></span> <span class='ocrx_word' id='word_1_94' title='bbox 2090 1913 2301 2008; x_wconf 74' lang='lat' dir='ltr'><strong>signo</strong></span> <span class='ocrx_word' id='word_1_95' title='bbox 2349 1937 2480 2009; x_wconf 88' lang='lat' dir='ltr'><strong>per</strong></span> 
     </span>
     <span class='ocr_line' id='line_1_14' title="bbox 359 2019 2484 2123; baseline 0.002 -29"><span class='ocrx_word' id='word_1_96' title='bbox 359 2019 882 2097; x_wconf 33' lang='lat' dir='ltr'><strong>facilemeviam</strong></span> <span class='ocrx_word' id='word_1_97' title='bbox 916 2024 1015 2096; x_wconf 88' lang='lat' dir='ltr'><strong>ad</strong></span> <span class='ocrx_word' id='word_1_98' title='bbox 1059 2029 1361 2123; x_wconf 82' lang='lat' dir='ltr'><strong>quaesita</strong></span> <span class='ocrx_word' id='word_1_99' title='bbox 1398 2029 1794 2121; x_wconf 85' lang='lat' dir='ltr'><strong>perveniat.</strong></span> <span class='ocrx_word' id='word_1_100' title='bbox 1828 2024 2058 2117; x_wconf 89' lang='lat' dir='ltr'><strong>Quod</strong></span> <span class='ocrx_word' id='word_1_101' title='bbox 2096 2028 2231 2096; x_wconf 87' lang='lat' dir='ltr'><strong>iter</strong></span> <span class='ocrx_word' id='word_1_102' title='bbox 2277 2051 2484 2098; x_wconf 91' lang='lat' dir='ltr'><strong>com-</strong></span> 
     </span>
     <span class='ocr_line' id='line_1_15' title="bbox 350 2139 2477 2238; baseline 0.001 -28"><span class='ocrx_word' id='word_1_103' title='bbox 350 2140 833 2237; x_wconf 79' lang='lat' dir='ltr'><strong>-pendiarium</strong></span> <span class='ocrx_word' id='word_1_104' title='bbox 854 2139 947 2212; x_wconf 85' lang='lat' dir='ltr'><strong>ad</strong></span> <span class='ocrx_word' id='word_1_105' title='bbox 973 2143 1336 2238; x_wconf 76' lang='lat' dir='ltr'><strong>integram</strong></span> <span class='ocrx_word' id='word_1_106' title='bbox 1358 2145 1731 2238; x_wconf 90' lang='lat' dir='ltr'><strong>scriptoris</strong></span> <span class='ocrx_word' id='word_1_107' title='bbox 1760 2142 2262 2238; x_wconf 74' lang='lat' dir='ltr'><strong>cognitionem</strong></span> <span class='ocrx_word' id='word_1_108' title='bbox 2282 2142 2373 2212; x_wconf 88' lang='lat' dir='ltr'><strong>G.</strong></span> <span class='ocrx_word' id='word_1_109' title='bbox 2396 2145 2477 2214; x_wconf 92' lang='lat' dir='ltr'><strong>L.</strong></span> 
     </span>
     <span class='ocr_line' id='line_1_16' title="bbox 348 2253 2479 2356; baseline 0.001 -30"><span class='ocrx_word' id='word_1_110' title='bbox 348 2257 729 2328; x_wconf 79' lang='lat' dir='ltr'><strong>‚SPALDING</strong></span> <span class='ocrx_word' id='word_1_111' title='bbox 747 2312 766 2345; x_wconf 86' lang='lat'>‚</span> <span class='ocrx_word' id='word_1_112' title='bbox 789 2273 856 2327; x_wconf 91' lang='lat' dir='ltr'><strong>et</strong></span> <span class='ocrx_word' id='word_1_113' title='bbox 872 2281 1168 2326; x_wconf 87' lang='lat' dir='ltr'><strong>summa</strong></span> <span class='ocrx_word' id='word_1_114' title='bbox 1190 2258 1412 2350; x_wconf 89' lang='lat' dir='ltr'><strong>patris</strong></span> <span class='ocrx_word' id='word_1_115' title='bbox 1438 2253 2018 2354; x_wconf 86' lang='lat' dir='ltr'><strong>eloquentissimi</strong></span> <span class='ocrx_word' id='word_1_116' title='bbox 2049 2255 2442 2356; x_wconf 84' lang='lat' dir='ltr'><strong>prudentia</strong></span> <span class='ocrx_word' id='word_1_117' title='bbox 2459 2315 2479 2348; x_wconf 86' lang='lat'>,</span> 
     </span>
     <span class='ocr_line' id='line_1_17' title="bbox 362 2366 2482 2469; baseline 0.002 -30"><span class='ocrx_word' id='word_1_118' title='bbox 362 2386 432 2440; x_wconf 89' lang='lat' dir='ltr'><strong>et</strong></span> <span class='ocrx_word' id='word_1_119' title='bbox 467 2369 694 2467; x_wconf 76' lang='lat' dir='ltr'><strong>longo</strong></span> <span class='ocrx_word' id='word_1_120' title='bbox 729 2374 1184 2469; x_wconf 87' lang='lat' dir='ltr'><strong>proprioque</strong></span> <span class='ocrx_word' id='word_1_121' title='bbox 1214 2366 1481 2440; x_wconf 86' lang='lat' dir='ltr'><strong>harum</strong></span> <span class='ocrx_word' id='word_1_122' title='bbox 1516 2369 2026 2441; x_wconf 87' lang='lat' dir='ltr'><strong>doctrinarum</strong></span> <span class='ocrx_word' id='word_1_123' title='bbox 2054 2396 2191 2443; x_wconf 88' lang='lat' dir='ltr'><strong>usu</strong></span> <span class='ocrx_word' id='word_1_124' title='bbox 2227 2375 2341 2443; x_wconf 90' lang='lat' dir='ltr'><strong>vir</strong></span> <span class='ocrx_word' id='word_1_125' title='bbox 2369 2396 2482 2443; x_wconf 90' lang='lat' dir='ltr'><strong>or-</strong></span> 
     </span>
     <span class='ocr_line' id='line_1_18' title="bbox 364 2486 2482 2588; baseline 0 -29"><span class='ocrx_word' id='word_1_126' title='bbox 364 2492 782 2560; x_wconf 87' lang='lat' dir='ltr'><strong>natissimus</strong></span> <span class='ocrx_word' id='word_1_127' title='bbox 818 2486 1284 2588; x_wconf 79' lang='lat' dir='ltr'><strong>patefecerat:</strong></span> <span class='ocrx_word' id='word_1_128' title='bbox 1324 2488 1546 2587; x_wconf 86' lang='lat' dir='ltr'><strong>cujus</strong></span> <span class='ocrx_word' id='word_1_129' title='bbox 1576 2492 1873 2588; x_wconf 79' lang='lat' dir='ltr'><strong>vestigia</strong></span> <span class='ocrx_word' id='word_1_130' title='bbox 1899 2487 2359 2561; x_wconf 85' lang='lat' dir='ltr'><strong>confidenter</strong></span> <span class='ocrx_word' id='word_1_131' title='bbox 2382 2515 2482 2560; x_wconf 88' lang='lat' dir='ltr'><strong>se-</strong></span> 
     </span>
     <span class='ocr_line' id='line_1_19' title="bbox 348 2604 2485 2706; baseline 0.001 -31"><span class='ocrx_word' id='word_1_132' title='bbox 348 2621 579 2676; x_wconf 71' lang='lat' dir='ltr'><strong>cutus</strong></span> <span class='ocrx_word' id='word_1_133' title='bbox 605 2662 625 2694; x_wconf 86' lang='lat'>,</span> <span class='ocrx_word' id='word_1_134' title='bbox 664 2604 852 2677; x_wconf 82' lang='lat' dir='ltr'><strong>alios</strong></span> <span class='ocrx_word' id='word_1_135' title='bbox 894 2631 1248 2678; x_wconf 90' lang='lat' dir='ltr'><strong>numeros</strong></span> <span class='ocrx_word' id='word_1_136' title='bbox 1294 2605 1771 2677; x_wconf 86' lang='lat' dir='ltr'><strong>interioribus</strong></span> <span class='ocrx_word' id='word_1_137' title='bbox 1815 2632 2165 2678; x_wconf 88' lang='lat' dir='ltr'><strong>versuum</strong></span> <span class='ocrx_word' id='word_1_138' title='bbox 2212 2612 2485 2706; x_wconf 80' lang='lat' dir='ltr'><strong>margi-</strong></span> 
     </span>
     <span class='ocr_line' id='line_1_20' title="bbox 356 2717 2483 2820; baseline 0.002 -30"><span class='ocrx_word' id='word_1_139' title='bbox 356 2717 585 2792; x_wconf 78' lang='lat' dir='ltr'><strong>nibus</strong></span> <span class='ocrx_word' id='word_1_140' title='bbox 630 2726 1000 2820; x_wconf 88' lang='lat' dir='ltr'><strong>appositos</strong></span> <span class='ocrx_word' id='word_1_141' title='bbox 1051 2725 1307 2811; x_wconf 83' lang='lat' dir='ltr'><strong>omisi,</strong></span> <span class='ocrx_word' id='word_1_142' title='bbox 1355 2739 1735 2820; x_wconf 84' lang='lat' dir='ltr'><strong>tamquam</strong></span> <span class='ocrx_word' id='word_1_143' title='bbox 1779 2721 2075 2794; x_wconf 62' lang='lat' dir='ltr'><strong>inutiles</strong></span> <span class='ocrx_word' id='word_1_144' title='bbox 2117 2739 2186 2793; x_wconf 90' lang='lat' dir='ltr'><strong>et</strong></span> <span class='ocrx_word' id='word_1_145' title='bbox 2227 2721 2483 2802; x_wconf 78' lang='lat' dir='ltr'><strong>multae</strong></span> 
     </span>
     <span class='ocr_line' id='line_1_21' title="bbox 349 2829 2484 2938; baseline 0.002 -32"><span class='ocrx_word' id='word_1_146' title='bbox 349 2835 901 2933; x_wconf 65' lang='lat' dir='ltr'><strong>perturbationi</strong></span> <span class='ocrx_word' id='word_1_147' title='bbox 932 2829 1186 2909; x_wconf 84' lang='lat' dir='ltr'><strong>locum</strong></span> <span class='ocrx_word' id='word_1_148' title='bbox 1216 2837 1554 2926; x_wconf 75' lang='lat' dir='ltr'><strong>daturos‘;</strong></span> <span class='ocrx_word' id='word_1_149' title='bbox 1593 2837 1720 2909; x_wconf 85' lang='lat' dir='ltr'><strong>sed</strong></span> <span class='ocrx_word' id='word_1_150' title='bbox 1749 2855 1960 2910; x_wconf 85' lang='lat' dir='ltr'><strong>notas</strong></span> <span class='ocrx_word' id='word_1_151' title='bbox 1990 2836 2484 2938; x_wconf 74' lang='lat' dir='ltr'><strong>lectionesque</strong></span> 
     </span>
     <span class='ocr_line' id='line_1_22' title="bbox 354 2954 2479 3050; baseline 0.003 -31"><span class='ocrx_word' id='word_1_152' title='bbox 354 2954 634 3037; x_wconf 77' lang='lat' dir='ltr'><strong>-varias,</strong></span> <span class='ocrx_word' id='word_1_153' title='bbox 654 2977 977 3049; x_wconf 88' lang='lat' dir='ltr'><strong>quarum</strong></span> <span class='ocrx_word' id='word_1_154' title='bbox 1004 2956 1461 3025; x_wconf 87' lang='lat' dir='ltr'><strong>mentionem</strong></span> <span class='ocrx_word' id='word_1_155' title='bbox 1494 2957 1573 3025; x_wconf 90' lang='lat' dir='ltr'><strong>in</strong></span> <span class='ocrx_word' id='word_1_156' title='bbox 1600 2969 1756 3025; x_wconf 94' lang='lat' dir='ltr'><strong>toto</strong></span> <span class='ocrx_word' id='word_1_157' title='bbox 1789 2957 2479 3050; x_wconf 84' lang='lat' dir='ltr'><strong>interpretationum</strong></span> 
     </span>
     <span class='ocr_line' id='line_1_23' title="bbox 356 3067 2484 3165; baseline 0.002 -29"><span class='ocrx_word' id='word_1_158' title='bbox 356 3083 624 3137; x_wconf 86' lang='lat' dir='ltr'><strong>-tenore</strong></span> <span class='ocrx_word' id='word_1_159' title='bbox 652 3070 1209 3164; x_wconf 65' lang='lat' dir='ltr'><strong>praetermiserat</strong></span> <span class='ocrx_word' id='word_1_160' title='bbox 1229 3122 1246 3154; x_wconf 90' lang='lat'>‚</span> <span class='ocrx_word' id='word_1_161' title='bbox 1286 3085 1355 3137; x_wconf 85' lang='lat' dir='ltr'><strong>et</strong></span> <span class='ocrx_word' id='word_1_162' title='bbox 1380 3093 1568 3165; x_wconf 86' lang='lat' dir='ltr'><strong>quas</strong></span> <span class='ocrx_word' id='word_1_163' title='bbox 1598 3072 1678 3138; x_wconf 92' lang='lat' dir='ltr'><strong>in</strong></span> <span class='ocrx_word' id='word_1_164' title='bbox 1708 3067 2142 3140; x_wconf 84' lang='lat' dir='ltr'><strong>Praefatione</strong></span> <span class='ocrx_word' id='word_1_165' title='bbox 2170 3096 2303 3140; x_wconf 88' lang='lat' dir='ltr'><strong>sua</strong></span> <span class='ocrx_word' id='word_1_166' title='bbox 2337 3069 2484 3140; x_wconf 90' lang='lat' dir='ltr'><strong>col-</strong></span> 
     </span>
     <span class='ocr_line' id='line_1_24' title="bbox 356 3179 2480 3280; baseline 0 -29"><span class='ocrx_word' id='word_1_167' title='bbox 356 3180 587 3252; x_wconf 83' lang='lat' dir='ltr'><strong>·lectas</strong></span> <span class='ocrx_word' id='word_1_168' title='bbox 617 3184 825 3280; x_wconf 87' lang='lat' dir='ltr'><strong>quasi</strong></span> <span class='ocrx_word' id='word_1_169' title='bbox 853 3179 1457 3278; x_wconf 86' lang='lat' dir='ltr'><strong>supplementum</strong></span> <span class='ocrx_word' id='word_1_170' title='bbox 1487 3185 2022 3252; x_wconf 86' lang='lat' dir='ltr'><strong>commentario</strong></span> <span class='ocrx_word' id='word_1_171' title='bbox 2043 3181 2439 3253; x_wconf 69' lang='lat' dir='ltr'><strong>«addiderat</strong></span> <span class='ocrx_word' id='word_1_172' title='bbox 2462 3241 2480 3272; x_wconf 90' lang='lat'>,</span> 
     </span>
     <span class='ocr_line' id='line_1_25' title="bbox 368 3295 2486 3398; baseline 0.001 -29"><span class='ocrx_word' id='word_1_173' title='bbox 368 3323 506 3397; x_wconf 75' lang='lat' dir='ltr'><strong>ego</strong></span> <span class='ocrx_word' id='word_1_174' title='bbox 538 3295 735 3368; x_wconf 89' lang='lat' dir='ltr'><strong>illius</strong></span> <span class='ocrx_word' id='word_1_175' title='bbox 765 3314 1090 3369; x_wconf 85' lang='lat' dir='ltr'><strong>mentem</strong></span> <span class='ocrx_word' id='word_1_176' title='bbox 1121 3296 1507 3369; x_wconf 85' lang='lat' dir='ltr'><strong>observare</strong></span> <span class='ocrx_word' id='word_1_177' title='bbox 1535 3314 1843 3370; x_wconf 90' lang='lat' dir='ltr'><strong>conatus</strong></span> <span class='ocrx_word' id='word_1_178' title='bbox 1873 3303 2022 3370; x_wconf 90' lang='lat' dir='ltr'><strong>suis</strong></span> <span class='ocrx_word' id='word_1_179' title='bbox 2056 3296 2235 3371; x_wconf 87' lang='lat' dir='ltr'><strong>locis</strong></span> <span class='ocrx_word' id='word_1_180' title='bbox 2266 3324 2486 3398; x_wconf 84' lang='lat' dir='ltr'><strong>repo-</strong></span> 
     </span>
     <span class='ocr_line' id='line_1_26' title="bbox 362 3411 2488 3501; baseline 0.002 -18"><span class='ocrx_word' id='word_1_181' title='bbox 362 3411 652 3483; x_wconf 72' lang='lat' dir='ltr'><strong>nendas</strong></span> <span class='ocrx_word' id='word_1_182' title='bbox 690 3418 980 3501; x_wconf 85' lang='lat' dir='ltr'><strong>curavi,</strong></span> <span class='ocrx_word' id='word_1_183' title='bbox 1018 3440 1111 3483; x_wconf 92' lang='lat' dir='ltr'><strong>ne</strong></span> <span class='ocrx_word' id='word_1_184' title='bbox 1146 3411 1963 3486; x_wconf 76' lang='lat' dir='ltr'><strong>lucidasententiar-um</strong></span> <span class='ocrx_word' id='word_1_185' title='bbox 2008 3419 2218 3486; x_wconf 86' lang='lat' dir='ltr'><strong>series</strong></span> <span class='ocrx_word' id='word_1_186' title='bbox 2261 3420 2488 3487; x_wconf 91' lang='lat' dir='ltr'><strong>inter-</strong></span> 
     </span>
     <span class='ocr_line' id='line_1_27' title="bbox 364 3526 2486 3631; baseline 0.002 -32"><span class='ocrx_word' id='word_1_187' title='bbox 364 3544 843 3625; x_wconf 70' lang='lat' dir='ltr'><strong>rumperetur</strong></span> <span class='ocrx_word' id='word_1_188' title='bbox 874 3555 889 3598; x_wconf 89' lang='lat'>:</span> <span class='ocrx_word' id='word_1_189' title='bbox 957 3526 1278 3626; x_wconf 88' lang='lat' dir='ltr'><strong>denique</strong></span> <span class='ocrx_word' id='word_1_190' title='bbox 1334 3527 1744 3599; x_wconf 89' lang='lat' dir='ltr'><strong>nonnullos</strong></span> <span class='ocrx_word' id='word_1_191' title='bbox 1802 3555 2081 3602; x_wconf 82' lang='lat' dir='ltr'><strong>errores</strong></span> <span class='ocrx_word' id='word_1_192' title='bbox 2106 3585 2125 3619; x_wconf 86' lang='lat'>,</span> <span class='ocrx_word' id='word_1_193' title='bbox 2183 3536 2311 3631; x_wconf 92' lang='lat' dir='ltr'><strong>qui</strong></span> <span class='ocrx_word' id='word_1_194' title='bbox 2371 3558 2486 3603; x_wconf 87' lang='lat' dir='ltr'><strong>se-</strong></span> 
     </span>
     <span class='ocr_line' id='line_1_28' title="bbox 369 3640 2487 3742; baseline 0.003 -31"><span class='ocrx_word' id='word_1_195' title='bbox 369 3640 629 3713; x_wconf 87' lang='lat' dir='ltr'><strong>dulam</strong></span> <span class='ocrx_word' id='word_1_196' title='bbox 684 3641 880 3713; x_wconf 90' lang='lat' dir='ltr'><strong>illius</strong></span> <span class='ocrx_word' id='word_1_197' title='bbox 928 3641 1389 3742; x_wconf 78' lang='lat' dir='ltr'><strong>diligentiam</strong></span> <span class='ocrx_word' id='word_1_198' title='bbox 1435 3641 1885 3734; x_wconf 84' lang='lat' dir='ltr'><strong>fefellerant,</strong></span> <span class='ocrx_word' id='word_1_199' title='bbox 1934 3660 2004 3713; x_wconf 91' lang='lat' dir='ltr'><strong>et</strong></span> <span class='ocrx_word' id='word_1_200' title='bbox 2049 3670 2237 3742; x_wconf 89' lang='lat' dir='ltr'><strong>quos</strong></span> <span class='ocrx_word' id='word_1_201' title='bbox 2284 3651 2487 3717; x_wconf 79' lang='lat' dir='ltr'><strong>nimis</strong></span> 
     </span>
     <span class='ocr_line' id='line_1_29' title="bbox 362 3755 2486 3858; baseline 0.003 -33"><span class='ocrx_word' id='word_1_202' title='bbox 362 3755 623 3827; x_wconf 75' lang='lat' dir='ltr'><strong>multos</strong></span> <span class='ocrx_word' id='word_1_203' title='bbox 645 3757 1019 3830; x_wconf 86' lang='lat' dir='ltr'><strong>modestus</strong></span> <span class='ocrx_word' id='word_1_204' title='bbox 1049 3775 1293 3846; x_wconf 80' lang='lat' dir='ltr'><strong>vocat,</strong></span> <span class='ocrx_word' id='word_1_205' title='bbox 1322 3757 1507 3829; x_wconf 88' lang='lat' dir='ltr'><strong>dum</strong></span> <span class='ocrx_word' id='word_1_206' title='bbox 1537 3763 1818 3830; x_wconf 84' lang='lat' dir='ltr'><strong>sincera</strong></span> <span class='ocrx_word' id='word_1_207' title='bbox 1848 3758 2304 3831; x_wconf 84' lang='lat' dir='ltr'><strong>confessione</strong></span> <span class='ocrx_word' id='word_1_208' title='bbox 2334 3787 2486 3858; x_wconf 87' lang='lat' dir='ltr'><strong>per·</strong></span> 
     </span>
     <span class='ocr_line' id='line_1_30' title="bbox 362 3871 2490 3974; baseline 0.003 -31"><span class='ocrx_word' id='word_1_209' title='bbox 362 3887 619 3943; x_wconf 75' lang='lat' dir='ltr'><strong>censet</strong></span> <span class='ocrx_word' id='word_1_210' title='bbox 646 3873 846 3968; x_wconf 87' lang='lat' dir='ltr'><strong>(vide</strong></span> <span class='ocrx_word' id='word_1_211' title='bbox 874 3900 1039 3972; x_wconf 79' lang='lat' dir='ltr'><strong>pag.</strong></span> <span class='ocrx_word' id='word_1_212' title='bbox 1082 3874 1162 3945; x_wconf 82' lang='lat'><strong>31</strong></span> <span class='ocrx_word' id='word_1_213' title='bbox 1206 3871 1436 3972; x_wconf 88' lang='lat' dir='ltr'><strong>hujus</strong></span> <span class='ocrx_word' id='word_1_214' title='bbox 1466 3873 1945 3970; x_wconf 74' lang='lat' dir='ltr'><strong>voluminis),</strong></span> <span class='ocrx_word' id='word_1_215' title='bbox 1991 3878 2089 3945; x_wconf 89' lang='lat' dir='ltr'><strong>ita</strong></span> <span class='ocrx_word' id='word_1_216' title='bbox 2128 3878 2490 3974; x_wconf 75' lang='lat' dir='ltr'><strong>corrigere</strong></span> 
     </span>
     <span class='ocr_line' id='line_1_31' title="bbox 364 3988 2488 4088; baseline 0.002 -29"><span class='ocrx_word' id='word_1_217' title='bbox 364 3991 683 4077; x_wconf 62' lang='lat' dir='ltr'><strong>tentavi,</strong></span> <span class='ocrx_word' id='word_1_218' title='bbox 726 4006 815 4058; x_wconf 87' lang='lat' dir='ltr'><strong>ut</strong></span> <span class='ocrx_word' id='word_1_219' title='bbox 859 3994 1290 4088; x_wconf 84' lang='lat' dir='ltr'><strong>quicunque</strong></span> <span class='ocrx_word' id='word_1_220' title='bbox 1332 3988 1446 4060; x_wconf 90' lang='lat' dir='ltr'><strong>vel</strong></span> <span class='ocrx_word' id='word_1_221' title='bbox 1488 3995 1936 4088; x_wconf 77' lang='lat' dir='ltr'><strong>superstiteS,</strong></span> <span class='ocrx_word' id='word_1_222' title='bbox 1980 3988 2092 4059; x_wconf 90' lang='lat' dir='ltr'><strong>vel</strong></span> <span class='ocrx_word' id='word_1_223' title='bbox 2141 3995 2355 4081; x_wconf 83' lang='lat' dir='ltr'><strong>novi,</strong></span> <span class='ocrx_word' id='word_1_224' title='bbox 2394 3990 2488 4064; x_wconf 88' lang='lat' dir='ltr'><strong>le-</strong></span> 
     </span>
     <span class='ocr_line' id='line_1_32' title="bbox 368 4101 2484 4201; baseline 0.002 -27"><span class='ocrx_word' id='word_1_225' title='bbox 368 4107 709 4201; x_wconf 72' lang='lat' dir='ltr'><strong>gentium</strong></span> <span class='ocrx_word' id='word_1_226' title='bbox 726 4101 988 4173; x_wconf 89' lang='lat' dir='ltr'><strong>oculos</strong></span> <span class='ocrx_word' id='word_1_227' title='bbox 1009 4107 1085 4173; x_wconf 91' lang='lat' dir='ltr'><strong>in</strong></span> <span class='ocrx_word' id='word_1_228' title='bbox 1110 4120 1354 4175; x_wconf 84' lang='lat' dir='ltr'><strong>nostra</strong></span> <span class='ocrx_word' id='word_1_229' title='bbox 1376 4104 1698 4176; x_wconf 87' lang='lat' dir='ltr'><strong>editione</strong></span> <span class='ocrx_word' id='word_1_230' title='bbox 1716 4102 2196 4191; x_wconf 79' lang='lat' dir='ltr'><strong>offenderint,</strong></span> <span class='ocrx_word' id='word_1_231' title='bbox 2218 4109 2304 4195; x_wconf 87' lang='lat' dir='ltr'><strong>ii,</strong></span> <span class='ocrx_word' id='word_1_232' title='bbox 2328 4131 2484 4178; x_wconf 82' lang='lat' dir='ltr'><strong>non</strong></span> 
     </span>
     <span class='ocr_line' id='line_1_33' title="bbox 368 4216 2486 4322; baseline 0.003 -35"><span class='ocrx_word' id='word_1_233' title='bbox 368 4220 687 4289; x_wconf 66' lang='lat' dir='ltr'><strong>incuriae</strong></span> <span class='ocrx_word' id='word_1_234' title='bbox 708 4275 726 4308; x_wconf 84' lang='lat'>,</span> <span class='ocrx_word' id='word_1_235' title='bbox 756 4244 907 4322; x_wconf 77' lang='lat' dir='ltr'><strong>qua</strong></span> <span class='ocrx_word' id='word_1_236' title='bbox 935 4243 1175 4314; x_wconf 69' lang='lat' dir='ltr'><strong>carere</strong></span> <span class='ocrx_word' id='word_1_237' title='bbox 1201 4219 1546 4317; x_wconf 59' lang='lat' dir='ltr'><strong>‚religioni</strong></span> <span class='ocrx_word' id='word_1_238' title='bbox 1575 4243 1859 4316; x_wconf 88' lang='lat' dir='ltr'><strong>semper</strong></span> <span class='ocrx_word' id='word_1_239' title='bbox 1895 4216 2159 4311; x_wconf 83' lang='lat' dir='ltr'><strong>habui,</strong></span> <span class='ocrx_word' id='word_1_240' title='bbox 2193 4220 2316 4291; x_wconf 82' lang='lat' dir='ltr'><strong>sed</strong></span> <span class='ocrx_word' id='word_1_241' title='bbox 2350 4220 2486 4293; x_wconf 90' lang='lat' dir='ltr'><strong>hu-</strong></span> 
     </span>
    </p>
   </div>
  </div>
 </body>
</html>
