3200 5150
855 495 979 577 348

1421 495 1514 559 M.
1556 470 1780 559 iuml
1819 490 2369 574 QUINTILIANI

846 620 1289 702 conscientia,
1332 617 1448 687 sed
1476 619 1797 699 victoria,
1842 611 2170 709 litiqantis
2209 628 2304 683 est
2337 617 2699 710 proemium
2720 642 2744 697 ;
2780 640 2913 711 quae

773 742 778 746 ’
844 730 899 801 si
940 757 1115 858 vera⁹
1141 749 1403 818 essent,
1443 730 1907 828 pessimorum
1952 725 2325 797 hominum
2363 726 2577 815 foret,
2615 726 2754 798 haec
2789 747 2912 799 tam

844 843 1232 942 perniciosa
1261 842 1767 916 nocentissimis
1800 839 2113 912 moribus
2148 838 2308 910 dare
2347 838 2831 927 instrumenta,
2860 860 2916 910 et

735 971 806 1025 33
845 958 1230 1058 nequitiam
1264 957 1618 1057 praeceptis
1643 956 1989 1056 adjuvare.
2017 954 2152 1026 Sed
2180 954 2279 1025 illi
2310 954 2649 1025 rationem
2674 954 2917 1053 opinio-

840 1072 950 1144 nis
977 1100 1118 1145 suae
1137 1072 1466 1161 viderint;
1494 1098 1621 1143 nos
1649 1090 1883 1142 autem
1914 1067 2196 1166 ingressi
2224 1068 2526 1139 formare
2553 1070 2909 1167 perfectum

837 1203 1213 1273 oratorem,
1251 1213 1464 1285 quem
1501 1183 1820 1285 inprimis
1855 1209 1999 1254 esse
2033 1188 2260 1253 virum
2295 1182 2550 1254 bonum
2578 1181 2911 1269 volumuS,

835 1300 938 1372 ειᾶ-
957 1327 1104 1387 eos,
1136 1301 1256 1400 qui
1293 1300 1378 1372 de
1419 1301 1551 1373 hoc
1587 1325 1792 1398 opere
1833 1297 2083 1369 melius
2117 1296 2464 1385 sentiunt,
2495 1318 2909 1369 revertamur.

837 1414 1246 1488 Rhetoricen
1269 1437 1506 1488 autem
1532 1414 1822 1515 quidam
1853 1412 2178 1485 eamdem
2203 1411 2644 1484 civilitatem¹
2671 1438 2805 1484 esse
2820 1411 2916 1511 ju-

838 1531 1272 1603 dicaverunt:
1302 1530 1545 1604 Cicero
1561 1544 1590 1575 ²
1617 1535 1912 1603 scientiae
1934 1527 2151 1600 civilis
2171 1543 2443 1627 partem
2462 1548 2696 1615 vocat3
2727 1525 2918 1598 civilis

835 1665 1073 1719 autem
1108 1652 1388 1719 scientia
1422 1645 1610 1717 idem
1640 1642 1831 1745 quod
1862 1647 2197 1741 sapientia
2230 1660 2367 1713 est:
2401 1640 2694 1739 quidam
2729 1641 2912 1713 etiam

729 1775 799 1843 34
832 1758 1286 1863 philosophice
1298 1776 1663 1859 ,quorum
1712 1780 1812 1830 est
1858 1755 2260 1828 Isocrates3.
2312 1756 2500 1828 Huic
2563 1755 2715 1856 ejus
2765 1754 2914 1827 sub-

832 1901 1078 1967 Gesneri,
1104 1904 1292 1975 partim
1317 1914 1550 1954 veterum
1566 1940 1583 1967 .,
1611 1902 1841 1972 expressi

831 1980 1256 2052 diremptionem.
1299 1982 1571 2034 Genitivus
1614 1981 1841 2052 pertinet

831 2058 901 2110 ad
937 2060 1234 2125 victoriam,
1270 2059 1363 2112 sed
1396 2074 1448 2112 et
1480 2059 1548 2110 ad
1575 2059 1840 2111 conscien-

830 2138 978 2188 tiam.
1003 2123 1243 2209 Alioqui,
1274 2141 1316 2191 si
1340 2137 1651 2189 conscientia
1669 2147 1841 2187 orato-

830 2216 896 2267 ris
916 2230 1051 2267 esset
1073 2215 1441 2286 intelligenda,
1466 2217 1838 2267 concinnitatis

827 2294 1044 2360 fuisset,
1064 2313 1129 2347 eo
1148 2313 1361 2366 quoque
1384 2293 1507 2346 addi
1521 2297 1838 2364 genitivum,

829 2375 920 2445 qui
943 2374 1289 2446 responderet
1313 2373 1560 2447 litiganti.
1586 2376 1731 2439 Hoc,
1753 2376 1839 2425 in-

828 2451 1054 2505 cidendo
1075 2468 1198 2525 post
1220 2456 1458 2519 victoria,
1480 2454 1839 2506 demonstras-

827 2552 884 2587 se
898 2532 1099 2586 videor.
1118 2534 1418 2598 Praemium,
1436 2552 1535 2606 pro
1553 2552 1660 2605 quo
1674 2534 1834 2586 Gesu.

826 2627 951 2667 vett.
1005 2613 1209 2685 aliquot
1259 2614 1550 2666 editionum
1601 2613 1835 2685 primum

825 2692 974 2745 malit
1011 2693 1295 2757 reducere,
1332 2704 1466 2764 puto
1499 2694 1555 2743 in
1587 2690 1834 2743 omnibus

826 2788 938 2823 esse
968 2770 1135 2822 codd.
1169 2771 1453 2822 Pnumium
1484 2784 1562 2822 est
1586 2771 1830 2835 oratori-5,

825 2849 1030 2921 reliqua
1052 2849 1318 2921 litigantis.
1341 2849 1669 2902 Consultone
1687 2849 1835 2901 ‹lissi-

823 2927 1043 2981 mulavit
1076 2930 1258 2997 Quint.
1276 2966 1293 2992 ‚
1321 2929 1630 2980 Ciceronem
1659 2929 1715 2979 in
1743 2946 1833 2979 ea-

823 3005 944 3060 dem
963 3009 1073 3059 fere
1089 3026 1208 3058 cum
1226 3006 1380 3059 Celso
1403 3024 1518 3058 esse
1539 3008 1796 3058 sententia
1809 3008 1833 3056 Ρ

822 3083 889 3139 de
912 3086 1066 3162 Offic.
1092 3088 1165 3151 ΙΙ,
1196 3085 1285 3151 ι4,
1318 3084 1406 3150 16,
1439 3099 1517 3155 17.

900 3182 919 3217 1
932 3203 943 3214 .
963 3163 1219 3216 Eamdem
1239 3163 1561 3216 clvilitatem.
1584 3169 1746 3218 Recte
1760 3168 1831 3218 vi·

821 3243 974 3296 detur
988 3242 1198 3296 haesisse
1213 3246 1387 3295 Burm.
1400 3281 1418 3310 ,
1433 3245 1578 3297 solus
1596 3244 1825 3314 quidem.

819 3326 943 3376 Non
969 3320 1026 3374 id
1054 3325 1222 3391 agitur
1244 3321 1300 3374 h.
1334 3323 1366 3373 l.
1394 3337 1485 3388 ut,
1516 3322 1642 3393 quid
1667 3321 1828 3374 simul

819 3403 888 3454 sit
925 3399 1183 3453 rhetorice
1200 3439 1217 3467 ‚
1261 3402 1589 3467 ostendatur,
1632 3401 1724 3454 sed
1767 3415 1824 3453 ut

817 3485 933 3551 ejus
957 3483 1121 3551 ipsius
1146 3494 1333 3534 natura
1355 3481 1667 3534 declaretur.
1695 3484 1825 3533 Bur·-

815 3578 1041 3612 mannus
1072 3562 1231 3612 inseri
1263 3559 1384 3612 velit
1417 3578 1594 3631 quam.
1630 3563 1713 3612 An
1747 3559 1823 3612 le-

813 3641 935 3691 nius
971 3640 1128 3691 fuerit
1163 3641 1500 3710 interponere
1532 3657 1625 3703 ac,
1668 3643 1821 3710 cujus

813 3720 1079 3789 posterior
1100 3718 1271 3769 littera
1300 3717 1453 3769 facile
1481 3716 1823 3768 hauriebatur

813 3797 882 3848 ab
913 3797 1077 3850 altero
1106 3799 1186 3849 C?
1211 3796 1354 3848 Libri
1378 3795 1590 3868 quidem
1618 3796 1693 3848 nil
1720 3796 1819 3848 ha-

813 3874 943 3927 bent
965 3877 1247 3927 varietatis.

887 3972 934 4007 2.
961 3954 1148 4007 Cicero.
1170 3955 1249 4005 De
1269 3956 1467 4006 invent.
1490 3957 1536 4020 Ι,
1555 3954 1589 4007 5
1610 3977 1621 4006 :
1654 3977 1675 4001 ι
1697 3973 1818 4007 ora-

813 4053 842 4082 «
863 4034 1049 4083 toriam
1076 4031 1438 4085 facultatem...
1464 4033 1629 4087 civilis
1653 4035 1817 4087 scien-

819 4132 844 4156 «
865 4111 947 4163 tiae
960 4122 1159 4182 partem
1186 4129 1299 4163 esse
1323 4111 1575 4165 dicamus.
1599 4138 1621 4160 a

886 4190 934 4242 3.
969 4190 1228 4244 Isocrates.
1262 4191 1435 4244 Guelf.
1471 4194 1729 4257 Socrates,
1767 4208 1819 4247 et

1932 1897 2051 1950 edd.
2069 1911 2192 1949 vett.
2211 1896 2402 1949 multat.
2418 1895 2553 1949 Vide
2575 1897 2757 1949 notam
2774 1895 2836 1948 ad
2854 1897 2915 1961 11,

1938 1975 2028 2042 15,
2064 1993 2143 2028 ιο.
2174 1976 2306 2030 Cod.
2338 1989 2548 2040 autem,
2573 1989 2825 2045 quantum
2848 1978 2914 2025 vi-

1929 2057 2032 2109 deo
2049 2095 2065 2123 ‚
2097 2056 2290 2109 nullus.
2326 2055 2523 2109 Solitus
2552 2074 2701 2107 error
2725 2055 2806 2107 ffic
2831 2054 2915 2105 ali-

1931 2156 2033 2208 qua
2068 2140 2245 2207 specie
2278 2156 2334 2188 se
2368 2148 2563 2199 tuetur,
2602 2137 2843 2205 quoniam
2870 2136 2914 2185 iu

1927 2217 2158 2270 Platonis
2195 2216 2413 2269 Phaedso
2448 2215 2731 2286 aliquoties
2757 2214 2915 2286 philo·

1928 2295 2084 2368 sophi
2120 2313 2316 2348 nomen
2346 2296 2588 2366 jungitur
2622 2293 2749 2346 mim
2778 2292 2916 2346 laude

1930 2377 2172 2428 oratoria.
2186 2375 2321 2427 Vide
2338 2388 2453 2426 not.
2475 2373 2543 2425 ad
2563 2376 2609 2442 §-
2630 2392 2719 2443 29-
2735 2372 2913 2426 Phaedr.

1926 2474 1981 2525 p.
2011 2471 2141 2522 27o‚
2162 2457 2204 2504 A
2225 2476 2236 2504 :
2263 2454 2490 2506 Pericles
2515 2453 2585 2504 ob
2610 2456 2913 2524 Anaxagorae

1926 2531 2331 2585 familiaritatem
2356 2531 2549 2588 dicitur
2569 2530 2850 2589 motem
2866 2531 2916 2588 εἷς

1922 2607 2003 2664 ‘nir
2030 2607 2255 2678 ῥητορικὴ
2286 2607 2523 2677 antioona.
2558 2615 2614 2664 P.
2656 2614 2759 2683 278
2783 2615 2841 2665 D.
2865 2605 2915 2662 τδ

1925 2677 2162 2755 ouationem
2179 2692 2251 2743 ait
2264 2709 2387 2742 vero
2405 2704 2456 2743 et
2472 2693 2719 2763 perfecto
2739 2691 2913 2743 oratori

1924 2766 2164 2836 Apm‘wm
2184 2771 2257 2822 εἶν.
2283 2769 2385 2823 Sed
2409 2785 2621 2842 praestat
2645 2774 2827 2842 utique
2845 2789 2913 2822 re·

1922 2863 2093 2920 cepta.
2128 2879 2201 2888 --
2227 2848 2637 2921 Philosophiae...
2670 2852 2910 2903 Isocrates.

1922 2929 2036 2979 Hoc
2073 2929 2230 2997 igitur
2261 2930 2313 2978 in
2348 2927 2624 2998 deperdita
2661 2932 2758 2981 ista
2788 2939 2910 2991 arte,

1922 3025 2036 3078 quae
2085 3025 2290 3059 summo
2350 3009 2543 3058 oratori
2599 3007 2915 3061 tribuebatur

1919 3087 1997 3154 (S.
2033 3086 2113 3156 4).
2150 3089 2208 3137 ln
2240 3086 2453 3156 reliquis
2489 3089 2651 3138 etiam
2679 3086 2913 3160 operibus

1918 3165 2054 3217 solet
2094 3165 2264 3225 latius.
2287 3184 2542 3237 usurpare
2581 3165 2911 3239 philosophia

1916 3263 2148 3311 nomen,
2185 3258 2246 3296 ut
2280 3247 2581 3317 Panegyric.
2620 3245 2653 3296 a*
2683 3246 2795 3315 σιρὶ
2816 3243 2911 3299 «τοὺς

1914 3319 2078 3389 λόγους
2102 3323 2348 3388 φιλοσοφία.
2370 3343 2425 3395 p.
2450 3326 2587 3376 Mor.
2617 3342 2672 3394 7,
2697 3325 2788 3378 ubi
2806 3323 2911 3376 vide

1913 3403 2052 3454 Mori
2081 3415 2265 3454 notam
2298 3404 2352 3453 it.
2389 3420 2441 3472 p.
2481 3401 2545 3468 5,
2578 3417 2694 3455 not.
2730 3404 2765 3455 l.
2790 3401 2906 3456 Vide

1913 3499 2013 3531 nos
2046 3480 2115 3531 ad
2144 3482 2192 3546 S.
2228 3480 2261 3545 4
2297 3493 2349 3531 et
2381 3479 2558 3533 Budaei
2588 3484 2798 3557 Comm-
2828 3482 2908 3532 Gr.

1910 3559 2057 3629 Ling.
2085 3579 2137 3631 p.
2173 3559 2302 3610 1208
2327 3556 2432 3629 (ed.
2460 3560 2603 3628 Bas.)
2626 3563 2720 3631 qui
2743 3571 2910 3610 monet

1911 3658 2048 3710 saepe
2095 3637 2240 3709 apud
2278 3641 2440 3692 Isocr.
2484 3657 2598 3692 esse
2648 3639 2910 3705 φιλοσοφίαι

1911 3717 2015 3772 ἀντὶ
2037 3719 2116 3774 ’τῖς
2136 3717 2424 3782 quenewke.
2444 3747 2515 3758 ·-—
2534 3721 2594 3770 R.
2616 3719 2753 3771 Cod.
2782 3737 2801 3771 1
2823 3718 2911 3769 ha-

1908 3798 2000 3851 bet
2021 3800 2265 3852 Socrates.
2288 3800 2355 3850 Et
2378 3800 2433 3848 in
2458 3795 2580 3850 edit.
2613 3797 2780 3849 Hack.
2808 3797 2905 3848 haec

1909 3879 2150 3930 invenio:
2183 3899 2207 3924 κ
2225 3878 2285 3928 In
2302 3878 2522 3928 vetustis
2545 3875 2718 3929 Codd.
2741 3878 2909 3929 Socra·

1910 3968 1979 4008 tes
1997 3957 2213 4024 legitur:
2237 3974 2361 4007 nam
2375 3969 2427 4007 et
2442 3956 2685 4009 Socrates
2702 3958 2757 4007 in
2774 3954 2907 4006 Phae-

1909 4034 2006 4088 dro
2022 4034 2281 4101 Platonis,
2297 4034 2365 4085 ab
2380 4048 2590 4088 oratore
2605 4053 2785 4087 rerum
2798 4049 2910 4102 cog-

1907 4117 2165 4167 nitionem
2193 4114 2423 4185 flagitat,
2453 4114 2599 4184 quod
2627 4128 2709 4168 est
2736 4113 2906 4186 philo·

1907 4193 2124 4267 sophim.
2170 4194 2244 4247 Et
2283 4193 2378 4247 hoc
2417 4193 2619 4266 alioqui
2663 4200 2909 4268 repugnat
