<?xml version="1.0" encoding="UTF-8"?>
<!DOCTYPE html PUBLIC "-//W3C//DTD XHTML 1.0 Transitional//EN"
    "http://www.w3.org/TR/xhtml1/DTD/xhtml1-transitional.dtd">
<html xmlns="http://www.w3.org/1999/xhtml" xml:lang="en" lang="en">
 <head>
  <title>
</title>
<meta http-equiv="Content-Type" content="text/html;charset=utf-8" />
  <meta name='ocr-system' content='tesseract 3.04.00' />
  <meta name='ocr-capabilities' content='ocr_page ocr_carea ocr_par ocr_line ocrx_word'/>
</head>
<body>
  <div class='ocr_page' id='page_1' title='image "./deinstitutioneo12quingoog_0096.png"; bbox 0 0 3200 5150; ppageno 0'>
   <div class='ocr_carea' id='block_1_1' title="bbox 741 1354 799 1390">
    <p class='ocr_par' dir='ltr' id='par_1_1' title="bbox 741 1354 799 1390">
     <span class='ocr_line' id='line_1_1' title="bbox 741 1354 799 1390; baseline -0.017 0"><span class='ocrx_word' id='word_1_1' title='bbox 741 1354 799 1390; x_wconf 79' lang='lat'>2¹</span> 
     </span>
    </p>
   </div>
   <div class='ocr_carea' id='block_1_2' title="bbox 859 530 943 599">
    <p class='ocr_par' dir='ltr' id='par_1_2' title="bbox 859 530 943 599">
     <span class='ocr_line' id='line_1_2' title="bbox 859 530 943 599; baseline 0 -20"><span class='ocrx_word' id='word_1_2' title='bbox 859 530 943 599; x_wconf 76' lang='grc'>70</span> 
     </span>
    </p>
   </div>
   <div class='ocr_carea' id='block_1_3' title="bbox 1418 510 2366 593">
    <p class='ocr_par' dir='ltr' id='par_1_3' title="bbox 1418 510 2366 593">
     <span class='ocr_line' id='line_1_3' title="bbox 1418 510 2366 593; baseline 0.002 -18"><span class='ocrx_word' id='word_1_3' title='bbox 1418 510 1510 575; x_wconf 84' lang='lat' dir='ltr'>M.</span> <span class='ocrx_word' id='word_1_4' title='bbox 1550 511 1775 575; x_wconf 77' lang='lat' dir='ltr'>FAssu</span> <span class='ocrx_word' id='word_1_5' title='bbox 1812 510 2366 593; x_wconf 71' lang='lat' dir='ltr'>QmNTIme</span> 
     </span>
    </p>
   </div>
   <div class='ocr_carea' id='block_1_4' title="bbox 746 628 2936 1540">
    <p class='ocr_par' dir='ltr' id='par_1_4' title="bbox 746 628 2936 1540">
     <span class='ocr_line' id='line_1_4' title="bbox 746 628 2933 731; baseline 0 -23"><span class='ocrx_word' id='word_1_6' title='bbox 746 670 819 708; x_wconf 69' lang='lat' dir='ltr'>au</span> <span class='ocrx_word' id='word_1_7' title='bbox 854 630 1054 723; x_wconf 85' lang='lat' dir='ltr'>cerit,</span> <span class='ocrx_word' id='word_1_8' title='bbox 1089 630 1281 731; x_wconf 76' lang='lat' dir='ltr'>qued</span> <span class='ocrx_word' id='word_1_9' title='bbox 1322 628 1506 705; x_wconf 80' lang='lat' dir='ltr'>inter·</span> <span class='ocrx_word' id='word_1_10' title='bbox 1544 630 1802 703; x_wconf 69' lang='lat' dir='ltr'>multos</span> <span class='ocrx_word' id='word_1_11' title='bbox 1842 629 2252 704; x_wconf 69' lang='lat' dir='ltr'>satiendam</span> <span class='ocrx_word' id='word_1_12' title='bbox 2295 655 2416 706; x_wconf 83' lang='lat' dir='ltr'>est.</span> <span class='ocrx_word' id='word_1_13' title='bbox 2460 634 2664 707; x_wconf 84' lang='lat' dir='ltr'>Mitto</span> <span class='ocrx_word' id='word_1_14' title='bbox 2700 636 2933 709; x_wconf 73' lang='lat' dir='ltr'>amici-</span> 
     </span>
     <span class='ocr_line' id='line_1_5' title="bbox 848 745 2927 845; baseline 0.002 -28"><span class='ocrx_word' id='word_1_15' title='bbox 848 747 1018 839; x_wconf 83' lang='lat' dir='ltr'>tias,</span> <span class='ocrx_word' id='word_1_16' title='bbox 1074 770 1231 845; x_wconf 64' lang='lat' dir='ltr'>quae</span> <span class='ocrx_word' id='word_1_17' title='bbox 1280 746 1368 819; x_wconf 81' lang='lat' dir='ltr'>ad</span> <span class='ocrx_word' id='word_1_18' title='bbox 1423 767 1859 819; x_wconf 78' lang='lat' dir='ltr'>senectutem·</span> <span class='ocrx_word' id='word_1_19' title='bbox 1901 772 2124 845; x_wconf 79' lang='lat' dir='ltr'>usque</span> <span class='ocrx_word' id='word_1_20' title='bbox 2177 745 2589 822; x_wconf 78' lang='lat' dir='ltr'>firmissimae</span> <span class='ocrx_word' id='word_1_21' title='bbox 2635 750 2882 822; x_wconf 71' lang='lat' dir='ltr'>durant</span> <span class='ocrx_word' id='word_1_22' title='bbox 2905 808 2927 841; x_wconf 84' lang='lat'>‚</span> 
     </span>
     <span class='ocr_line' id='line_1_6' title="bbox 848 857 2928 963; baseline 0.002 -32"><span class='ocrx_word' id='word_1_23' title='bbox 848 860 1160 959; x_wconf 70' lang='lat' dir='ltr'>religiosa</span> <span class='ocrx_word' id='word_1_24' title='bbox 1201 857 1507 959; x_wconf 80' lang='lat' dir='ltr'>quadam</span> <span class='ocrx_word' id='word_1_25' title='bbox 1552 859 2058 935; x_wconf 69' lang='lat' dir='ltr'>necessitudine</span> <span class='ocrx_word' id='word_1_26' title='bbox 2105 860 2427 952; x_wconf 76' lang='lat' dir='ltr'>imbutoe3</span> <span class='ocrx_word' id='word_1_27' title='bbox 2470 888 2699 963; x_wconf 74' lang='lat' dir='ltr'>neque</span> <span class='ocrx_word' id='word_1_28' title='bbox 2747 865 2928 936; x_wconf 83' lang='lat' dir='ltr'>enim</span> 
     </span>
     <span class='ocr_line' id='line_1_7' title="bbox 846 974 2934 1074; baseline 0.002 -28"><span class='ocrx_word' id='word_1_29' title='bbox 846 998 946 1047; x_wconf 84' lang='lat' dir='ltr'>est</span> <span class='ocrx_word' id='word_1_30' title='bbox 990 974 1288 1049; x_wconf 82' lang='lat' dir='ltr'>sanctius</span> <span class='ocrx_word' id='word_1_31' title='bbox 1310 1030 1330 1066; x_wconf 84' lang='lat'><strong>‚</strong></span> <span class='ocrx_word' id='word_1_32' title='bbox 1374 974 1581 1047; x_wconf 81' lang='lat' dir='ltr'>sacris</span> <span class='ocrx_word' id='word_1_33' title='bbox 1613 974 1896 1065; x_wconf 85' lang='lat' dir='ltr'>iisdem,</span> <span class='ocrx_word' id='word_1_34' title='bbox 1929 1000 2146 1074; x_wconf 84' lang='lat' dir='ltr'>quam</span> <span class='ocrx_word' id='word_1_35' title='bbox 2180 977 2423 1049; x_wconf 82' lang='lat' dir='ltr'>studiis</span> <span class='ocrx_word' id='word_1_36' title='bbox 2456 978 2730 1051; x_wconf 71' lang='lat' dir='ltr'>initiari.</span> <span class='ocrx_word' id='word_1_37' title='bbox 2768 981 2934 1052; x_wconf 80' lang='lat' dir='ltr'>Sen-</span> 
     </span>
     <span class='ocr_line' id='line_1_8' title="bbox 843 1089 2928 1193; baseline 0.001 -32"><span class='ocrx_word' id='word_1_38' title='bbox 843 1116 1002 1163; x_wconf 87' lang='lat' dir='ltr'>sum</span> <span class='ocrx_word' id='word_1_39' title='bbox 1035 1091 1304 1191; x_wconf 72' lang='lat' dir='ltr'>ipsum,</span> <span class='ocrx_word' id='word_1_40' title='bbox 1335 1091 1455 1190; x_wconf 85' lang='lat' dir='ltr'>qui</span> <span class='ocrx_word' id='word_1_41' title='bbox 1482 1089 1879 1163; x_wconf 81' lang='lat' dir='ltr'>communis</span> <span class='ocrx_word' id='word_1_42' title='bbox 1909 1090 2157 1164; x_wconf 83' lang='lat' dir='ltr'>dieitur</span> <span class='ocrx_word' id='word_1_43' title='bbox 2183 1105 2204 1136; x_wconf 89' lang='lat'>¹</span> <span class='ocrx_word' id='word_1_44' title='bbox 2226 1148 2247 1183; x_wconf 83' lang='lat'>,</span> <span class='ocrx_word' id='word_1_45' title='bbox 2283 1092 2402 1164; x_wconf 84' lang='lat' dir='ltr'>nbi</span> <span class='ocrx_word' id='word_1_46' title='bbox 2434 1092 2682 1183; x_wconf 80' lang='lat' dir='ltr'>discet,</span> <span class='ocrx_word' id='word_1_47' title='bbox 2712 1116 2928 1193; x_wconf 76' lang='lat' dir='ltr'>quum</span> 
     </span>
     <span class='ocr_line' id='line_1_9' title="bbox 845 1206 2932 1306; baseline 0.001 -29"><span class='ocrx_word' id='word_1_48' title='bbox 845 1232 915 1277; x_wconf 84' lang='lat' dir='ltr'>se</span> <span class='ocrx_word' id='word_1_49' title='bbox 959 1233 1001 1278; x_wconf 82' lang='lat' dir='ltr'>a</span> <span class='ocrx_word' id='word_1_50' title='bbox 1041 1232 1449 1305; x_wconf 79' lang='lat' dir='ltr'>congressu,</span> <span class='ocrx_word' id='word_1_51' title='bbox 1487 1206 1612 1306; x_wconf 85' lang='lat' dir='ltr'>qui·</span> <span class='ocrx_word' id='word_1_52' title='bbox 1648 1233 1793 1279; x_wconf 86' lang='lat' dir='ltr'>non</span> <span class='ocrx_word' id='word_1_53' title='bbox 1835 1206 2245 1279; x_wconf 79' lang='lat' dir='ltr'>hominibus</span> <span class='ocrx_word' id='word_1_54' title='bbox 2287 1207 2518 1279; x_wconf 74' lang='lat' dir='ltr'>solum</span> <span class='ocrx_word' id='word_1_55' title='bbox 2566 1207 2685 1280; x_wconf 87' lang='lat' dir='ltr'>sed</span> <span class='ocrx_word' id='word_1_56' title='bbox 2728 1206 2932 1280; x_wconf 81' lang='lat' dir='ltr'>mutis</span> 
     </span>
     <span class='ocr_line' id='line_1_10' title="bbox 846 1320 2936 1421; baseline 0.002 -30"><span class='ocrx_word' id='word_1_57' title='bbox 846 1346 1127 1419; x_wconf 84' lang='lat' dir='ltr'>quoqne</span> <span class='ocrx_word' id='word_1_58' title='bbox 1178 1320 1599 1395; x_wconf 81' lang='lat' dir='ltr'>animalibus</span> <span class='ocrx_word' id='word_1_59' title='bbox 1627 1321 1992 1395; x_wconf 76' lang='lat' dir='ltr'>‘naturalis</span> <span class='ocrx_word' id='word_1_60' title='bbox 2042 1343 2184 1414; x_wconf 81' lang='lat' dir='ltr'>est,</span> <span class='ocrx_word' id='word_1_61' title='bbox 2231 1322 2648 1421; x_wconf 66' lang='lat' dir='ltr'>segregarit?</span> <span class='ocrx_word' id='word_1_62' title='bbox 2691 1322 2887 1395; x_wconf 82' lang='lat' dir='ltr'><strong>Adde</strong></span> <span class='ocrx_word' id='word_1_63' title='bbox 2912 1378 2936 1414; x_wconf 87' lang='lat'><strong><em>‚</em></strong></span> 
     </span>
     <span class='ocr_line' id='line_1_11' title="bbox 844 1434 2935 1540; baseline 0.001 -34"><span class='ocrx_word' id='word_1_64' title='bbox 844 1436 1035 1535; x_wconf 88' lang='lat' dir='ltr'>quod</span> <span class='ocrx_word' id='word_1_65' title='bbox 1071 1434 1262 1508; x_wconf 85' lang='lat' dir='ltr'>domi</span> <span class='ocrx_word' id='word_1_66' title='bbox 1295 1462 1377 1508; x_wconf 87' lang='lat' dir='ltr'>ea</span> <span class='ocrx_word' id='word_1_67' title='bbox 1408 1435 1555 1509; x_wconf 85' lang='lat' dir='ltr'>sola</span> <span class='ocrx_word' id='word_1_68' title='bbox 1588 1435 1850 1510; x_wconf 78' lang='lat' dir='ltr'>discere</span> <span class='ocrx_word' id='word_1_69' title='bbox 1882 1459 2103 1538; x_wconf 85' lang='lat' dir='ltr'>potest</span> <span class='ocrx_word' id='word_1_70' title='bbox 2122 1495 2143 1529; x_wconf 84' lang='lat'>‚</span> <span class='ocrx_word' id='word_1_71' title='bbox 2178 1463 2335 1537; x_wconf 78' lang='lat' dir='ltr'>quae</span> <span class='ocrx_word' id='word_1_72' title='bbox 2367 1436 2495 1540; x_wconf 85' lang='lat' dir='ltr'>ipsi</span> <span class='ocrx_word' id='word_1_73' title='bbox 2539 1437 2935 1538; x_wconf 62' lang='lat' dir='ltr'>praecipien-</span> 
     </span>
    </p>
   </div>
   <div class='ocr_carea' id='block_1_5' title="bbox 843 1584 1848 1738">
    <p class='ocr_par' dir='ltr' id='par_1_5' title="bbox 843 1584 1848 1738">
     <span class='ocr_line' id='line_1_12' title="bbox 921 1584 1848 1658; baseline 0.001 -21"><span class='ocrx_word' id='word_1_74' title='bbox 921 1603 965 1637; x_wconf 85' lang='lat'>1.</span> <span class='ocrx_word' id='word_1_75' title='bbox 993 1584 1266 1637; x_wconf 73' lang='lat' dir='ltr'>Sensum...</span> <span class='ocrx_word' id='word_1_76' title='bbox 1291 1585 1387 1658; x_wconf 74' lang='lat' dir='ltr'>qui</span> <span class='ocrx_word' id='word_1_77' title='bbox 1405 1587 1695 1639; x_wconf 62' lang='lat' dir='ltr'>communis</span> <span class='ocrx_word' id='word_1_78' title='bbox 1720 1585 1848 1638; x_wconf 68' lang='lat' dir='ltr'>diei-</span> 
     </span>
     <span class='ocr_line' id='line_1_13' title="bbox 843 1662 1847 1738; baseline 0 -22"><span class='ocrx_word' id='word_1_79' title='bbox 843 1675 941 1716; x_wconf 79' lang='lat' dir='ltr'>tur.</span> <span class='ocrx_word' id='word_1_80' title='bbox 971 1666 1051 1718; x_wconf 76' lang='lat' dir='ltr'>Ex</span> <span class='ocrx_word' id='word_1_81' title='bbox 1073 1662 1211 1730; x_wconf 83' lang='lat' dir='ltr'>hoc,</span> <span class='ocrx_word' id='word_1_82' title='bbox 1241 1663 1386 1734; x_wconf 84' lang='lat' dir='ltr'>quod</span> <span class='ocrx_word' id='word_1_83' title='bbox 1415 1664 1693 1738; x_wconf 57' lang='lat' dir='ltr'>subjicitur</span> <span class='ocrx_word' id='word_1_84' title='bbox 1723 1678 1847 1737; x_wconf 87' lang='lat' dir='ltr'>post</span> 
     </span>
    </p>
   </div>
   <div class='ocr_carea' id='block_1_6' title="bbox 841 1744 1844 1816">
    <p class='ocr_par' dir='ltr' id='par_1_6' title="bbox 841 1744 1844 1816">
     <span class='ocr_line' id='line_1_14' title="bbox 841 1744 1844 1816; baseline -0.002 -20"><span class='ocrx_word' id='word_1_85' title='bbox 841 1762 1010 1796; x_wconf 78' lang='lat' dir='ltr'>sensus</span> <span class='ocrx_word' id='word_1_86' title='bbox 1042 1744 1394 1808; x_wconf 78' lang='lat' dir='ltr'>vocabulum,</span> <span class='ocrx_word' id='word_1_87' title='bbox 1432 1758 1653 1816; x_wconf 82' lang='lat' dir='ltr'>apparet</span> <span class='ocrx_word' id='word_1_88' title='bbox 1687 1745 1844 1815; x_wconf 69' lang='lat' dir='ltr'>vulgo</span> 
     </span>
    </p>
   </div>
   <div class='ocr_carea' id='block_1_7' title="bbox 842 1820 1856 1894">
    <p class='ocr_par' dir='ltr' id='par_1_7' title="bbox 842 1820 1856 1894">
     <span class='ocr_line' id='line_1_15' title="bbox 842 1820 1856 1894; baseline 0.002 -20"><span class='ocrx_word' id='word_1_89' title='bbox 842 1824 913 1874; x_wconf 82' lang='lat' dir='ltr'>ita</span> <span class='ocrx_word' id='word_1_90' title='bbox 956 1821 1274 1894; x_wconf 77' lang='lat' dir='ltr'><strong>appellatam</strong></span> <span class='ocrx_word' id='word_1_91' title='bbox 1309 1823 1475 1874; x_wconf 83' lang='lat' dir='ltr'>fuisse</span> <span class='ocrx_word' id='word_1_92' title='bbox 1507 1820 1647 1874; x_wconf 80' lang='lat' dir='ltr'>hane</span> <span class='ocrx_word' id='word_1_93' title='bbox 1689 1822 1856 1876; x_wconf 76' lang='lat' dir='ltr'>animi‘</span> 
     </span>
    </p>
   </div>
   <div class='ocr_carea' id='block_1_8' title="bbox 840 1900 1852 4265">
    <p class='ocr_par' dir='ltr' id='par_1_8' title="bbox 840 1900 1852 4265">
     <span class='ocr_line' id='line_1_16' title="bbox 840 1900 1849 1973; baseline 0 -19"><span class='ocrx_word' id='word_1_94' title='bbox 840 1901 1146 1955; x_wconf 76' lang='lat' dir='ltr'>facultatem</span> <span class='ocrx_word' id='word_1_95' title='bbox 1162 1923 1183 1965; x_wconf 84' lang='lat'>·,</span> <span class='ocrx_word' id='word_1_96' title='bbox 1207 1900 1386 1973; x_wconf 84' lang='lat' dir='ltr'>quod,</span> <span class='ocrx_word' id='word_1_97' title='bbox 1413 1904 1470 1955; x_wconf 86' lang='lat' dir='ltr'>ni</span> <span class='ocrx_word' id='word_1_98' title='bbox 1496 1902 1672 1969; x_wconf 77' lang='lat' dir='ltr'>fallor,</span> <span class='ocrx_word' id='word_1_99' title='bbox 1697 1915 1849 1957; x_wconf 64' lang='lat' dir='ltr'>atate</span> 
     </span>
     <span class='ocr_line' id='line_1_17' title="bbox 842 1980 1849 2054; baseline 0 -20"><span class='ocrx_word' id='word_1_100' title='bbox 842 1983 1065 2050; x_wconf 78' lang='lat' dir='ltr'>Augusti</span> <span class='ocrx_word' id='word_1_101' title='bbox 1094 1980 1310 2032; x_wconf 87' lang='lat' dir='ltr'>demum</span> <span class='ocrx_word' id='word_1_102' title='bbox 1338 1983 1449 2033; x_wconf 83' lang='lat' dir='ltr'>fieri</span> <span class='ocrx_word' id='word_1_103' title='bbox 1475 1983 1668 2054; x_wconf 84' lang='lat' dir='ltr'>coepit,</span> <span class='ocrx_word' id='word_1_104' title='bbox 1696 1983 1849 2034; x_wconf 87' lang='lat' dir='ltr'>Cice-</span> 
     </span>
     <span class='ocr_line' id='line_1_18' title="bbox 840 2058 1848 2131; baseline 0.001 -20"><span class='ocrx_word' id='word_1_105' title='bbox 840 2063 959 2111; x_wconf 82' lang='lat' dir='ltr'>roni</span> <span class='ocrx_word' id='word_1_106' title='bbox 974 2079 1083 2113; x_wconf 86' lang='lat' dir='ltr'>non</span> <span class='ocrx_word' id='word_1_107' title='bbox 1099 2058 1233 2111; x_wconf 82' lang='lat' dir='ltr'>adeo</span> <span class='ocrx_word' id='word_1_108' title='bbox 1249 2061 1514 2113; x_wconf 84' lang='lat' dir='ltr'>usitatum.</span> <span class='ocrx_word' id='word_1_109' title='bbox 1531 2061 1693 2131; x_wconf 81' lang='lat' dir='ltr'>Apud</span> <span class='ocrx_word' id='word_1_110' title='bbox 1706 2060 1848 2112; x_wconf 86' lang='lat' dir='ltr'>hunc</span> 
     </span>
     <span class='ocr_line' id='line_1_19' title="bbox 842 2136 1848 2207; baseline -0.001 -18"><span class='ocrx_word' id='word_1_111' title='bbox 842 2137 982 2189; x_wconf 76' lang='lat' dir='ltr'>eni&#39;m</span> <span class='ocrx_word' id='word_1_112' title='bbox 1008 2136 1130 2189; x_wconf 88' lang='lat' dir='ltr'>licet</span> <span class='ocrx_word' id='word_1_113' title='bbox 1159 2139 1283 2189; x_wconf 82' lang='lat' dir='ltr'>satis</span> <span class='ocrx_word' id='word_1_114' title='bbox 1318 2138 1619 2207; x_wconf 83' lang='lat' dir='ltr'>frequenter</span> <span class='ocrx_word' id='word_1_115' title='bbox 1647 2156 1848 2189; x_wconf 77' lang='lat' dir='ltr'>sensum</span> 
     </span>
     <span class='ocr_line' id='line_1_20' title="bbox 842 2213 1849 2286; baseline 0.002 -21"><span class='ocrx_word' id='word_1_116' title='bbox 842 2233 1169 2266; x_wconf 82' lang='lat' dir='ltr'>communem</span> <span class='ocrx_word' id='word_1_117' title='bbox 1202 2214 1376 2284; x_wconf 79' lang='lat' dir='ltr'>legas,</span> <span class='ocrx_word' id='word_1_118' title='bbox 1406 2213 1709 2286; x_wconf 73' lang='lat' dir='ltr'>adjungitur</span> <span class='ocrx_word' id='word_1_119' title='bbox 1739 2216 1849 2268; x_wconf 84' lang='lat' dir='ltr'>fere</span> 
     </span>
     <span class='ocr_line' id='line_1_21' title="bbox 844 2292 1848 2367; baseline 0 -21"><span class='ocrx_word' id='word_1_120' title='bbox 844 2312 1049 2365; x_wconf 81' lang='lat' dir='ltr'>semper</span> <span class='ocrx_word' id='word_1_121' title='bbox 1095 2292 1295 2364; x_wconf 86' lang='lat' dir='ltr'>aliquid</span> <span class='ocrx_word' id='word_1_122' title='bbox 1314 2332 1330 2359; x_wconf 88' lang='lat'>,</span> <span class='ocrx_word' id='word_1_123' title='bbox 1377 2292 1517 2346; x_wconf 85' lang='lat' dir='ltr'>unde</span> <span class='ocrx_word' id='word_1_124' title='bbox 1563 2312 1662 2367; x_wconf 86' lang='lat' dir='ltr'>pro</span> <span class='ocrx_word' id='word_1_125' title='bbox 1704 2295 1848 2347; x_wconf 74' lang='lat' dir='ltr'>vario</span> 
     </span>
     <span class='ocr_line' id='line_1_22' title="bbox 842 2370 1846 2442; baseline 0 -19"><span class='ocrx_word' id='word_1_126' title='bbox 842 2391 979 2424; x_wconf 65' lang='lat' dir='ltr'>nexu</span> <span class='ocrx_word' id='word_1_127' title='bbox 1021 2370 1423 2442; x_wconf 77' lang='lat' dir='ltr'>disputationis,</span> <span class='ocrx_word' id='word_1_128' title='bbox 1460 2372 1658 2422; x_wconf 80' lang='lat' dir='ltr'>variam</span> <span class='ocrx_word' id='word_1_129' title='bbox 1692 2371 1846 2423; x_wconf 85' lang='lat' dir='ltr'>loeu-</span> 
     </span>
     <span class='ocr_line' id='line_1_23' title="bbox 843 2446 1851 2522; baseline 0.001 -20"><span class='ocrx_word' id='word_1_130' title='bbox 843 2454 975 2503; x_wconf 79' lang='lat' dir='ltr'>t&#39;mui</span> <span class='ocrx_word' id='word_1_131' title='bbox 998 2452 1432 2522; x_wconf 77' lang='lat' dir='ltr'>significationem</span> <span class='ocrx_word' id='word_1_132' title='bbox 1457 2450 1674 2503; x_wconf 74' lang='lat' dir='ltr'>tribuas,</span> <span class='ocrx_word' id='word_1_133' title='bbox 1695 2446 1851 2503; x_wconf 62' lang='lat' dir='ltr'>rdia-</span> 
     </span>
     <span class='ocr_line' id='line_1_24' title="bbox 842 2524 1847 2607; baseline 0.001 -21"><span class='ocrx_word' id='word_1_134' title='bbox 842 2553 965 2586; x_wconf 83' lang='lat' dir='ltr'>men</span> <span class='ocrx_word' id='word_1_135' title='bbox 984 2553 1079 2607; x_wconf 84' lang='lat' dir='ltr'>per</span> <span class='ocrx_word' id='word_1_136' title='bbox 1103 2534 1278 2586; x_wconf 86' lang='lat' dir='ltr'>omnia</span> <span class='ocrx_word' id='word_1_137' title='bbox 1304 2535 1416 2605; x_wconf 83' lang='lat' dir='ltr'>ejus</span> <span class='ocrx_word' id='word_1_138' title='bbox 1443 2531 1592 2600; x_wconf 82' lang='lat' dir='ltr'>loca,</span> <span class='ocrx_word' id='word_1_139' title='bbox 1611 2554 1659 2585; x_wconf 83' lang='lat' dir='ltr'>v.</span> <span class='ocrx_word' id='word_1_140' title='bbox 1681 2524 1727 2586; x_wconf 71' lang='lat' dir='ltr'>c.</span> <span class='ocrx_word' id='word_1_141' title='bbox 1750 2554 1847 2607; x_wconf 80' lang='lat' dir='ltr'>pro</span> 
     </span>
     <span class='ocr_line' id='line_1_25' title="bbox 843 2613 1849 2681; baseline 0.001 -15"><span class='ocrx_word' id='word_1_142' title='bbox 843 2614 1051 2679; x_wconf 59' lang='lat' dir='ltr'>Planta,</span> <span class='ocrx_word' id='word_1_143' title='bbox 1076 2632 1120 2665; x_wconf 92' lang='lat' dir='ltr'>c.</span> <span class='ocrx_word' id='word_1_144' title='bbox 1151 2613 1211 2664; x_wconf 85' lang='lat'>13</span> <span class='ocrx_word' id='word_1_145' title='bbox 1235 2626 1287 2664; x_wconf 88' lang='lat' dir='ltr'>et</span> <span class='ocrx_word' id='word_1_146' title='bbox 1315 2613 1392 2679; x_wconf 67' lang='lat'>¹4·</span> <span class='ocrx_word' id='word_1_147' title='bbox 1413 2613 1493 2665; x_wconf 91' lang='lat' dir='ltr'>De</span> <span class='ocrx_word' id='word_1_148' title='bbox 1513 2615 1658 2666; x_wconf 82' lang='lat' dir='ltr'>Orat.</span> <span class='ocrx_word' id='word_1_149' title='bbox 1679 2614 1771 2667; x_wconf 90' lang='lat' dir='ltr'>lib.</span> <span class='ocrx_word' id='word_1_150' title='bbox 1798 2616 1849 2681; x_wconf 83' lang='lat'>1,</span> 
     </span>
     <span class='ocr_line' id='line_1_26' title="bbox 845 2689 1851 2758; baseline 0.001 -14"><span class='ocrx_word' id='word_1_151' title='bbox 845 2690 909 2754; x_wconf 79' lang='lat'>33</span> <span class='ocrx_word' id='word_1_152' title='bbox 944 2691 1020 2756; x_wconf 83' lang='lat'>11,</span> <span class='ocrx_word' id='word_1_153' title='bbox 1069 2689 1147 2742; x_wconf 84' lang='lat'>16.</span> <span class='ocrx_word' id='word_1_154' title='bbox 1183 2689 1458 2743; x_wconf 83' lang='lat' dir='ltr'>observare</span> <span class='ocrx_word' id='word_1_155' title='bbox 1501 2690 1656 2758; x_wconf 85' lang='lat' dir='ltr'>licet,</span> <span class='ocrx_word' id='word_1_156' title='bbox 1697 2693 1851 2745; x_wconf 84' lang='lat' dir='ltr'>intel-</span> 
     </span>
     <span class='ocr_line' id='line_1_27' title="bbox 843 2767 1849 2840; baseline 0.003 -19"><span class='ocrx_word' id='word_1_157' title='bbox 843 2770 934 2839; x_wconf 73' lang='lat' dir='ltr'>ligi</span> <span class='ocrx_word' id='word_1_158' title='bbox 962 2768 1049 2836; x_wconf 86' lang='lat' dir='ltr'>id,</span> <span class='ocrx_word' id='word_1_159' title='bbox 1073 2768 1218 2840; x_wconf 87' lang='lat' dir='ltr'>quod</span> <span class='ocrx_word' id='word_1_160' title='bbox 1247 2787 1430 2822; x_wconf 85' lang='lat' dir='ltr'>omnes</span> <span class='ocrx_word' id='word_1_161' title='bbox 1458 2767 1699 2824; x_wconf 86' lang='lat' dir='ltr'>homines</span> <span class='ocrx_word' id='word_1_162' title='bbox 1728 2790 1849 2824; x_wconf 88' lang='lat' dir='ltr'>sen-</span> 
     </span>
     <span class='ocr_line' id='line_1_28' title="bbox 845 2843 1850 2915; baseline 0.001 -15"><span class='ocrx_word' id='word_1_163' title='bbox 845 2853 1008 2915; x_wconf 73' lang='lat' dir='ltr'>tiam,</span> <span class='ocrx_word' id='word_1_164' title='bbox 1030 2846 1117 2904; x_wconf 66' lang='grc' dir='ltr'>«τὰς</span> <span class='ocrx_word' id='word_1_165' title='bbox 1145 2843 1295 2904; x_wconf 64' lang='lat' dir='ltr'>notui:</span> <span class='ocrx_word' id='word_1_166' title='bbox 1323 2847 1517 2910; x_wconf 66' lang='lat' dir='ltr'>involat,</span> <span class='ocrx_word' id='word_1_167' title='bbox 1545 2851 1650 2901; x_wconf 84' lang='lat' dir='ltr'>sive</span> <span class='ocrx_word' id='word_1_168' title='bbox 1678 2851 1731 2902; x_wconf 88' lang='lat' dir='ltr'>in</span> <span class='ocrx_word' id='word_1_169' title='bbox 1760 2870 1850 2901; x_wconf 81' lang='lat' dir='ltr'>ve-</span> 
     </span>
     <span class='ocr_line' id='line_1_29' title="bbox 843 2927 1848 3001; baseline 0.003 -22"><span class='ocrx_word' id='word_1_170' title='bbox 843 2931 997 2981; x_wconf 77' lang='lat' dir='ltr'>ritate</span> <span class='ocrx_word' id='word_1_171' title='bbox 1042 2948 1216 2981; x_wconf 85' lang='lat' dir='ltr'>rerum</span> <span class='ocrx_word' id='word_1_172' title='bbox 1259 2927 1546 3001; x_wconf 81' lang='lat' dir='ltr'>judicanda</span> <span class='ocrx_word' id='word_1_173' title='bbox 1568 2967 1586 2995; x_wconf 88' lang='lat'>‚</span> <span class='ocrx_word' id='word_1_174' title='bbox 1639 2931 1745 2996; x_wconf 74' lang='lat' dir='ltr'>sive</span> <span class='ocrx_word' id='word_1_175' title='bbox 1795 2931 1848 2982; x_wconf 87' lang='lat' dir='ltr'>in</span> 
     </span>
     <span class='ocr_line' id='line_1_30' title="bbox 846 3005 1851 3084; baseline 0.001 -26"><span class='ocrx_word' id='word_1_176' title='bbox 846 3005 1138 3059; x_wconf 79' lang='lat' dir='ltr'>honestate.</span> <span class='ocrx_word' id='word_1_177' title='bbox 1164 3009 1287 3060; x_wconf 81' lang='lat' dir='ltr'>Non</span> <span class='ocrx_word' id='word_1_178' title='bbox 1310 3007 1468 3077; x_wconf 76' lang='lat' dir='ltr'>igitur</span> <span class='ocrx_word' id='word_1_179' title='bbox 1488 3007 1703 3084; x_wconf 77' lang='lat' dir='ltr'>proprie</span> <span class='ocrx_word' id='word_1_180' title='bbox 1727 3006 1851 3059; x_wconf 65' lang='lat' dir='ltr'>dici:</span> 
     </span>
     <span class='ocr_line' id='line_1_31' title="bbox 849 3085 1847 3151; baseline 0.004 -17"><span class='ocrx_word' id='word_1_181' title='bbox 849 3098 934 3134; x_wconf 83' lang='lat' dir='ltr'>tur</span> <span class='ocrx_word' id='word_1_182' title='bbox 969 3102 999 3136; x_wconf 85' lang='lat' dir='ltr'>a</span> <span class='ocrx_word' id='word_1_183' title='bbox 1039 3085 1290 3138; x_wconf 85' lang='lat' dir='ltr'>Cicerone</span> <span class='ocrx_word' id='word_1_184' title='bbox 1325 3103 1495 3138; x_wconf 81' lang='lat' dir='ltr'>sensus</span> <span class='ocrx_word' id='word_1_185' title='bbox 1528 3086 1847 3151; x_wconf 82' lang='lat' dir='ltr'>communis,</span> 
     </span>
     <span class='ocr_line' id='line_1_32' title="bbox 848 3162 1852 3238; baseline 0.004 -24"><span class='ocrx_word' id='word_1_186' title='bbox 848 3178 905 3215; x_wconf 87' lang='lat' dir='ltr'>ut</span> <span class='ocrx_word' id='word_1_187' title='bbox 929 3183 1024 3238; x_wconf 86' lang='lat' dir='ltr'>per</span> <span class='ocrx_word' id='word_1_188' title='bbox 1046 3183 1102 3218; x_wconf 87' lang='lat' dir='ltr'>se</span> <span class='ocrx_word' id='word_1_189' title='bbox 1124 3167 1293 3237; x_wconf 82' lang='lat' dir='ltr'>possit</span> <span class='ocrx_word' id='word_1_190' title='bbox 1313 3177 1366 3216; x_wconf 85' lang='lat' dir='ltr'>et</span> <span class='ocrx_word' id='word_1_191' title='bbox 1389 3162 1578 3217; x_wconf 76' lang='lat' dir='ltr'>debeat</span> <span class='ocrx_word' id='word_1_192' title='bbox 1600 3162 1852 3236; x_wconf 77' lang='lat' dir='ltr'>intelligi,</span> 
     </span>
     <span class='ocr_line' id='line_1_33' title="bbox 848 3242 1850 3316; baseline 0 -19"><span class='ocrx_word' id='word_1_193' title='bbox 848 3245 940 3298; x_wconf 79' lang='lat' dir='ltr'>sed</span> <span class='ocrx_word' id='word_1_194' title='bbox 974 3263 1071 3316; x_wconf 85' lang='lat' dir='ltr'>pro</span> <span class='ocrx_word' id='word_1_195' title='bbox 1103 3263 1159 3298; x_wconf 87' lang='lat' dir='ltr'>re</span> <span class='ocrx_word' id='word_1_196' title='bbox 1192 3257 1342 3307; x_wconf 86' lang='lat' dir='ltr'>nata;</span> <span class='ocrx_word' id='word_1_197' title='bbox 1376 3256 1429 3295; x_wconf 88' lang='lat' dir='ltr'>et</span> <span class='ocrx_word' id='word_1_198' title='bbox 1456 3242 1720 3296; x_wconf 81' lang='lat' dir='ltr'>interdum</span> <span class='ocrx_word' id='word_1_199' title='bbox 1751 3263 1850 3316; x_wconf 85' lang='lat' dir='ltr'>pro</span> 
     </span>
     <span class='ocr_line' id='line_1_34' title="bbox 850 3319 1848 3395; baseline 0.004 -21"><span class='ocrx_word' id='word_1_200' title='bbox 850 3343 912 3374; x_wconf 89' lang='lat' dir='ltr'>eo</span> <span class='ocrx_word' id='word_1_201' title='bbox 934 3336 1011 3375; x_wconf 83' lang='lat' dir='ltr'>est</span> <span class='ocrx_word' id='word_1_202' title='bbox 1030 3324 1317 3375; x_wconf 76' lang='lat' dir='ltr'>communis</span> <span class='ocrx_word' id='word_1_203' title='bbox 1332 3321 1628 3395; x_wconf 79' lang='lat' dir='ltr'>prudentia,</span> <span class='ocrx_word' id='word_1_204' title='bbox 1652 3319 1717 3375; x_wconf 80' lang='lat' dir='ltr'>de</span> <span class='ocrx_word' id='word_1_205' title='bbox 1737 3323 1848 3378; x_wconf 84' lang='lat' dir='ltr'>Fin.</span> 
     </span>
     <span class='ocr_line' id='line_1_35' title="bbox 846 3401 1850 3474; baseline 0.004 -22"><span class='ocrx_word' id='word_1_206' title='bbox 846 3405 933 3470; x_wconf 79' lang='lat' dir='ltr'>lv,</span> <span class='ocrx_word' id='word_1_207' title='bbox 956 3421 1047 3473; x_wconf 79' lang='lat'>27;</span> <span class='ocrx_word' id='word_1_208' title='bbox 1069 3401 1582 3474; x_wconf 61' lang='lat' dir='ltr'>communisopinio,</span> <span class='ocrx_word' id='word_1_209' title='bbox 1600 3402 1755 3456; x_wconf 84' lang='lat' dir='ltr'>offic.</span> <span class='ocrx_word' id='word_1_210' title='bbox 1779 3403 1850 3471; x_wconf 75' lang='lat' dir='ltr'>ll,</span> 
     </span>
     <span class='ocr_line' id='line_1_36' title="bbox 854 3477 1849 3548; baseline 0.002 -17"><span class='ocrx_word' id='word_1_211' title='bbox 854 3499 941 3543; x_wconf 79' lang='lat'>¹⁰3</span> <span class='ocrx_word' id='word_1_212' title='bbox 970 3480 1259 3532; x_wconf 79' lang='lat' dir='ltr'>communis</span> <span class='ocrx_word' id='word_1_213' title='bbox 1280 3497 1450 3543; x_wconf 82' lang='lat' dir='ltr'>mens,</span> <span class='ocrx_word' id='word_1_214' title='bbox 1481 3477 1547 3530; x_wconf 88' lang='lat' dir='ltr'>de</span> <span class='ocrx_word' id='word_1_215' title='bbox 1577 3481 1721 3533; x_wconf 87' lang='lat' dir='ltr'>Orat.</span> <span class='ocrx_word' id='word_1_216' title='bbox 1753 3482 1849 3548; x_wconf 78' lang='lat' dir='ltr'>nr,</span> 
     </span>
     <span class='ocr_line' id='line_1_37' title="bbox 849 3553 1849 3628; baseline 0.001 -17"><span class='ocrx_word' id='word_1_217' title='bbox 849 3576 941 3628; x_wconf 76' lang='lat'>29;</span> <span class='ocrx_word' id='word_1_218' title='bbox 973 3561 1129 3610; x_wconf 87' lang='lat' dir='ltr'>etiam</span> <span class='ocrx_word' id='word_1_219' title='bbox 1157 3575 1451 3610; x_wconf 82' lang='lat' dir='ltr'>communes</span> <span class='ocrx_word' id='word_1_220' title='bbox 1472 3575 1642 3608; x_wconf 74' lang='lat' dir='ltr'>sensus</span> <span class='ocrx_word' id='word_1_221' title='bbox 1698 3553 1849 3612; x_wconf 82' lang='lat' dir='ltr'>lurali</span> 
     </span>
     <span class='ocr_line' id='line_1_38' title="bbox 842 3578 1848 3704; baseline 0.002 -15"><span class='ocrx_word' id='word_1_222' title='bbox 842 3655 1065 3690; x_wconf 83' lang='lat' dir='ltr'>numero</span> <span class='ocrx_word' id='word_1_223' title='bbox 1103 3635 1352 3689; x_wconf 86' lang='lat' dir='ltr'>dicuntur</span> <span class='ocrx_word' id='word_1_224' title='bbox 1386 3635 1514 3688; x_wconf 82' lang='lat' dir='ltr'>ibid.</span> <span class='ocrx_word' id='word_1_225' title='bbox 1558 3655 1606 3688; x_wconf 90' lang='lat' dir='ltr'>c.</span> <span class='ocrx_word' id='word_1_226' title='bbox 1651 3578 1718 3689; x_wconf 54' lang='grc' dir='ltr'>ἕο</span> <span class='ocrx_word' id='word_1_227' title='bbox 1734 3676 1751 3704; x_wconf 87' lang='grc'>,</span> <span class='ocrx_word' id='word_1_228' title='bbox 1796 3652 1848 3691; x_wconf 91' lang='lat' dir='ltr'>et</span> 
     </span>
     <span class='ocr_line' id='line_1_39' title="bbox 840 3716 1847 3791; baseline 0.001 -23"><span class='ocrx_word' id='word_1_229' title='bbox 840 3719 1079 3788; x_wconf 82' lang='lat' dir='ltr'>inprimis</span> <span class='ocrx_word' id='word_1_230' title='bbox 1105 3736 1202 3788; x_wconf 90' lang='lat' dir='ltr'>pro</span> <span class='ocrx_word' id='word_1_231' title='bbox 1223 3716 1429 3769; x_wconf 84' lang='lat' dir='ltr'>Cluent.</span> <span class='ocrx_word' id='word_1_232' title='bbox 1452 3736 1497 3767; x_wconf 88' lang='lat' dir='ltr'>c.</span> <span class='ocrx_word' id='word_1_233' title='bbox 1520 3717 1554 3769; x_wconf 88' lang='grc'><strong>6</strong></span> <span class='ocrx_word' id='word_1_234' title='bbox 1572 3716 1728 3788; x_wconf 87' lang='lat' dir='ltr'>plane</span> <span class='ocrx_word' id='word_1_235' title='bbox 1748 3737 1847 3791; x_wconf 84' lang='lat' dir='ltr'>pro</span> 
     </span>
     <span class='ocr_line' id='line_1_40' title="bbox 842 3795 1848 3868; baseline 0.004 -23"><span class='ocrx_word' id='word_1_236' title='bbox 842 3795 1009 3851; x_wconf 70' lang='grc' dir='ltr'>κοιναῖς</span> <span class='ocrx_word' id='word_1_237' title='bbox 1030 3796 1231 3850; x_wconf 64' lang='lat' dir='ltr'>invictae.</span> <span class='ocrx_word' id='word_1_238' title='bbox 1250 3795 1536 3868; x_wconf 79' lang='lat' dir='ltr'>Scriptores</span> <span class='ocrx_word' id='word_1_239' title='bbox 1556 3809 1733 3849; x_wconf 85' lang='lat' dir='ltr'>tamen</span> <span class='ocrx_word' id='word_1_240' title='bbox 1748 3797 1848 3849; x_wconf 86' lang='lat' dir='ltr'>sub</span> 
     </span>
     <span class='ocr_line' id='line_1_41' title="bbox 841 3876 1848 3945; baseline 0.002 -19"><span class='ocrx_word' id='word_1_241' title='bbox 841 3878 1082 3945; x_wconf 72' lang='lat' dir='ltr'>Augusto</span> <span class='ocrx_word' id='word_1_242' title='bbox 1125 3894 1295 3945; x_wconf 77' lang='lat' dir='ltr'>eoque</span> <span class='ocrx_word' id='word_1_243' title='bbox 1330 3878 1648 3928; x_wconf 77' lang='lat' dir='ltr'>recentiores</span> <span class='ocrx_word' id='word_1_244' title='bbox 1690 3876 1848 3928; x_wconf 74' lang='lat' dir='ltr'>abso-</span> 
     </span>
     <span class='ocr_line' id='line_1_42' title="bbox 842 3951 1846 4028; baseline 0.005 -25"><span class='ocrx_word' id='word_1_245' title='bbox 842 3951 951 4005; x_wconf 85' lang='lat' dir='ltr'>lute</span> <span class='ocrx_word' id='word_1_246' title='bbox 974 3967 1249 4028; x_wconf 68' lang='lat' dir='ltr'>usurpant.</span> <span class='ocrx_word' id='word_1_247' title='bbox 1276 3956 1346 4005; x_wconf 86' lang='lat' dir='ltr'>Ut</span> <span class='ocrx_word' id='word_1_248' title='bbox 1369 3953 1549 4006; x_wconf 84' lang='lat' dir='ltr'>Horat.</span> <span class='ocrx_word' id='word_1_249' title='bbox 1576 3956 1627 4019; x_wconf 86' lang='lat'>1,</span> <span class='ocrx_word' id='word_1_250' title='bbox 1653 3967 1748 4006; x_wconf 84' lang='lat' dir='ltr'>sat.</span> <span class='ocrx_word' id='word_1_251' title='bbox 1781 3955 1812 4008; x_wconf 89' lang='lat'>3</span> <span class='ocrx_word' id='word_1_252' title='bbox 1829 3994 1846 4022; x_wconf 80' lang='lat'>‚</span> 
     </span>
     <span class='ocr_line' id='line_1_43' title="bbox 843 4031 1846 4103; baseline 0.002 -21"><span class='ocrx_word' id='word_1_253' title='bbox 843 4031 939 4096; x_wconf 70' lang='lat'>663</span> <span class='ocrx_word' id='word_1_254' title='bbox 964 4031 1161 4084; x_wconf 77' lang='lat' dir='ltr'>Phaedr.</span> <span class='ocrx_word' id='word_1_255' title='bbox 1194 4051 1211 4084; x_wconf 82' lang='grc' dir='ltr'><strong>ι</strong></span> <span class='ocrx_word' id='word_1_256' title='bbox 1229 4072 1247 4099; x_wconf 82' lang='lat'>‚</span> <span class='ocrx_word' id='word_1_257' title='bbox 1268 4051 1315 4103; x_wconf 92' lang='lat'>7.</span> <span class='ocrx_word' id='word_1_258' title='bbox 1342 4034 1425 4086; x_wconf 85' lang='lat' dir='ltr'>Sic</span> <span class='ocrx_word' id='word_1_259' title='bbox 1444 4037 1600 4086; x_wconf 83' lang='lat' dir='ltr'>etiam</span> <span class='ocrx_word' id='word_1_260' title='bbox 1622 4033 1846 4099; x_wconf 74' lang='lat' dir='ltr'>Seneca,</span> 
     </span>
     <span class='ocr_line' id='line_1_44' title="bbox 842 4110 1846 4183; baseline 0.004 -23"><span class='ocrx_word' id='word_1_261' title='bbox 842 4126 892 4161; x_wconf 65' lang='lat' dir='ltr'>et</span> <span class='ocrx_word' id='word_1_262' title='bbox 909 4112 1171 4164; x_wconf 71' lang='lat' dir='ltr'>stu-enatis</span> <span class='ocrx_word' id='word_1_263' title='bbox 1193 4110 1313 4164; x_wconf 87' lang='lat' dir='ltr'>loco</span> <span class='ocrx_word' id='word_1_264' title='bbox 1333 4128 1463 4165; x_wconf 87' lang='lat' dir='ltr'>noto</span> <span class='ocrx_word' id='word_1_265' title='bbox 1476 4113 1619 4180; x_wconf 81' lang='lat' dir='ltr'>vm,</span> <span class='ocrx_word' id='word_1_266' title='bbox 1643 4114 1727 4183; x_wconf 82' lang='lat'>73,</span> <span class='ocrx_word' id='word_1_267' title='bbox 1754 4115 1846 4164; x_wconf 87' lang='lat' dir='ltr'>ubi</span> 
     </span>
     <span class='ocr_line' id='line_1_45' title="bbox 840 4191 1842 4265; baseline 0 -23"><span class='ocrx_word' id='word_1_268' title='bbox 840 4206 998 4261; x_wconf 68' lang='lat' dir='ltr'>negat</span> <span class='ocrx_word' id='word_1_269' title='bbox 1015 4194 1067 4244; x_wconf 82' lang='lat' dir='ltr'>in</span> <span class='ocrx_word' id='word_1_270' title='bbox 1084 4191 1391 4265; x_wconf 78' lang='lat' dir='ltr'>proceribus</span> <span class='ocrx_word' id='word_1_271' title='bbox 1414 4192 1711 4262; x_wconf 73' lang='lat' dir='ltr'>frequenter</span> <span class='ocrx_word' id='word_1_272' title='bbox 1729 4204 1842 4243; x_wconf 64' lang='lat' dir='ltr'>esse</span> 
     </span>
    </p>
   </div>
   <div class='ocr_carea' id='block_1_9' title="bbox 1933 1584 2942 4264">
    <p class='ocr_par' dir='ltr' id='par_1_9' title="bbox 1933 1584 2942 4264">
     <span class='ocr_line' id='line_1_46' title="bbox 1933 1584 2933 1658; baseline 0 -18"><span class='ocrx_word' id='word_1_273' title='bbox 1933 1604 2136 1640; x_wconf 64' lang='lat' dir='ltr'>sensum</span> <span class='ocrx_word' id='word_1_274' title='bbox 2160 1604 2516 1652; x_wconf 73' lang='lat' dir='ltr'>eommunem,</span> <span class='ocrx_word' id='word_1_275' title='bbox 2540 1584 2685 1657; x_wconf 79' lang='lat' dir='ltr'>quod</span> <span class='ocrx_word' id='word_1_276' title='bbox 2708 1602 2933 1658; x_wconf 75' lang='lat' dir='ltr'>nuperus</span> 
     </span>
     <span class='ocr_line' id='line_1_47' title="bbox 1933 1666 2931 1740; baseline -0.002 -19"><span class='ocrx_word' id='word_1_277' title='bbox 1933 1671 2191 1740; x_wconf 67' lang='lat' dir='ltr'>imapres</span> <span class='ocrx_word' id='word_1_278' title='bbox 2231 1667 2476 1721; x_wconf 83' lang='lat' dir='ltr'>Gallicus·</span> <span class='ocrx_word' id='word_1_279' title='bbox 2502 1666 2762 1720; x_wconf 67' lang='lat' dir='ltr'>Buoeanlx</span> <span class='ocrx_word' id='word_1_280' title='bbox 2801 1666 2931 1723; x_wconf 84' lang='lat' dir='ltr'>bene</span> 
     </span>
     <span class='ocr_line' id='line_1_48' title="bbox 1934 1744 2934 1799; baseline -0.001 -1"><span class='ocrx_word' id='word_1_281' title='bbox 1934 1746 2160 1799; x_wconf 84' lang='lat' dir='ltr'>reddidit</span> <span class='ocrx_word' id='word_1_282' title='bbox 2191 1768 2203 1797; x_wconf 75' lang='grc' dir='ltr'><strong><em>ε</em></strong></span> <span class='ocrx_word' id='word_1_283' title='bbox 2237 1745 2314 1799; x_wconf 51' lang='lat' dir='ltr'>Hs¹</span> <span class='ocrx_word' id='word_1_284' title='bbox 2343 1756 2436 1798; x_wconf 79' lang='lat' dir='ltr'>ont</span> <span class='ocrx_word' id='word_1_285' title='bbox 2465 1756 2722 1799; x_wconf 71' lang='lat' dir='ltr'>rar-emeat</span> <span class='ocrx_word' id='word_1_286' title='bbox 2751 1744 2802 1796; x_wconf 84' lang='lat' dir='ltr'>Ie</span> <span class='ocrx_word' id='word_1_287' title='bbox 2831 1763 2934 1797; x_wconf 81' lang='lat' dir='ltr'>sens</span> 
     </span>
     <span class='ocr_line' id='line_1_49' title="bbox 1936 1825 2933 1896; baseline -0.005 -17"><span class='ocrx_word' id='word_1_288' title='bbox 1936 1842 2215 1887; x_wconf 58' lang='lat' dir='ltr'>commum·</span> <span class='ocrx_word' id='word_1_289' title='bbox 2247 1827 2335 1896; x_wconf 89' lang='lat' dir='ltr'>qui</span> <span class='ocrx_word' id='word_1_290' title='bbox 2369 1825 2527 1877; x_wconf 83' lang='lat' dir='ltr'>etiam</span> <span class='ocrx_word' id='word_1_291' title='bbox 2558 1825 2612 1877; x_wconf 82' lang='lat' dir='ltr'>in</span> <span class='ocrx_word' id='word_1_292' title='bbox 2643 1837 2771 1875; x_wconf 86' lang='lat' dir='ltr'>nota</span> <span class='ocrx_word' id='word_1_293' title='bbox 2800 1836 2933 1875; x_wconf 83' lang='lat' dir='ltr'>recte</span> 
     </span>
     <span class='ocr_line' id='line_1_50' title="bbox 1935 1903 2936 1973; baseline -0.004 -15"><span class='ocrx_word' id='word_1_294' title='bbox 1935 1906 2156 1959; x_wconf 76' lang='lat' dir='ltr'>revincit</span> <span class='ocrx_word' id='word_1_295' title='bbox 2167 1903 2695 1959; x_wconf 72' lang='lat' dir='ltr'>shafflesbnriensem</span> <span class='ocrx_word' id='word_1_296' title='bbox 2711 1904 2936 1973; x_wconf 72' lang='lat' dir='ltr'>cogitan-</span> 
     </span>
     <span class='ocr_line' id='line_1_51' title="bbox 1938 1979 2937 2053; baseline 0 -20"><span class='ocrx_word' id='word_1_297' title='bbox 1938 1995 2046 2034; x_wconf 87' lang='lat' dir='ltr'>tem</span> <span class='ocrx_word' id='word_1_298' title='bbox 2068 2002 2189 2034; x_wconf 88' lang='lat' dir='ltr'>cum</span> <span class='ocrx_word' id='word_1_299' title='bbox 2218 1983 2396 2035; x_wconf 86' lang='lat' dir='ltr'>multis</span> <span class='ocrx_word' id='word_1_300' title='bbox 2417 1984 2539 2034; x_wconf 71' lang='lat' dir='ltr'>viris</span> <span class='ocrx_word' id='word_1_301' title='bbox 2567 1979 2738 2033; x_wconf 85' lang='lat' dir='ltr'>doctis</span> <span class='ocrx_word' id='word_1_302' title='bbox 2764 1981 2831 2033; x_wconf 85' lang='lat' dir='ltr'>de</span> <span class='ocrx_word' id='word_1_303' title='bbox 2850 1998 2937 2053; x_wconf 81' lang='lat' dir='ltr'>po·</span> 
     </span>
     <span class='ocr_line' id='line_1_52' title="bbox 1933 2059 2935 2132; baseline -0.003 -20"><span class='ocrx_word' id='word_1_304' title='bbox 1933 2060 2230 2132; x_wconf 71' lang='lat' dir='ltr'>palat-itate.</span> <span class='ocrx_word' id='word_1_305' title='bbox 2269 2061 2453 2114; x_wconf 81' lang='lat' dir='ltr'>Sensus</span> <span class='ocrx_word' id='word_1_306' title='bbox 2493 2078 2616 2130; x_wconf 68' lang='lat' dir='ltr'>ergo</span> <span class='ocrx_word' id='word_1_307' title='bbox 2653 2059 2935 2110; x_wconf 76' lang='lat' dir='ltr'>communis</span> 
     </span>
     <span class='ocr_line' id='line_1_53' title="bbox 1939 2138 2933 2209; baseline -0.002 -17"><span class='ocrx_word' id='word_1_308' title='bbox 1939 2140 2096 2192; x_wconf 83' lang='lat' dir='ltr'>etiam</span> <span class='ocrx_word' id='word_1_309' title='bbox 2126 2138 2214 2192; x_wconf 86' lang='lat' dir='ltr'>hic</span> <span class='ocrx_word' id='word_1_310' title='bbox 2248 2153 2326 2192; x_wconf 87' lang='lat' dir='ltr'>est</span> <span class='ocrx_word' id='word_1_311' title='bbox 2360 2141 2543 2192; x_wconf 87' lang='lat' dir='ltr'>notitia</span> <span class='ocrx_word' id='word_1_312' title='bbox 2577 2154 2760 2191; x_wconf 85' lang='lat' dir='ltr'>eorum</span> <span class='ocrx_word' id='word_1_313' title='bbox 2781 2177 2799 2206; x_wconf 85' lang='lat'>‚</span> <span class='ocrx_word' id='word_1_314' title='bbox 2827 2158 2933 2209; x_wconf 79' lang='lat' dir='ltr'>quae</span> 
     </span>
     <span class='ocr_line' id='line_1_54' title="bbox 1938 2208 2935 2280; baseline -0.003 -9"><span class='ocrx_word' id='word_1_315' title='bbox 1938 2237 2094 2271; x_wconf 86' lang='lat' dir='ltr'>nosse</span> <span class='ocrx_word' id='word_1_316' title='bbox 2132 2232 2182 2271; x_wconf 89' lang='lat' dir='ltr'>et</span> <span class='ocrx_word' id='word_1_317' title='bbox 2221 2208 2414 2272; x_wconf 80' lang='lat' dir='ltr'>sentire</span> <span class='ocrx_word' id='word_1_318' title='bbox 2452 2218 2693 2271; x_wconf 80' lang='lat' dir='ltr'>homines</span> <span class='ocrx_word' id='word_1_319' title='bbox 2732 2219 2935 2280; x_wconf 78' lang='lat' dir='ltr'>solent3</span> 
     </span>
     <span class='ocr_line' id='line_1_55' title="bbox 1937 2295 2936 2369; baseline 0.001 -21"><span class='ocrx_word' id='word_1_320' title='bbox 1937 2295 2215 2369; x_wconf 83' lang='lat' dir='ltr'>prudentia</span> <span class='ocrx_word' id='word_1_321' title='bbox 2236 2298 2404 2369; x_wconf 83' lang='lat' dir='ltr'>qualis</span> <span class='ocrx_word' id='word_1_322' title='bbox 2423 2300 2478 2350; x_wconf 86' lang='lat' dir='ltr'>in</span> <span class='ocrx_word' id='word_1_323' title='bbox 2495 2299 2678 2368; x_wconf 69' lang='lat' dir='ltr'>quovis</span> <span class='ocrx_word' id='word_1_324' title='bbox 2696 2295 2936 2362; x_wconf 84' lang='lat' dir='ltr'>homine,</span> 
     </span>
     <span class='ocr_line' id='line_1_56' title="bbox 1938 2374 2938 2429; baseline 0 -3"><span class='ocrx_word' id='word_1_325' title='bbox 1938 2374 2098 2427; x_wconf 88' lang='lat' dir='ltr'>modo</span> <span class='ocrx_word' id='word_1_326' title='bbox 2120 2377 2253 2429; x_wconf 88' lang='lat' dir='ltr'>inter</span> <span class='ocrx_word' id='word_1_327' title='bbox 2273 2376 2513 2428; x_wconf 84' lang='lat' dir='ltr'>homines</span> <span class='ocrx_word' id='word_1_328' title='bbox 2532 2388 2768 2428; x_wconf 79' lang='lat' dir='ltr'>versatus</span> <span class='ocrx_word' id='word_1_329' title='bbox 2787 2375 2938 2427; x_wconf 81' lang='lat' dir='ltr'>fuerit</span> 
     </span>
     <span class='ocr_line' id='line_1_57' title="bbox 1938 2453 2936 2526; baseline -0.004 -20"><span class='ocrx_word' id='word_1_330' title='bbox 1938 2454 2224 2526; x_wconf 84' lang='lat' dir='ltr'>eorumque</span> <span class='ocrx_word' id='word_1_331' title='bbox 2257 2473 2427 2506; x_wconf 87' lang='lat' dir='ltr'>mores</span> <span class='ocrx_word' id='word_1_332' title='bbox 2460 2464 2513 2505; x_wconf 89' lang='lat' dir='ltr'>et</span> <span class='ocrx_word' id='word_1_333' title='bbox 2545 2453 2784 2505; x_wconf 86' lang='lat' dir='ltr'>instituta</span> <span class='ocrx_word' id='word_1_334' title='bbox 2812 2470 2936 2523; x_wconf 67' lang='lat' dir='ltr'>cog-</span> 
     </span>
     <span class='ocr_line' id='line_1_58' title="bbox 1938 2529 2939 2605; baseline 0 -21"><span class='ocrx_word' id='word_1_335' title='bbox 1938 2536 2167 2601; x_wconf 76' lang='lat' dir='ltr'>noverit,</span> <span class='ocrx_word' id='word_1_336' title='bbox 2187 2531 2478 2605; x_wconf 75' lang='lat' dir='ltr'>exspectari</span> <span class='ocrx_word' id='word_1_337' title='bbox 2498 2529 2716 2599; x_wconf 83' lang='lat' dir='ltr'>debeat,</span> <span class='ocrx_word' id='word_1_338' title='bbox 2736 2530 2832 2585; x_wconf 81' lang='lat' dir='ltr'>sed</span> <span class='ocrx_word' id='word_1_339' title='bbox 2850 2549 2939 2603; x_wconf 86' lang='lat' dir='ltr'>po-</span> 
     </span>
     <span class='ocr_line' id='line_1_59' title="bbox 1938 2610 2936 2685; baseline -0.003 -21"><span class='ocrx_word' id='word_1_340' title='bbox 1938 2614 2195 2664; x_wconf 81' lang='lat' dir='ltr'>tissimum</span> <span class='ocrx_word' id='word_1_341' title='bbox 2229 2612 2398 2685; x_wconf 84' lang='lat' dir='ltr'>qualis</span> <span class='ocrx_word' id='word_1_342' title='bbox 2440 2613 2493 2682; x_wconf 72' lang='lat' dir='ltr'>in</span> <span class='ocrx_word' id='word_1_343' title='bbox 2531 2629 2631 2663; x_wconf 87' lang='lat' dir='ltr'>usu</span> <span class='ocrx_word' id='word_1_344' title='bbox 2663 2610 2936 2663; x_wconf 85' lang='lat' dir='ltr'>hominum</span> 
     </span>
     <span class='ocr_line' id='line_1_60' title="bbox 1937 2691 2937 2746; baseline -0.001 -3"><span class='ocrx_word' id='word_1_345' title='bbox 1937 2691 2179 2744; x_wconf 79' lang='lat' dir='ltr'>familiari</span> <span class='ocrx_word' id='word_1_346' title='bbox 2209 2706 2290 2744; x_wconf 83' lang='lat' dir='ltr'>est</span> <span class='ocrx_word' id='word_1_347' title='bbox 2313 2693 2622 2744; x_wconf 81' lang='lat' dir='ltr'>necessaria.</span> <span class='ocrx_word' id='word_1_348' title='bbox 2651 2691 2784 2746; x_wconf 70' lang='lat' dir='ltr'>ona</span> <span class='ocrx_word' id='word_1_349' title='bbox 2817 2708 2937 2744; x_wconf 83' lang='lat' dir='ltr'>sane</span> 
     </span>
     <span class='ocr_line' id='line_1_61' title="bbox 1939 2768 2937 2844; baseline -0.002 -21"><span class='ocrx_word' id='word_1_350' title='bbox 1939 2770 2222 2844; x_wconf 84' lang='lat' dir='ltr'>appellatio</span> <span class='ocrx_word' id='word_1_351' title='bbox 2244 2791 2274 2823; x_wconf 88' lang='lat' dir='ltr'>a</span> <span class='ocrx_word' id='word_1_352' title='bbox 2295 2772 2667 2823; x_wconf 86' lang='lat' dir='ltr'>communione</span> <span class='ocrx_word' id='word_1_353' title='bbox 2687 2768 2806 2822; x_wconf 84' lang='lat' dir='ltr'>talis</span> <span class='ocrx_word' id='word_1_354' title='bbox 2823 2788 2937 2822; x_wconf 88' lang='lat' dir='ltr'>sen·</span> 
     </span>
     <span class='ocr_line' id='line_1_62' title="bbox 1938 2847 2938 2921; baseline -0.002 -19"><span class='ocrx_word' id='word_1_355' title='bbox 1938 2869 2027 2902; x_wconf 86' lang='lat' dir='ltr'>sus</span> <span class='ocrx_word' id='word_1_356' title='bbox 2052 2852 2187 2903; x_wconf 86' lang='lat' dir='ltr'>inter</span> <span class='ocrx_word' id='word_1_357' title='bbox 2208 2849 2476 2917; x_wconf 81' lang='lat' dir='ltr'>homines,</span> <span class='ocrx_word' id='word_1_358' title='bbox 2499 2847 2595 2902; x_wconf 85' lang='lat' dir='ltr'>sed</span> <span class='ocrx_word' id='word_1_359' title='bbox 2614 2867 2725 2921; x_wconf 77' lang='lat' dir='ltr'>quae</span> <span class='ocrx_word' id='word_1_360' title='bbox 2747 2851 2938 2902; x_wconf 76' lang='lat' dir='ltr'>sensim</span> 
     </span>
     <span class='ocr_line' id='line_1_63' title="bbox 1938 2928 2938 3000; baseline -0.002 -20"><span class='ocrx_word' id='word_1_361' title='bbox 1938 2929 1992 2980; x_wconf 89' lang='lat' dir='ltr'>in</span> <span class='ocrx_word' id='word_1_362' title='bbox 2017 2928 2304 3000; x_wconf 80' lang='lat' dir='ltr'>prudentiae</span> <span class='ocrx_word' id='word_1_363' title='bbox 2324 2931 2486 2980; x_wconf 89' lang='lat' dir='ltr'>totius</span> <span class='ocrx_word' id='word_1_364' title='bbox 2506 2928 2938 2998; x_wconf 77' lang='lat' dir='ltr'>significationem</span> 
     </span>
     <span class='ocr_line' id='line_1_64' title="bbox 1939 3005 2938 3081; baseline -0.001 -22"><span class='ocrx_word' id='word_1_365' title='bbox 1939 3008 2150 3075; x_wconf 83' lang='lat' dir='ltr'>abierit,</span> <span class='ocrx_word' id='word_1_366' title='bbox 2175 3023 2233 3061; x_wconf 91' lang='lat' dir='ltr'>ut</span> <span class='ocrx_word' id='word_1_367' title='bbox 2255 3021 2437 3081; x_wconf 87' lang='lat' dir='ltr'>posset</span> <span class='ocrx_word' id='word_1_368' title='bbox 2458 3008 2569 3060; x_wconf 86' lang='lat' dir='ltr'>haec</span> <span class='ocrx_word' id='word_1_369' title='bbox 2594 3006 2661 3059; x_wconf 85' lang='lat' dir='ltr'>de</span> <span class='ocrx_word' id='word_1_370' title='bbox 2680 3025 2741 3059; x_wconf 81' lang='lat' dir='ltr'>ea</span> <span class='ocrx_word' id='word_1_371' title='bbox 2762 3005 2938 3059; x_wconf 84' lang='lat' dir='ltr'>ludere</span> 
     </span>
     <span class='ocr_line' id='line_1_65' title="bbox 1937 3083 2942 3141; baseline -0.005 -1"><span class='ocrx_word' id='word_1_372' title='bbox 1937 3088 2202 3141; x_wconf 81' lang='lat' dir='ltr'>Voltarius</span> <span class='ocrx_word' id='word_1_373' title='bbox 2230 3111 2241 3140; x_wconf 89' lang='lat'>:</span> <span class='ocrx_word' id='word_1_374' title='bbox 2287 3089 2357 3140; x_wconf 86' lang='lat' dir='ltr'>Le</span> <span class='ocrx_word' id='word_1_375' title='bbox 2391 3106 2501 3141; x_wconf 78' lang='lat' dir='ltr'>sens</span> <span class='ocrx_word' id='word_1_376' title='bbox 2539 3105 2785 3139; x_wconf 71' lang='lat' dir='ltr'>commun</span> <span class='ocrx_word' id='word_1_377' title='bbox 2823 3083 2942 3137; x_wconf 79' lang='lat' dir='ltr'>n&#39;est</span> 
     </span>
     <span class='ocr_line' id='line_1_66' title="bbox 1935 3165 2938 3240; baseline -0.005 -19"><span class='ocrx_word' id='word_1_378' title='bbox 1935 3186 2031 3240; x_wconf 79' lang='lat' dir='ltr'>pas</span> <span class='ocrx_word' id='word_1_379' title='bbox 2053 3168 2097 3221; x_wconf 77' lang='lat' dir='ltr'>si</span> <span class='ocrx_word' id='word_1_380' title='bbox 2122 3187 2384 3221; x_wconf 80' lang='lat' dir='ltr'>commun.</span> <span class='ocrx_word' id='word_1_381' title='bbox 2414 3170 2599 3238; x_wconf 84' lang='lat' dir='ltr'>Neque</span> <span class='ocrx_word' id='word_1_382' title='bbox 2631 3165 2736 3218; x_wconf 87' lang='lat' dir='ltr'>hoc</span> <span class='ocrx_word' id='word_1_383' title='bbox 2770 3165 2938 3220; x_wconf 84' lang='lat' dir='ltr'>solum</span> 
     </span>
     <span class='ocr_line' id='line_1_67' title="bbox 1939 3243 2940 3318; baseline -0.003 -19"><span class='ocrx_word' id='word_1_384' title='bbox 1939 3259 2017 3299; x_wconf 88' lang='lat' dir='ltr'>est</span> <span class='ocrx_word' id='word_1_385' title='bbox 2033 3244 2350 3299; x_wconf 86' lang='lat' dir='ltr'>vocabulum</span> <span class='ocrx_word' id='word_1_386' title='bbox 2362 3285 2379 3312; x_wconf 83' lang='lat'>.,</span> <span class='ocrx_word' id='word_1_387' title='bbox 2394 3245 2656 3318; x_wconf 78' lang='lat' dir='ltr'>quodjam</span> <span class='ocrx_word' id='word_1_388' title='bbox 2672 3243 2739 3297; x_wconf 87' lang='lat' dir='ltr'>ab</span> <span class='ocrx_word' id='word_1_389' title='bbox 2756 3263 2940 3315; x_wconf 74' lang='lat' dir='ltr'>argen-</span> 
     </span>
     <span class='ocr_line' id='line_1_68' title="bbox 1941 3325 2939 3396; baseline -0.001 -20"><span class='ocrx_word' id='word_1_390' title='bbox 1941 3338 2053 3392; x_wconf 78' lang='lat' dir='ltr'>tea,</span> <span class='ocrx_word' id='word_1_391' title='bbox 2079 3343 2238 3396; x_wconf 84' lang='lat' dir='ltr'>quam</span> <span class='ocrx_word' id='word_1_392' title='bbox 2254 3338 2472 3392; x_wconf 83' lang='lat' dir='ltr'>vocant,</span> <span class='ocrx_word' id='word_1_393' title='bbox 2495 3325 2666 3377; x_wconf 78' lang='lat' dir='ltr'>Latini</span> <span class='ocrx_word' id='word_1_394' title='bbox 2686 3325 2939 3376; x_wconf 83' lang='lat' dir='ltr'>sermonis</span> 
     </span>
     <span class='ocr_line' id='line_1_69' title="bbox 1939 3397 2939 3476; baseline -0.006 -18"><span class='ocrx_word' id='word_1_395' title='bbox 1939 3417 2089 3458; x_wconf 75' lang='lat' dir='ltr'>aetate</span> <span class='ocrx_word' id='word_1_396' title='bbox 2122 3406 2338 3476; x_wconf 64' lang='lat' dir='ltr'>eoeperit</span> <span class='ocrx_word' id='word_1_397' title='bbox 2364 3406 2419 3460; x_wconf 74' lang='lat' dir='ltr'>in</span> <span class='ocrx_word' id='word_1_398' title='bbox 2452 3423 2568 3457; x_wconf 83' lang='lat' dir='ltr'>eam</span> <span class='ocrx_word' id='word_1_399' title='bbox 2600 3397 2939 3474; x_wconf 60' lang='lat' dir='ltr'>significatio·</span> 
     </span>
     <span class='ocr_line' id='line_1_70' title="bbox 1938 3477 2937 3554; baseline -0.003 -19"><span class='ocrx_word' id='word_1_400' title='bbox 1938 3501 2059 3536; x_wconf 79' lang='lat' dir='ltr'>nem</span> <span class='ocrx_word' id='word_1_401' title='bbox 2083 3482 2318 3549; x_wconf 74' lang='lat' dir='ltr'>deflecti,</span> <span class='ocrx_word' id='word_1_402' title='bbox 2339 3477 2495 3554; x_wconf 66' lang='lat' dir='ltr'>quam</span> <span class='ocrx_word' id='word_1_403' title='bbox 2518 3501 2662 3536; x_wconf 85' lang='lat' dir='ltr'>nunc</span> <span class='ocrx_word' id='word_1_404' title='bbox 2686 3495 2864 3535; x_wconf 84' lang='lat' dir='ltr'>tuetur</span> <span class='ocrx_word' id='word_1_405' title='bbox 2886 3482 2937 3532; x_wconf 87' lang='lat' dir='ltr'>in</span> 
     </span>
     <span class='ocr_line' id='line_1_71' title="bbox 1937 3559 2937 3633; baseline -0.004 -19"><span class='ocrx_word' id='word_1_406' title='bbox 1937 3559 2115 3633; x_wconf 75' lang='lat' dir='ltr'>lingua</span> <span class='ocrx_word' id='word_1_407' title='bbox 2142 3560 2547 3631; x_wconf 76' lang='lat' dir='ltr'>Francogallica.</span> <span class='ocrx_word' id='word_1_408' title='bbox 2577 3564 2702 3632; x_wconf 81' lang='lat' dir='ltr'>Ejus</span> <span class='ocrx_word' id='word_1_409' title='bbox 2736 3561 2937 3631; x_wconf 71' lang='lat' dir='ltr'>generis</span> 
     </span>
     <span class='ocr_line' id='line_1_72' title="bbox 1939 3640 2938 3712; baseline -0.002 -18"><span class='ocrx_word' id='word_1_410' title='bbox 1939 3656 2060 3694; x_wconf 89' lang='lat' dir='ltr'>sunt</span> <span class='ocrx_word' id='word_1_411' title='bbox 2074 3640 2208 3694; x_wconf 78' lang='lat' dir='ltr'>haec:</span> <span class='ocrx_word' id='word_1_412' title='bbox 2232 3644 2565 3705; x_wconf 86' lang='lat' dir='ltr'>renunciare,</span> <span class='ocrx_word' id='word_1_413' title='bbox 2585 3641 2938 3712; x_wconf 72' lang='lat' dir='ltr'>privilegium,</span> 
     </span>
     <span class='ocr_line' id='line_1_73' title="bbox 1937 3719 2938 3793; baseline -0.003 -22"><span class='ocrx_word' id='word_1_414' title='bbox 1937 3719 2233 3793; x_wconf 81' lang='lat' dir='ltr'>publicare,</span> <span class='ocrx_word' id='word_1_415' title='bbox 2256 3738 2369 3790; x_wconf 76' lang='lat' dir='ltr'>quae</span> <span class='ocrx_word' id='word_1_416' title='bbox 2387 3719 2542 3791; x_wconf 84' lang='lat' dir='ltr'>plane</span> <span class='ocrx_word' id='word_1_417' title='bbox 2562 3722 2758 3771; x_wconf 85' lang='lat' dir='ltr'>recenti</span> <span class='ocrx_word' id='word_1_418' title='bbox 2783 3736 2938 3771; x_wconf 81' lang='lat' dir='ltr'>sensu</span> 
     </span>
     <span class='ocr_line' id='line_1_74' title="bbox 1937 3798 2938 3872; baseline -0.005 -18"><span class='ocrx_word' id='word_1_419' title='bbox 1937 3798 2182 3870; x_wconf 80' lang='lat' dir='ltr'>leguntur</span> <span class='ocrx_word' id='word_1_420' title='bbox 2217 3804 2328 3872; x_wconf 84' lang='lat' dir='ltr'>jam</span> <span class='ocrx_word' id='word_1_421' title='bbox 2370 3798 2513 3871; x_wconf 83' lang='lat' dir='ltr'>apud</span> <span class='ocrx_word' id='word_1_422' title='bbox 2551 3799 2821 3852; x_wconf 80' lang='lat' dir='ltr'>Senecam.</span> <span class='ocrx_word' id='word_1_423' title='bbox 2861 3801 2938 3851; x_wconf 88' lang='lat' dir='ltr'>De</span> 
     </span>
     <span class='ocr_line' id='line_1_75' title="bbox 1935 3876 2936 3943; baseline 0 -15"><span class='ocrx_word' id='word_1_424' title='bbox 1935 3896 2065 3928; x_wconf 78' lang='lat' dir='ltr'>voce</span> <span class='ocrx_word' id='word_1_425' title='bbox 2097 3879 2249 3928; x_wconf 74' lang='lat' dir='ltr'>vivax</span> <span class='ocrx_word' id='word_1_426' title='bbox 2271 3876 2562 3940; x_wconf 80' lang='lat' dir='ltr'>videbimus</span> <span class='ocrx_word' id='word_1_427' title='bbox 2589 3878 2659 3929; x_wconf 88' lang='lat' dir='ltr'>ad</span> <span class='ocrx_word' id='word_1_428' title='bbox 2685 3880 2762 3943; x_wconf 85' lang='lat'>11,</span> <span class='ocrx_word' id='word_1_429' title='bbox 2791 3877 2860 3942; x_wconf 85' lang='lat'>6,</span> <span class='ocrx_word' id='word_1_430' title='bbox 2888 3877 2936 3928; x_wconf 87' lang='lat'>3.</span> 
     </span>
     <span class='ocr_line' id='line_1_76' title="bbox 1935 3954 2940 4027; baseline -0.004 -19"><span class='ocrx_word' id='word_1_431' title='bbox 1935 3956 2148 4009; x_wconf 80' lang='lat' dir='ltr'>Sensum</span> <span class='ocrx_word' id='word_1_432' title='bbox 2170 3974 2496 4010; x_wconf 79' lang='lat' dir='ltr'>communem</span> <span class='ocrx_word' id='word_1_433' title='bbox 2516 3955 2659 4027; x_wconf 76' lang='lat' dir='ltr'>larga</span> <span class='ocrx_word' id='word_1_434' title='bbox 2678 3954 2940 4026; x_wconf 82' lang='lat' dir='ltr'>exemplo-</span> 
     </span>
     <span class='ocr_line' id='line_1_77' title="bbox 1937 4035 2941 4107; baseline 0 -23"><span class='ocrx_word' id='word_1_435' title='bbox 1937 4053 2052 4085; x_wconf 83' lang='lat' dir='ltr'>rum</span> <span class='ocrx_word' id='word_1_436' title='bbox 2076 4038 2230 4107; x_wconf 83' lang='lat' dir='ltr'>copia</span> <span class='ocrx_word' id='word_1_437' title='bbox 2254 4035 2479 4088; x_wconf 87' lang='lat' dir='ltr'>illustrat</span> <span class='ocrx_word' id='word_1_438' title='bbox 2502 4036 2635 4088; x_wconf 77' lang='lat' dir='ltr'>inter</span> <span class='ocrx_word' id='word_1_439' title='bbox 2656 4035 2788 4089; x_wconf 88' lang='lat' dir='ltr'>alios</span> <span class='ocrx_word' id='word_1_440' title='bbox 2812 4037 2941 4086; x_wconf 88' lang='lat' dir='ltr'>Ben-</span> 
     </span>
     <span class='ocr_line' id='line_1_78' title="bbox 1936 4111 2937 4166; baseline -0.001 -4"><span class='ocrx_word' id='word_1_441' title='bbox 1936 4111 2090 4165; x_wconf 88' lang='lat' dir='ltr'>tleius</span> <span class='ocrx_word' id='word_1_442' title='bbox 2116 4113 2183 4166; x_wconf 89' lang='lat' dir='ltr'>ad</span> <span class='ocrx_word' id='word_1_443' title='bbox 2207 4116 2332 4166; x_wconf 82' lang='lat' dir='ltr'>Hor.</span> <span class='ocrx_word' id='word_1_444' title='bbox 2354 4113 2388 4166; x_wconf 89' lang='lat' dir='ltr'>l.</span> <span class='ocrx_word' id='word_1_445' title='bbox 2411 4133 2457 4165; x_wconf 90' lang='lat' dir='ltr'>c.</span> <span class='ocrx_word' id='word_1_446' title='bbox 2479 4143 2549 4153; x_wconf 92' lang='lat'>-—-</span> <span class='ocrx_word' id='word_1_447' title='bbox 2569 4113 2725 4166; x_wconf 81' lang='lat' dir='ltr'>Plane</span> <span class='ocrx_word' id='word_1_448' title='bbox 2745 4127 2937 4166; x_wconf 65' lang='lat' dir='ltr'>nostrsi-v</span> 
     </span>
     <span class='ocr_line' id='line_1_79' title="bbox 1935 4190 2936 4264; baseline -0.002 -22"><span class='ocrx_word' id='word_1_449' title='bbox 1935 4191 2120 4262; x_wconf 74' lang='lat' dir='ltr'>linguae</span> <span class='ocrx_word' id='word_1_450' title='bbox 2132 4196 2232 4244; x_wconf 71' lang='lat' dir='ltr'>vim</span> <span class='ocrx_word' id='word_1_451' title='bbox 2245 4194 2493 4264; x_wconf 76' lang='lat' dir='ltr'>cognovit</span> <span class='ocrx_word' id='word_1_452' title='bbox 2503 4196 2563 4242; x_wconf 86' lang='lat' dir='ltr'>V.</span> <span class='ocrx_word' id='word_1_453' title='bbox 2577 4194 2632 4246; x_wconf 85' lang='lat' dir='ltr'>C.</span> <span class='ocrx_word' id='word_1_454' title='bbox 2648 4194 2821 4246; x_wconf 60' lang='lat' dir='ltr'>Smin.</span> <span class='ocrx_word' id='word_1_455' title='bbox 2837 4190 2936 4242; x_wconf 81' lang='lat' dir='ltr'>Ed.</span> 
     </span>
    </p>
   </div>
   <div class='ocr_carea' id='block_1_10' title="bbox 3128 131 3131 1820">
    <p class='ocr_par' dir='ltr' id='par_1_10' title="bbox 3128 131 3131 1820">
     <span class='ocr_line' id='line_1_80' title="bbox 3128 131 3131 1820; baseline 0 0"><span class='ocrx_word' id='word_1_456' title='bbox 3128 131 3131 1820; x_wconf 95' lang='lat' dir='ltr'> </span> 
     </span>
    </p>
   </div>
   <div class='ocr_carea' id='block_1_11' title="bbox 3127 131 3132 2162">
    <p class='ocr_par' dir='ltr' id='par_1_11' title="bbox 3127 131 3132 2162">
     <span class='ocr_line' id='line_1_81' title="bbox 3127 131 3132 2162; baseline 0 0"><span class='ocrx_word' id='word_1_457' title='bbox 3127 131 3132 2162; x_wconf 95' lang='lat' dir='ltr'> </span> 
     </span>
    </p>
   </div>
   <div class='ocr_carea' id='block_1_12' title="bbox 3127 2517 3132 3647">
    <p class='ocr_par' dir='ltr' id='par_1_12' title="bbox 3127 2517 3132 3647">
     <span class='ocr_line' id='line_1_82' title="bbox 3127 2517 3132 3647; baseline 0 0"><span class='ocrx_word' id='word_1_458' title='bbox 3127 2517 3132 3647; x_wconf 95' lang='lat' dir='ltr'> </span> 
     </span>
    </p>
   </div>
  </div>
 </body>
</html>
