3200 5150
774 444 901 513 312

1341 445 1435 511 M.
1473 445 1702 513 FABn
1740 444 2296 531 QUINTILIANI

772 569 1080 667 gentiam
1107 590 1448 659 nostram3
1478 569 1798 668 exemplo
1825 569 2066 669 magni
2085 594 2368 669 quoque
2394 567 2704 640 nominis
2719 574 2873 666 'pro-

766 683 1108 764 fessorum
1125 740 1144 773 ,
1164 711 1470 784 quorum
1494 683 1781 783 aliquis,
1804 705 1882 756 ut
1905 683 2178 783 opinor,
2205 684 2686 782 interrogatus,
2705 683 2869 782 quid

768 821 943 871 esset
976 819 1159 889 σχῆμα
1196 821 1262 872 et
1293 811 1494 889 νόημαῐ
1518 855 1538 888 ,
1564 799 1829 871 nescire
1863 826 1933 871 se
1969 799 2293 898 quidem,
2323 798 2479 886 sed,
2510 798 2565 869 si
2599 797 2690 869 ad
2726 824 2868 869 rem

699 945 730 981 2
768 915 1206 1012 pertinen-w,
1243 942 1388 987 esse
1432 913 1505 985 in
1548 940 1676 986 sua
1715 914 2220 987 declamatione
2260 912 2634 1013 respondit.
2678 911 2870 984 Alius

766 1029 1229 1128 percontanti,
1263 1027 1695 1103 Theodoreus
1709 1027 1763 1116 3,
1790 1057 1886 1101 an
1908 1029 2418 1130 Apollodoreus
2442 1028 2653 1102 esset?
2673 1027 2869 1126 qu,

767 1145 1028 1245 inquit,
1063 1145 1533 1244 parmularius
1564 1172 1755 1232 sum;
1788 1172 1918 1217 nec
1951 1146 2380 1244 sanepotuit
2415 1143 2754 1246 urbanius
2793 1169 2869 1215 ex

767 1260 1203 1332 confessione
1233 1259 1518 1333 inscitiae
1547 1286 1690 1332 suae
1715 1260 1933 1332 elabi:
1967 1288 2172 1360 porro
2202 1261 2310 1349 hi,
2335 1260 2502 1360 quia
2521 1281 2592 1330 et
2614 1259 2868 1331 benefi-

765 1375 873 1446 cio
908 1374 1174 1473 ingenii
1208 1396 1606 1474 praestantes
1639 1396 1803 1448 sunt
1831 1374 2088 1468 habiti,
2126 1397 2193 1448 et
2227 1374 2449 1448 multa
2478 1374 2685 1447 etiam
2721 1401 2869 1445 me—

762 1492 990 1563 moria
1034 1493 1246 1592 digna
1284 1492 1888 1583 exclamaverunt,
1923 1494 2265 1594 plurimos
2306 1493 2572 1566 habent
2611 1490 2868 1565 similes

695 1623 727 1674 3
764 1607 1203 1706 negligentiae
1251 1635 1392 1680 suae
1412 1665 1431 1698 ,
1485 1609 1942 1708 paucissimos
1998 1630 2284 1682 naturae.
2337 1607 2556 1707 Igitur
2601 1608 2867 1707 impetu

762 1722 991 1795 dicere
1021 1750 1130 1813 se,
1162 1745 1226 1795 et
1250 1724 1512 1795 viribus
1541 1725 1641 1796 uti
1661 1782 1680 1812 ‚
1712 1724 2140 1823 gloriantur,
2169 1751 2403 1822 neque
2429 1721 2668 1796 eniml*
2691 1750 2869 1822 opus

762 1863 906 1909 esse
936 1837 1344 1936 probatione
1373 1858 1493 1911 aut
1519 1839 1965 1938 dispositione
1990 1840 2063 1912 in
2097 1839 2304 1912 rebus
2331 1839 2503 1911 fictis
2520 1896 2541 1930 ,
2566 1838 2686 1911 sed
2712 1839 2867 1935 (cu-'-

753 1950 871 2052 jus
904 1953 999 2024 rei
1034 1953 1249 2052 gratia
1282 1954 1579 2053 plenum
1616 1956 1700 2027 sit
1732 1955 2196 2051 auditorium)
2229 1951 2627 2026 sententiis⁵
2661 1980 2869 2051 gran-

763 2066 1016 2158 dibus,
1060 2095 1361 2168 quarum
1411 2068 1678 2168 optima
1728 2097 2024 2170 quaeque
2076 2098 2118 2142 a
2164 2067 2476 2169 periculo
2524 2066 2862 2167 petatur6.

838 2271 884 2309 r.
911 2254 1100 2323 Νᾶημα.
1122 2259 1257 2312 Vide
1280 2259 1315 2312 l.
1336 2263 1485 2328 vm,
1515 2279 1561 2313 c.
1590 2261 1655 2327 5,
1688 2279 1766 2315 ια.

833 2353 883 2389 2.
912 2338 1000 2389 Ad
1028 2358 1132 2390 rem
1163 2341 1458 2411 pertineret.
1496 2342 1769 2413 Intelligoz

761 2418 805 2468 si
831 2418 1154 2471 conduceret
1176 2421 1406 2471 victoriae
1436 2419 1770 2488 obtinendae,

761 2513 866 2565 qua
892 2497 1274 2566 significatione
1300 2517 1437 2570 saepe
1457 2499 1730 2570 pertinere.

832 2575 883 2628 3.
928 2575 1296 2628 Theodoreus..
1313 2617 1352 2629 ..
1396 2577 1766 2650 pamularius.

759 2656 1068 2707 Rectissime
1112 2656 1377 2708 Gesnerus
1417 2656 1624 2709 videtur
1657 2662 1771 2729 joci

760 2733 1003 2786 aculeum
1030 2732 1435 2788 demonstrasse.
1463 2737 1772 2789 Declaman-

758 2813 813 2865 di
846 2814 933 2866 ine
969 2818 1232 2885 magister,
1267 2835 1356 2883 se,
1392 2815 1519 2887 quid
1552 2820 1767 2870 nomina

756 2892 870 2945 haec
899 2893 999 2946 sibi
1027 2894 1253 2961 vellent,
1280 2914 1497 2966 prorsus
1525 2898 1767 2967 ignorare

755 2972 1092 3042 significavit:
1120 2992 1294 3045 neque
1319 2974 1450 3027 alius
1474 2976 1582 3041 rei,
1610 2994 1767 3047 quarn

755 3051 1043 3105 faventium
1072 3051 1481 3123 gladiatoribus,
1503 3054 1766 3107 vocabula

754 3145 897 3185 ratus
913 3132 993 3204 (ut
1006 3132 1219 3204 quidem
1229 3134 1394 3186 videri
1406 3134 1764 3207 voluit)etiam

755 3215 829 3264 sic
853 3213 1088 3265 inaudita
1114 3213 1215 3265 sibi
1236 3233 1295 3266 ea
1323 3229 1570 3280 testatus,
1597 3219 1767 3268 notio-

752 3310 810 3343 re
838 3292 1102 3344 vocabulo
1120 3331 1136 3359 ,
1170 3295 1257 3344 cui
1289 3294 1507 3345 factioni
1539 3297 1655 3366 ipse
1685 3296 1763 3346 fa-

751 3385 897 3423 veret
908 3409 924 3436 ,
939 3371 1239 3425 declaravit.
1260 3373 1620 3426 Pannularius
1636 3374 1784 3446 quid·

752 3452 819 3501 sit
866 3447 1031 3501 lexica
1079 3448 1290 3502 docent.
1341 3451 1665 3505 Theodoreus
1710 3468 1763 3505 et

750 3527 1131 3599 Apollodoreus
1145 3528 1383 3601 designat
1397 3531 1478 3582 vel
1488 3531 1760 3584 Theodori

750 3606 834 3660 vel
848 3607 1189 3678 Apollodori,
1207 3608 1335 3661 clari
1350 3612 1624 3680 utriusque
1645 3611 1761 3663 rhe-

746 3688 880 3738 toris
897 3724 913 3751 ,
938 3685 1225 3759 disciplinae·
1249 3687 1533 3740 addictum.
1560 3692 1639 3741 De
1665 3709 1761 3761 ap-

748 3765 1038 3837 pellatione
1074 3769 1173 3818 ista
1208 3768 1445 3840 ipsisque
1480 3769 1602 3819 viris
1640 3768 1759 3821 vide

748 3846 819 3895 111
833 3883 850 3910 ,
883 3861 901 3896 ι
919 3882 936 3911 ,
970 3861 1050 3914 17,
1083 3847 1162 3899 18.

819 3922 870 3989 4.
896 3924 1081 3996 Neque
1103 3925 1259 3976 enim.
1291 3925 1369 3975 Ita
1391 3922 1566 3976 Guelf.
1593 3924 1752 3977 Gesn.

706 4030 707 4033 ¹
748 4019 871 4055 eum
889 4016 1022 4055 caett.
1040 4005 1152 4056 Nec
1169 4005 1326 4056 enim.
1340 4002 1474 4056 Vide
1492 4006 1564 4070 11,
1583 4003 1647 4070 6,
1669 4004 1751 4073 24.

816 4080 868 4134 5.
893 4083 1329 4137 Sententiis.Vide
1350 4085 1421 4150 Il,
1447 4084 1508 4150 4,
1534 4084 1627 4136 31:
1657 4098 1754 4138 «ut

1930 2263 1982 2315 6.
2006 2262 2238 2314 Petatur.
2259 2260 2390 2314 cod.
2413 2264 2475 2313 R.
2504 2279 2524 2313 1
2542 2297 2559 2326 ‚
2572 2259 2865 2331 petitur.—

1856 2340 1910 2392 A
1928 2339 2160 2413 periculo
2184 2351 2407 2412 petatur.
2425 2339 2559 2391 Vide
2581 2340 2655 2403 11,
2687 2355 2783 2400 ια,
2808 2333 2864 2403 5,

1867 2441 1889 2465 κ
1908 2422 1962 2471 in
2001 2419 2305 2471 elocutione
2341 2422 2456 2490 ipsa
2488 2415 2784 2490 periculum
2804 2441 2827 2463 n
2845 2438 2863 2478 ,·

1858 2501 2003 2565 vm,
2032 2515 2100 2564 2,¹
2114 2515 2209 2563 20,
2237 2520 2261 2543 α
2281 2517 2344 2549 ex
2363 2496 2582 2569 ancipiti
2599 2496 2794 2548 diserta
2810 2516 2867 2558 ν,

1858 2580 2005 2643 vm,
2030 2578 2095 2645 6,
2127 2595 2146 2629 1
2165 2596 2209 2643 1,
2240 2601 2261 2624 a«
2283 2577 2455 2629 audax
2477 2578 2714 2648 proxime
2731 2575 2867 2648 peri·

1865 2681 1888 2704 α
1907 2657 2087 2711 culum
2125 2657 2398 2709 translatio
2415 2677 2474 2719 ¹3
2511 2657 2592 2722 X,
2636 2673 2656 2707 1
2674 2693 2691 2722 ,
2736 2673 2754 2707 ι
2770 2674 2827 2709 21
2845 2693 2863 2721 ‚

1866 2760 1888 2783 α
1909 2751 2051 2790 tanta
2089 2740 2144 2789 in
2183 2736 2499 2809 quibusdam
2535 2754 2598 2786 ex
2630 2733 2862 2806 periculo

1859 2840 1886 2863 Ἰιι
1902 2818 2076 2891 petitis
2099 2818 2444 2888 significantia
2462 2838 2520 2880 ·;
2543 2817 2616 2867 ΧΙ
2631 2854 2647 2882 ,
2679 2833 2700 2867 1
2716 2853 2735 2881 ,
2761 2816 2827 2869 32
2842 2852 2862 2880 ‚

1863 2919 1886 2943 α
1907 2897 2156 2949 uberiora
2182 2911 2233 2949 et
2263 2914 2413 2968 poene
2441 2894 2814 2967 periclitantia.
2835 2918 2858 2943 a·

1855 2975 2162 3046 Elegantem
2179 2976 2461 3047 multisque
2476 2974 2728 3047 exemplis
2743 2974 2865 3028 sub·

1855 3057 2030 3108 nixam
2058 3055 2125 3108 de
2154 3074 2219 3107 eo
2237 3094 2253 3121 ,
2284 3053 2430 3126 quod
2456 3053 2638 3106 auderi
2665 3053 2860 3107 debeat

1855 3133 1923 3185 ab
1958 3149 2198 3201 oratore,
2230 3135 2640 3207 disputationem
2673 3149 2800 3205 pete
2832 3152 2863 3185 a

1854 3213 2021 3266 Plinio
2047 3215 2400 3286 Epistularum
2425 3215 2524 3279 IX,
2548 3213 2613 3266 26
2637 3215 2856 3285 integra.

1851 3293 2018 3345 Graeci
2041 3292 2278 3346 rhetores
2306 3292 2576 3366 appellant
2602 3286 2658 3344 τδ
2682 3313 2859 3361 σειρα-

1849 3370 2251 3436 κικινέυνωμίνον,
2275 3367 2335 3424 ‘ro'
2359 3368 2660 3438 οιμίἔολον,
2681 3372 2739 3423 τὸ
2767 3393 2861 3423 uv-

1850 3450 2045 3507 curm-c
2098 3470 2212 3522 quae
2263 3451 2488 3522 explicat
2531 3452 2615 3503 Jo.
2664 3449 2855 3504 Christ.

1850 3528 2092 3602 Theoph.
2111 3532 2381 3597 Ernestus,
2396 3533 2452 3582 in
2469 3531 2663 3582 Lexico
2681 3528 2858 3582 rheto-

1848 3611 1958 3661 rico
1975 3646 1992 3676 ‚
2018 3611 2107 3680 qui
2132 3610 2200 3662 ad
2222 3610 2446 3663 Plinium
2471 3628 2685 3682 quoque
2709 3609 2855 3663 able·

1847 3700 1934 3757 gat
1951 3686 2218 3741 lectorem.
2237 3691 2406 3741 Etiam
2418 3691 2647 3754 Seneca,
2668 3688 2738 3741 ad
2753 3691 2855 3741 Ln-

1847 3766 2026 3819 cilium
2050 3771 2212 3840 Epist.
2241 3769 2307 3838 59
2336 3768 2418 3841 (p.
2452 3787 2547 3840 ¹77
2573 3771 2720 3840 Rip„
2744 3769 2850 3823 vol.

1845 3848 1979 3919 111):
2013 3870 2034 3894 α
2056 3852 2325 3901 invenio...
2354 3848 2718 3903 translationes
2741 3869 2856 3901 ver-

1851 3949 1875 3972 «
1895 3926 2103 3993 borum,
2119 3942 2302 3980 utnon
2318 3930 2633 3993 temerarias,
2647 3931 2719 3980 ita
2731 3945 2852 3999 quoe

1851 4026 1873 4051 α
1889 4004 2180 4078 periculum
2209 4009 2291 4058 sui
2317 4008 2552 4058 fecerint.
2576 4030 2598 4053 n
2632 4009 2850 4058 Pericu-

1845 4085 1953 4137 lum
1972 4099 2077 4152 est,
2096 4104 2164 4138 ne
2181 4089 2237 4138 in
2261 4104 2428 4157 nugas
2452 4099 2505 4138 et
2527 4084 2851 4141 dementiam

690 4151 695 4155 ’
754 4179 776 4206 τε
797 4161 1011 4234 quidam
1023 4165 1391 4218 sententiarum
1404 4165 1706 4235 gratia,etc.
1724 4188 1747 4216 n
1841 4163 1998 4218 abeat
2020 4167 2118 4220 ista
2142 4165 2353 4223 dicendi
2377 4163 2612 4222 audacia.
