3200 5150
599 477 1250 551 msn‘ru‘rloms
1285 475 1539 545 oRAT.
1580 480 1742 545 Lm.
1782 481 1912 563 111,
1955 507 2016 572 7.

2226 486 2345 554 511

260 608 560 709 primus,
604 627 725 681 aut
761 627 941 679 certe
980 631 1147 678 cum
1181 602 1422 704 paucis
1459 603 1702 677 fecisse
1743 604 2046 679 dicetur:
2085 609 2355 709 siquid

260 743 586 821 praeterea
640 746 849 821 supra
898 745 1095 819 spem
1149 738 1272 791 aut
1322 717 1906 817 exspectationem
1937 776 1956 810 ,
2007 724 2353 824 praecipue

258 835 447 934 quod
488 835 717 909 aliena
754 834 987 933 potius
1026 857 1272 923 causa,
1299 858 1518 933 quam
1558 847 1754 905 sua¹.
1779 834 2135 934 Tempus,
2165 839 2352 935 quod
2398 866 2459 923 ¹7

256 948 476 1021 finem
505 948 810 1021 hominis
838 944 1256 1046 insequitur,
1291 972 1439 1018 non
1465 973 1743 1046 semper
1765 969 2054 1023 tractare
2083 952 2357 1024 contin-

255 1060 390 1159 git3
413 1088 557 1134 non
579 1061 844 1151 solum,
868 1059 1064 1159 quod
1080 1060 1386 1133 viventes
1407 1060 1786 1160 aliquando
1811 1062 2211 1156 laudamnS,
2233 1068 2355 1139 sed

257 1176 449 1274 quod
477 1204 627 1249 rara
651 1175 799 1249 haec
826 1174 1092 1250 occasio
1123 1195 1258 1265 est,
1288 1196 1370 1248 ut
1398 1176 1633 1249 referri
1652 1189 1681 1221 ²
1705 1177 1973 1277 possint
2000 1179 2213 1252 divini
2237 1181 2356 1253 ho-

255 1316 491 1384 nores,
517 1311 589 1364 et
616 1291 893 1365 decreta
907 1288 963 1382 ³,
988 1311 1071 1363 ut
1094 1290 1375 1391 publice
1402 1312 1647 1366 statuae
1676 1292 2066 1369 constitutae
2079 1291 2137 1367 4.
2163 1297 2354 1369 Inter
2397 1311 2462 1366 ιθ

332 1512 375 1548 ι.
409 1495 675 1550 Aliena...
705 1515 867 1571 quam
898 1516 1007 1551 sua.
1042 1497 1164 1551 Haec
1194 1517 1257 1552 ex

251 1574 535 1629 Aristotele
567 1578 622 1643 I,
654 1593 721 1646 9,
756 1576 850 1644 16,
880 1576 1071 1630 hausta
1102 1591 1257 1650 putat

249 1655 515 1707 Victorius
538 1652 607 1707 ad
629 1654 924 1708 Aristotelis
943 1654 1257 1724 Rhetorica,

249 1750 309 1804 p.
332 1731 448 1803 157,
462 1746 521 1785 ut
539 1747 593 1786 et
612 1732 771 1785 modo
792 1735 989 1805 posita:
1014 1757 1036 1779 ιι
1052 1733 1253 1788 solus...

257 1834 279 1858 σι
299 1815 492 1886 prim...
518 1833 641 1866 cum
663 1832 818 1886 pauc.
845 1838 868 1862 n
898 1831 961 1865 ex
988 1814 1038 1878 1,
1067 1830 1128 1880 9,
1153 1814 1254 1881 38,

176 1915 187 1928 e
251 1910 305 1963 p.
326 1893 531 1944 Victor.
565 1892 678 1960 173.

324 1984 373 2019 2.
407 1969 477 2018 Ut
503 1968 694 2038 referri.
726 1966 900 2016 Burin.
930 1971 986 2015 in
1010 1967 1143 2017 Alm.
1171 1966 1255 2015 'm-

250 2049 352 2099 seri
376 2059 550 2097 narrat
574 2055 722 2115 rupe,
746 2039 891 2114 quod
912 2040 1038 2112 quid
1056 2040 1182 2094 velit
1199 2060 1256 2095 se

252 2137 505 2197 exputare
529 2135 703 2195 negat.
725 2119 985 2193 Equidem
1007 2122 1061 2172 in
1079 2122 1254 2173 Turic.

248 2203 460 2255 invenio
488 2199 592 2274 tsse.
621 2203 739 2254 Jam
764 2217 928 2271 quum
955 2212 1101 2251 tanta
1123 2201 1258 2251 inter

248 2280 414 2333 hosce
436 2278 605 2334 codd.
627 2278 917 2333 intercedat
940 2277 1257 2347 similitudo,

250 2375 503 2433 quantam
519 2360 744 2413 vidimus
764 2357 834 2412 ad
851 2360 948 2425 111,
965 2358 997 2411 3
1009 2396 1027 2424 ,
1045 2359 1076 2412 8
1087 2395 1105 2424 ,
1119 2357 1257 2410 aliis-

248 2458 354 2511 que
375 2440 551 2492 multis
576 2439 738 2505 locis,
756 2436 889 2490 nihil
912 2435 1100 2488 dubito
1127 2438 1256 2507 quin

246 2518 676 2572 Almeloveniana
702 2518 962 2589 scriptura
982 2517 1049 2567 sit
1068 2514 1255 2568 eadem

249 2615 364 2668 quae
392 2599 707 2651 Turicensis.
738 2595 1129 2668 Compendium
1155 2614 1253 2647 au-

249 2689 356 2727 tem
379 2677 521 2728 istud
542 2675 674 2728 nihil
698 2673 841 2726 aliud
866 2673 1125 2743 significat
1151 2676 1252 2727 nisi

245 2762 506 2824 tempore,
549 2770 611 2804 ea
652 2746 913 2823 potestate
953 2768 1066 2821 quae
1108 2750 1251 2822 apud

242 2831 441 2884 multos
467 2833 747 2904 scriptores
775 2828 994 2900 legitur,
1019 2828 1251 2901 explica-

240 2923 334 2964 tur
360 2924 536 2964 antem
564 2930 595 2962 a
621 2911 836 2962 Donato
866 2907 934 2959 ad
966 2906 1128 2960 Andr.
1158 2910 1247 2974 lv,

239 2990 279 3058 4
298 2990 429 3062 (non
449 2990 480 3044 5
501 3003 560 3042 ut
583 3002 662 3042 est
683 2991 739 3040 in
759 2985 915 3039 Fabri
932 2984 1137 3056 Thes),
1163 3003 1242 3056 ¹9·

240 3070 357 3121 Hoc
398 3066 748 3132 vocabulum,
791 3065 922 3131 etsi,
960 3065 1246 3132 omissum,

239 3164 580 3218 nequaqnam
602 3142 865 3197 desideres
888 3145 942 3194 in
967 3142 1020 3194 h.
1046 3141 1081 3194 l.
1097 3181 1113 3208 ,
1140 3160 1244 3215 po-

239 3228 402 3279 situm
424 3238 600 3277 tamen
622 3241 732 3277 non
756 3236 863 3290 est,
887 3221 1034 3294 quod
1056 3221 1242 3294 displi-

235 3317 389 3372 ceat,
435 3307 480 3358 si
523 3302 877 3375 interpretaris
920 3310 1239 3372 opportune,

234 3393 362 3456 apte
372 3422 390 3449 ,
406 3383 782 3447 convenienter,
798 3379 882 3433 vel
901 3382 1060 3432 etiam
1077 3391 1244 3432 matu-

180 3476 190 3484 ’
235 3460 754 3594 E's‘ssm·‘2‘”⁸·.1v1³3³⁶
775 3458 1244 3591 ⁰1¹}m.2¹⁸⁰2.''25.'2‘.¹

303 3561 351 3592 c.
474 3559 498 3593 s
529 3577 542 3592 .
568 3559 598 3593 a
707 3558 772 3592 tv.

236 3619 349 3670 rius
380 3561 579 3692 idpfiat.
618 3647 690 3659 -
723 3577 917 3672 Noste’r
947 3576 1077 3669 Cdd.
1111 3556 1182 3669 ΕΙ.)
1213 3635 1232 3670 1

237 3695 404 3750 habet
444 3714 657 3768 quoque
700 3706 835 3767 rupe.
874 3697 1023 3748 Hanc
1054 3714 1240 3749 vocem

238 3773 394 3827 aliter
405 3793 466 3828 ac
481 3773 730 3846 Spalding
743 3772 896 3825 nobis
911 3776 1241 3846 interpretari

235 3856 413 3909 liceat,
440 3855 683 3924 Legimus
710 3854 867 3924 igitur
897 3872 1007 3905 non
1039 3864 1237 3926 tempo-

234 3952 325 3999 re,
355 3931 449 3986 sed
476 3943 654 4004 turpe,
686 3950 798 4003 quae
825 3950 928 3985 vox
954 3930 1089 3985 male
1116 3932 1169 3985 h.
1200 3932 1234 3985 l.

241 4030 439 4067 sonans
456 4050 474 4079 ,
515 4012 589 4063 nil
631 4009 774 4063 aliud
813 4011 913 4062 fuit
946 4011 1002 4061 in
1040 4013 1237 4081 origine

242 4111 407 4163 quam
435 4090 610 4162 glossa
636 4089 863 4160 religiosi
888 4088 1107 4161 alicujus
1135 4090 1238 4142 ho-

240 4173 421 4241 minis,
442 4174 531 4243 qui
557 4188 717 4244 quum
740 4167 951 4241 indigne
974 4167 1130 4223 ferret
1155 4167 1234 4221 di-

1344 1499 1495 1552 vinos
1539 1498 1773 1554 honores
1814 1498 2123 1553 mortalibus
2163 1499 2313 1554 reddi
2332 1540 2351 1570 ,

1345 1578 1642 1631 exclamans
1684 1580 1893 1652 scripsit
1933 1577 2001 1631 ad
2042 1596 2190 1630 oram
2229 1577 2352 1632 libri

1344 1659 1461 1710 suie
1493 1661 1675 1730 turpe!
1695 1654 1888 1710 deinde
1911 1674 1974 1710 ea
1995 1674 2100 1709 vox
2125 1675 2350 1729 corrup-

1344 1748 1399 1787 ta
1430 1738 1485 1789 in
1519 1747 1670 1808 rupe,
1706 1738 1762 1789 in
1793 1748 1993 1788 textum
2019 1736 2244 1806 irrepsit.
2275 1735 2349 1787 Ea

1343 1829 1427 1868 est
1448 1829 1631 1868 nostra
1655 1819 1980 1888 conjectura.
2006 1816 2220 1866 Enrrou.

1416 1893 1463 1940 3.
1514 1894 1759 1948 Donum.
1801 1895 1856 1945 in
1897 1891 2159 1944 honorem
2199 1896 2349 1963 ejus,

1346 1981 1502 2034 quem
1522 1960 1800 2014 laudamus
1820 1960 2147 2019 defuncmm.
2168 1969 2251 2020 Sic
2271 1989 2350 2022 se·

1343 2054 1497 2094 natus
1521 2040 1746 2092 decemit
1768 2040 2121 2113 triumphum,
2140 2046 2347 2118 suppli-

1348 2121 1640 2186 cationem,
1663 2120 1718 2171 in
1739 2137 1931 2189 genere
1956 2118 2207 2175 honores.

1415 2198 1467 2264 4.
1506 2198 1578 2250 Ut
1597 2197 1804 2270 publice
1833 2209 2016 2251 stamoe
2041 2203 2346 2257 constitum.

1342 2277 1535 2347 Tangit
1563 2295 1765 2328 morem
1790 2295 2094 2344 romanum,
2123 2298 2184 2332 ac
2211 2301 2346 2353 prae-

1345 2358 1523 2408 sertim
1550 2358 1902 2409 caerimoniam
1928 2357 2094 2425 hanc,
2118 2377 2222 2430 qua
2247 2363 2347 2413 im-

1344 2448 1641 2507 peratores,
1659 2436 1907 2507 Augustae
1927 2450 2085 2508 atque
2110 2441 2268 2491 etiam
2289 2441 2347 2493 li·

1340 2513 1454 2567 beri
1490 2533 1675 2567 eorum
1710 2517 1765 2566 in
1804 2533 2081 2568 numerum
2121 2516 2345 2572 deorum

1341 2594 1725 2661 referebantur,
1736 2593 1877 2647 unde
1890 2613 2049 2649 voces
2063 2594 2162 2648 illae
2175 2615 2342 2664 mvvs,

1340 2691 1458 2726 nnn
1471 2713 1488 2740 ,
1506 2689 1631 2727 nrvo
1650 2687 1702 2727 et
1719 2688 2087 2742 consensuro,
2107 2694 2220 2747 quae
2241 2678 2340 2730 fre·

1342 2754 1627 2823 quenterin
1636 2754 1861 2805 nummis
1873 2768 2158 2806 occurrunt
2168 2777 2182 2805 2
2197 2773 2340 2823 nam,

1338 2849 1449 2883 non
1480 2829 1654 2882 solum
1685 2848 1812 2897 arae,
1846 2830 2040 2902 templa
2073 2844 2126 2882 et
2157 2844 2338 2887 statuae

1337 2911 1392 2961 in
1411 2908 1670 2961 honorem
1688 2909 2047 2981 Augustorum
2062 2924 2185 2981 post
2202 2931 2340 2963 mor-

1337 3001 1443 3039 tem
1466 2986 1818 3057 erigebantur,
1837 2986 1933 3039 sed
1950 3001 2003 3039 et
2021 2991 2222 3043 nummi
2244 3010 2338 3044 cu-

1332 3062 1595 3117 debantur
1620 3067 1760 3117 varie
1797 3067 2056 3135 insigniti,
2095 3068 2206 3121 scil.
2245 3088 2334 3122 ca-

1331 3157 1430 3217 put
1450 3145 1703 3213 Augusti,
1724 3141 1808 3195 vel
1830 3145 2105 3214 Augustae,
2126 3146 2209 3199 vel
2231 3149 2334 3201 Cae-

1330 3223 1458 3274 saris
1472 3260 1490 3287 ,
1526 3239 1665 3292 saepe
1707 3220 1906 3292 absque
1944 3221 2121 3276 laurea
2139 3263 2158 3292 ,
2195 3244 2332 3298 saepe

1330 3302 1487 3353 etiam
1532 3298 1791 3351 radiatum
1811 3338 1829 3367 ,
1874 3319 1996 3352 cum
2047 3303 2331 3377 epigraphe

1332 3394 1456 3431 nivo
1498 3393 1759 3445 Avovsro,
1805 3394 1928 3431 nivo
1965 3398 2211 3450 annio,
2248 3385 2330 3437 vel

1331 3474 1449 3509 nrvs
1468 3471 1735 3523 rsvsrtus,
1755 3470 1854 3510 etc.
1877 3460 1936 3510 In
1955 3477 2133 3513 aversa
2150 3476 2330 3533 parte,

1328 3536 1490 3589 modo
1514 3554 1643 3610 pyra
1666 3539 1850 3607 ingens
1878 3538 2054 3591 multis
2083 3539 2327 3595 distincta

1328 3615 1574 3669 tabulatis
1616 3629 1670 3668 et
1707 3619 2036 3675 ornatissima
2054 3657 2071 3685 ,
2109 3638 2139 3671 e
2174 3626 2324 3693 cujus

1326 3696 1535 3766 fastigio
1556 3694 1728 3748 evolat
1749 3696 1842 3749 alis
1862 3700 2100 3771 expansis
2121 3700 2324 3770 aquila,

1327 3774 1527 3846 absque
1542 3774 1826 3848 epigraphe
1839 3797 1853 3838 ;
1874 3775 2035 3828 modo
2053 3789 2199 3829 tensa
2210 3817 2227 3845 ,
2240 3780 2321 3833 vel

1326 3854 1492 3907 lectus
1531 3855 1768 3908 funebris
1783 3893 1801 3921 ,
1841 3857 1967 3907 item
2007 3855 2283 3911 decoratus
2303 3898 2321 3926 ,

1326 3951 1495 4005 supra,
1525 3951 1684 4004 quem
1723 3932 1911 4003 legitur
1945 3950 2320 4001 conscensum

1326 4010 1487 4063 modo
1533 4010 1820 4082 simplicius
1863 4012 2036 4081 aquila
2077 4017 2316 4084 expansis

1325 4088 1419 4142 alis
1444 4088 1548 4139 divi
1569 4088 1653 4140 vel
1676 4088 1801 4142 divae
1824 4091 2076 4155 animam,
2100 4110 2192 4143 seu
2218 4112 2320 4165 po-

1326 4168 1427 4221 tius
1453 4185 1646 4239 corpus
1670 4166 1898 4236 nudum,
1924 4167 2082 4222 dorso
2112 4188 2208 4224 suo
2236 4174 2316 4225 in·
