3200 5150
643 1557 705 1593 10

646 2581 652 2586 .
742 2554 796 2594 et
819 2542 1005 2607 Linus,
1033 2542 1372 2614 praedicatum
1393 2543 1575 2596 musici
1597 2554 1648 2593 et
1670 2563 1756 2595 va·

753 519 880 563 220

1316 491 1677 559 M.'FA1311
1715 490 2268 575 Qnm'rlmAm

746 640 1130 693 contentus.
1178 620 1362 690 Nam
1401 615 1557 715 quis
1595 616 1867 714 ignorat
1903 613 2217 687 musicen
2241 669 2260 703 ,
2301 634 2380 685 ut
2416 614 2503 685 de
2543 615 2672 686 hac
2713 615 2848 713 pri·

745 761 948 806 mum
973 733 1243 832 loquar,
1267 752 1543 804 tantum
1562 731 1715 832 jam
1750 729 1883 801 illis
1919 727 2219 828 antiquis
2241 728 2674 827 temporibus
2700 757 2847 802 non

743 847 950 919 studii
999 847 1209 919 modo
1232 903 1249 935 ‚
1303 873 1546 919 verum
1594 845 1805 918 etiam
1847 843 2301 916 venerationis
2346 844 2711 935 habuisse,
2772 867 2854 917 ut

743 961 956 1033 iidem
988 961 1235 1033 musici
1265 983 1333 1033 et
1355 983 1540 1034 vates
1564 982 1633 1033 et
1659 960 2001 1059 sapientes
2015 957 2499 1060 judicarentur
2529 960 2848 1055 (mittam

744 1076 951 1172 alios)
984 1073 1298 1176 Orpheus
1326 1097 1393 1148 et
1415 1077 1629 1148 Linus
1652 1089 1670 1119 ¹
1690 1132 1712 1162 ,
1750 1101 2054 1173 quorum
2087 1094 2463 1172 utrumque
2493 1073 2623 1145 diis
2645 1075 2849 1171 geni-

741 1210 936 1277 tum,
976 1188 1271 1261 alterum
1304 1216 1501 1279 vero,
1542 1188 1735 1287 quod
1767 1187 1970 1259 rudes
2003 1214 2284 1285 quoque
2319 1208 2523 1285 atque
2553 1209 2850 1286 agrestes

742 1303 1015 1374 animos
1058 1303 1513 1375 admiratione
1572 1301 1953 1391 mulceret,
2007 1328 2150 1372 non
2192 1302 2371 1372 feras
2415 1302 2627 1373 modo
2655 1357 2675 1390 ,
2730 1303 2851 1374 sed

742 1442 899 1487 saxa
930 1415 1136 1488 etiam
1168 1416 1509 1515 silvasque
1546 1416 1817 1489 duxisse
1839 1474 1858 1506 ,
1896 1415 2300 1516 posteritatis
2331 1416 2689 1489 memoriae
2715 1438 2855 1488 tra-

743 1530 969 1602 ditum
999 1553 1100 1603 est
1117 1546 1170 1603 ²2
1207 1534 1295 1602 Et
1314 1531 1737 1630 Timagenes
1759 1529 1787 1575 ³
1819 1551 2057 1602 auctor
2086 1551 2221 1619 est,
2257 1530 2584 1603 omnium
2625 1531 2699 1603 in
2739 1531 2853 1604 lit-

740 1646 900 1718 teris
955 1646 1345 1718 studiorum
1407 1645 1964 1743 antiquissimam
2013 1645 2330 1717 musicen
2389 1646 2678 1717 extitisse
2713 1673 2729 1715 :
2784 1668 2855 1718 et

741 1760 1138 1833 testimonio
1190 1781 1356 1832 sunt
1405 1759 1765 1832 clarissimi
1824 1781 2039 1861 poetae
2068 1815 2087 1848 ‚
2151 1759 2340 1858 apud
2393 1759 2623 1858 quos4
2673 1760 2853 1832 inter

743 1924 858 1963 tura
880 1934 893 1962 ε
921 1932 1015 1965 cur
1038 1916 1179 1966 enim
1204 1912 1452 1965 exciderit
1476 1924 1751 1984 poetarum

741 1990 947 2043 facilius
984 1992 1278 2061 intelligas,
1313 2010 1473 2063 quam
1509 1992 1653 2044 unde
1685 1995 1750 2043 ir-

740 2072 976 2141 repserit.
1012 2070 1202 2124 Obstat
1239 2084 1416 2123 tamen
1455 2072 1750 2132 sententia;

741 2168 864 2201 nam
895 2148 1034 2215 hoc,
1074 2149 1222 2221 quod
1256 2152 1511 2219 sequitur,
1543 2168 1655 2201 non
1689 2169 1753 2201 ex

737 2239 1010 2299 poetarum
1036 2227 1167 2280 locis
1192 2232 1410 2300 repetit,
1431 2228 1525 2280 sed
1551 2247 1612 2280 ex
1631 2248 1750 2301 per-

741 2304 952 2376 vulgata
983 2308 1254 2377 opinione.

819 2402 862 2436 1.
906 2384 1154 2436 Iidemm
1204 2385 1438 2457 Orpheus
1478 2397 1530 2437 et
1571 2386 1747 2439 Linus.

741 2463 1052 2534 Subjectum
1076 2467 1345 2516 sententiae
1369 2478 1492 2517 sunt
1519 2464 1752 2535 Orpheus

742 2633 813 2672 tes
848 2631 899 2672 et
932 2621 1197 2692 sapientes.
1238 2623 1405 2675 Aliter
1437 2636 1754 2675 structuram

740 2719 851 2752 non
880 2699 1144 2771 expedias.
1183 2700 1448 2774 Orpheum
1478 2715 1530 2753 et
1557 2702 1751 2753 Linum

740 2778 977 2832 similiter
998 2783 1174 2851 jungit
1202 2780 1449 2850 Virgilius
1466 2819 1483 2846 ,
1518 2779 1628 2833 Ecl.
1660 2782 1749 2847 lv,

743 2857 924 2929 55-57;
947 2873 999 2910 et
1017 2862 1242 2931 scriptor
1259 2858 1466 2930 Dialogi
1486 2858 1552 2911 de
1577 2861 1749 2912 causis

740 2950 1000 3009 corruptae
1026 2937 1367 3009 eloquentiae,
1394 2958 1440 2989 c.
1475 2956 1552 2990 12.

815 3035 863 3068 α.
900 3016 1172 3069 Traditum
1201 3029 1288 3070 est.
1323 3020 1397 3069 Et
1426 3018 1747 3090 Timayenes.

741 3095 915 3147 Guelf.
963 3096 1091 3148 trad.
1135 3108 1221 3149 est.
1273 3097 1460 3168 Itaque
1501 3096 1752 3169 imagines

741 3186 970 3227 auctores
991 3185 1126 3227 sunt.
1153 3176 1225 3226 Et
1250 3175 1570 3248 Timaqenes.
1601 3173 1748 3226 Alie-

741 3257 1012 3306 nissimum
1039 3254 1300 3306 emblema
1323 3273 1454 3306 verae
1479 3257 1748 3325 scripturae

739 3331 919 3384 locum
954 3337 1235 3406 occupavit
1262 3336 1317 3383 in
1345 3332 1475 3386 cod.
1510 3332 1748 3384 Palatino

739 3411 992 3479 membr.,
1021 3425 1079 3464 ut
1108 3414 1268 3464 refert
1295 3411 1560 3464 Gebhard.
1590 3430 1749 3481 quem

739 3490 1024 3561 oportebat
1049 3506 1154 3543 tam
1177 3505 1508 3564 praeposterae
1532 3490 1748 3542 lectioni

738 3587 847 3619 non
871 3570 1060 3623 favere.
1084 3573 1258 3623 Turic.
1287 3571 1418 3622 trad.
1445 3582 1532 3630 est.
1559 3572 1747 3643 Itaque

737 3660 789 3699 et
810 3648 1058 3721 imagines
1080 3661 1281 3701 autores
1302 3660 1448 3714 sunt,
1481 3667 1622 3700 omn.
1652 3651 1745 3700 Ba-

737 3726 845 3778 liol.
877 3740 929 3779 et
957 3727 1092 3778 Alm.
1124 3729 1490 3800 conjunctioni
1517 3739 1568 3779 et
1592 3741 1743 3779 ante-

734 3820 944 3858 vertunt
964 3807 1163 3879 itaque,
1186 3820 1431 3858 caeterum
1449 3806 1746 3878 relinquen·

736 3900 813 3938 tes
838 3898 1120 3956 receptam.
1148 3887 1263 3937 Hoc
1290 3886 1463 3958 itaque
1485 3885 1627 3938 unde
1653 3904 1742 3936 so-

736 3965 848 4016 lum
872 3984 927 4016 se
955 3966 1321 4029 insinuaverit,
1350 3983 1459 4015 non
1488 3978 1566 4017 est
1594 3964 1743 4017 dictu

737 4042 909 4095 facile.
926 4046 1104 4114 Ipsum
1115 4081 1132 4109 ,
1145 4042 1289 4113 quod
1305 4045 1549 4094 inseritur
1568 4058 1744 4095 ortum

735 4137 869 4192 puto
895 4140 958 4172 ex
980 4124 1444 4193 interpretamento
1471 4123 1744 4192 marginali

736 4206 882 4270 ejus,
918 4204 1005 4272 qui
1040 4201 1174 4253 male
1208 4204 1259 4253 in
1293 4216 1438 4254 textu
1473 4202 1669 4273 legeret
1694 4214 1747 4256 et

1845 1911 2094 1984 imayt'nes
2112 1921 2340 1963 auctores
2358 1929 2455 1983 pro
2475 1921 2529 1962 et
2548 1911 2855 1984 Timagenes

1842 2002 2026 2042 auctor
2056 2002 2156 2055 est,
2199 1990 2343 2061 quod
2381 1991 2613 2063 proclive
2652 2006 2762 2042 erat
2792 1994 2852 2042 in

1842 2072 2014 2122 minus
2038 2083 2169 2121 noto
2193 2071 2425 2121 nomine.
2446 2068 2580 2121 Vide
2608 2068 2675 2121 de
2701 2069 2852 2139 glos-

1842 2167 2022 2202 serum.
2067 2161 2252 2200 notam
2292 2147 2362 2199 ad
2398 2150 2454 2213 1,
2498 2165 2549 2219 7,
2586 2148 2683 2213 28,
2723 2148 2853 2221 quia

1842 2237 2006 2280 tam...
2028 2229 2180 2280 sacris
2203 2236 2436 2298 apparet.

1912 2307 1961 2358 3.
2006 2307 2324 2378 Timayenes.
2369 2307 2486 2356 Fuit
2521 2302 2610 2355 hic
2648 2305 2850 2357 amicus

1839 2386 2003 2438 Asinii
2024 2384 2300 2449 Pollionis,
2317 2386 2513 2436 Nostro
2533 2384 2691 2436 etiam
2712 2384 2850 2435 infra

1842 2476 2285 2516 commemoratus
2304 2463 2378 2528 X,
2406 2479 2451 2527 1,
2475 2460 2571 2532 75,
2595 2460 2665 2513 ob
2686 2460 2851 2513 liber-

1844 2556 2007 2595 tatem
2043 2560 2348 2595 sermonum
2382 2541 2572 2593 Caesari
2605 2542 2849 2610 Augusto

1843 2624 2066 2689 invisus,
2087 2622 2259 2674 clarus
2277 2633 2453 2673 autem
2473 2619 2705 2672 historiis
2716 2621 2851 2672 scri-

1841 2701 2058 2769 bendis,
2081 2702 2146 2754 de
2172 2720 2278 2773 qno
2305 2715 2383 2753 est
2406 2698 2764 2752 consulendus
2784 2701 2845 2751 L.

1842 2783 2070 2847 Seneca,
2095 2782 2161 2833 de
2185 2784 2292 2846 Ira,
2318 2779 2350 2831 l.
2378 2781 2473 2845 111,
2499 2798 2545 2830 c.
2576 2779 2674 2842 23,
2699 2791 2750 2830 et
2767 2780 2845 2831 M.

1838 2863 2066 2927 Seneca,
2090 2863 2337 2914 Controv.
2367 2858 2467 2925 34,
2489 2878 2544 2930 p.
2575 2860 2687 2928 Bip.
2720 2857 2843 2910 363.

1838 2939 2006 2992 Multa
2050 2938 2117 2991 de
2160 2958 2224 2992 eo
2268 2936 2481 3007 collegit
2516 2938 2734 2989 Vossius
2777 2935 2845 2988 de

1838 3020 2059 3071 Historr.
2086 3019 2308 3083 Graeca,
2333 3017 2368 3068 l.
2394 3019 2449 3081 1,
2473 3035 2519 3067 c.
2550 3016 2633 3081 ²4·

1912 3100 1961 3165 4.
1976 3098 2135 3170 Apud
2148 3116 2328 3169 quos...
2345 3097 2674 3149 canebantur.
2692 3097 2848 3166 Equi-

1839 3174 1959 3230 dem
1980 3179 2033 3228 in
2052 3176 2327 3242 hocloco,
2344 3195 2500 3247 quem
2520 3175 2708 3228 eodem
2729 3194 2843 3225 mo-

1838 3257 1909 3308 do
1952 3256 2080 3308 dant
2118 3274 2300 3308 omnes
2334 3255 2484 3320 libri,
2521 3273 2842 3326 magnopere

1837 3336 2009 3390 haereo
2023 3374 2039 3401 ,
2062 3355 2223 3406 quum
2248 3337 2492 3408 praeteriti
2516 3336 2770 3406 temporis
2788 3336 2843 3386 in

1837 3415 2154 3467 canebantur
2203 3414 2533 3486 probabilem
2582 3417 2843 3466 rationem

1837 3493 2055 3546 reddere
2090 3495 2248 3565 plane
2280 3512 2391 3546 non
2416 3495 2634 3565 possim.
2672 3495 2842 3545 Nimi-

1837 3592 1951 3624 rum
1976 3576 2220 3645 praesenti
2245 3576 2397 3625 unice
2422 3586 2534 3625 erat
2560 3590 2724 3643 opus,
2748 3591 2843 3624 ne-

1837 3672 1940 3723 que
1979 3667 2154 3703 tamen
2191 3652 2327 3703 ullus
2361 3650 2541 3704 Codex
2575 3649 2838 3703 ostendit:

1835 3741 2126 3782 cantantur.
2161 3730 2405 3782 Phemius
2437 3743 2616 3781 autem
2649 3742 2700 3782 et
2732 3732 2843 3782 De·-

1833 3810 2101 3862 modocus.
2113 3822 2165 3860 et
2186 3811 2340 3879 lopas
2359 3827 2537 3861 nonne
2553 3811 2841 3861 etiamnum

1834 3903 2031 3940 canunt
2054 3891 2107 3940 in
2133 3890 2345 3941 Homeri
2369 3901 2421 3941 et
2444 3888 2642 3959 Virgilii
2667 3889 2841 3959 operi-

1830 3967 1971 4018 bus?
1993 3966 2152 4038 Apud
2175 3985 2332 4037 quos,
2360 3970 2403 4019 si
2429 3969 2544 4038 quis
2573 3970 2642 4018 ita
2674 3970 2838 4018 inter-

1830 4059 2086 4118 pretetur,
2110 4060 2169 4097 ut
2192 4047 2478 4116 significet:
2504 4046 2685 4118 quibus
2710 4064 2839 4096 auc—

1835 4125 2047 4190 toribus,
2070 4126 2420 4190 narrantibus,
2439 4144 2622 4177 vereor
2637 4138 2694 4176 ut
2710 4144 2839 4175 con-

1833 4195 2145 4258 sentientem
2168 4201 2365 4257 habeat
2389 4223 2541 4256 usum
2563 4202 2837 4275 loquendi.
