3200 5150
823 479 952 562 246

1388 478 1484 544 M.
1521 476 1751 545 nnn
1786 478 2339 563 QUrNTlLlANl

819 620 1166 699 quantum
1213 619 1462 673 natura
1501 600 1801 672 humani
1847 600 2110 699 ingenii
2155 600 2423 691 valeat3
2470 626 2627 702 quae
2676 602 2772 676 ita
2814 625 2900 678 est

822 715 1018 815 agilis
1051 736 1119 788 et
1147 716 1381 807 velox,
1423 716 1519 790 sic
1562 715 1636 788 in
1676 741 1962 788 omnem
1999 737 2305 814 partem,
2340 737 2418 789 ut
2457 716 2551 789 ita
2586 716 2900 810 dixerim,

820 851 1116 929 spectat,
1170 850 1249 902 ut
1301 854 1392 902 ne
1446 830 1660 929 possit
1715 829 2003 930 quidem
2055 829 2320 931 aliquid
2379 857 2586 931 agere
2640 853 2899 906 tantum

820 972 1051 1017 unum
1074 1001 1095 1037 ,
1119 945 1192 1016 in
1220 945 1422 1044 plura
1438 972 1634 1035 vero,
1660 971 1804 1018 non
1836 944 2083 1019 eodem
2110 945 2221 1018 die
2248 946 2497 1035 modo,
2522 946 2644 1020 sed
2667 948 2902 1020 eodem

750 1076 784 1130 3
821 1059 1152 1158 temporis
1181 1080 1541 1132 momento
1561 1115 1581 1149 ,
1613 1060 1755 1132 vim
1790 1086 1990 1132 suam
2024 1059 2453 1159 impendat¹.
2489 1064 2602 1133 An
2630 1088 2791 1134 vero
2821 1062 2906 1135 ci-

820 1174 1152 1247 tharoedi²
1200 1200 1344 1246 non
1393 1173 1607 1246 simul
1657 1196 1725 1247 et
1774 1175 2172 1266 memoriae,
2226 1196 2294 1248 et
2346 1202 2516 1248 sono
2575 1176 2803 1267 vocis,
2848 1198 2907 1252 et

821 1288 1189 1391 pluribus³
1223 1290 1555 1380 flexibus,
1597 1291 1940 1380 serviunt,
1975 1318 2200 1392 quum
2239 1291 2519 1363 interim
2561 1291 2732 1363 alios
2765 1318 2908 1364 ner-

822 1432 943 1478 vos
978 1407 1208 1478 dextra
1243 1405 1712 1505 percutiunt4,
1746 1407 1917 1480 alios
1953 1405 2123 1479 laeva
2161 1406 2486 1498 trahunt,
2521 1405 2907 1496 continent,

824 1520 1218 1622 praebent-'⁴3
1249 1512 1339 1594 ne
1365 1548 1486 1622 pes
1510 1522 1799 1623 quidem
1830 1521 2087 1596 otiosus
2115 1543 2372 1596 certam
2402 1521 2632 1621 legem
2656 1541 2909 1621 tempo·

752 1652 790 1724 4
827 1660 984 1708 rum
1030 1636 1290 1709 servat?
1330 1656 1396 1710 et
1439 1638 1585 1711 haec
1628 1637 1880 1739 pariter
1921 1637 2184 1711 omnia.
2219 1634 2457 1729 Quid?
2497 1662 2625 1709 nos
2670 1634 2909 1737 agendi

824 1750 1054 1824 subita
1086 1752 1483 1825 necessitate
1510 1752 1960 1852 deprehensi,
1991 1778 2228 1825 nonne
2258 1751 2394 1824 alia
2426 1751 2765 1841 dicimus,
2793 1751 2913 1824 alia

825 1865 1306 1965 providemus,
1331 1892 1557 1967 quum
1589 1868 1842 1966 pariter
1868 1858 2174 1940 inventio
2204 1892 2472 1956 rerum,
2508 1865 2753 1939 electio
2777 1892 2919 1937 ver-

826 1980 1118 2070 borum,
1154 1982 1595 2080 compositio,
1631 2004 1892 2080 gestus,
1922 1981 2729 2083 pronunciatio,vulms,
2765 2007 2915 2053 mo-

826 2112 1078 2195 tusque
1124 2096 1643 2170 desiderentur?
1673 2099 1852 2188 Quae
1901 2099 1994 2187 si,
2037 2098 2227 2170 velut
2264 2097 2395 2169 sub
2439 2123 2585 2169 uno
2627 2116 2916 2183 conatu,

827 2229 972 2281 tam
1009 2210 1272 2283 diversa
1304 2210 1592 2310 parent⁶
1621 2211 1874 2301 simul,
1910 2240 2035 2285 cur
2061 2240 2204 2287 non
2234 2210 2555 2312 pluribus
2587 2210 2773 2283 curis
2795 2211 2916 2283 lio-

831 2350 939 2423 ras
972 2322 1402 2423 partiamur?
1438 2351 1663 2424 quum
1698 2327 2074 2424 praesertim
2105 2325 2365 2399 reficiat
2396 2325 2670 2398 animos
2703 2352 2787 2397 ac
2822 2350 2920 2398 re·

829 2460 1025 2538 paret
1056 2439 1340 2510 varietas
1374 2439 1557 2540 ipsa,
1593 2463 1971 2541 contraque
2014 2439 2101 2514 sit
2136 2440 2532 2539 aliquanto7
2576 2437 2920 2512 difficilius

909 2627 953 2662 1.
998 2609 1292 2681 Impendat.
1334 2609 1496 2679 Quod
1538 2611 1670 2664 alios
1711 2609 1836 2665 dare

829 2701 1008 2741 narrat
1052 2689 1226 2740 Burm.
1272 2689 1537 2754 intendat,
1585 2692 1641 2740 in
1686 2689 1835 2741 nullo

831 2766 1076 2838 equidem
1110 2767 1246 2820 libro
1279 2771 1488 2821 invenio
1526 2782 1719 2841 sponte
1754 2784 1837 2822 ta·

830 2864 953 2899 men
979 2860 1252 2898 succurrit.

906 2943 954 2978 2.
985 2925 1263 2978 citharoedi
1286 2939 1438 2992 sunt,
1469 2928 1560 2996 qui
1586 2939 1639 2977 et
1666 2926 1837 2979 citha·

832 3023 944 3060 ram
963 3007 1176 3079 pulsant
1195 3020 1246 3059 et
1267 3009 1542 3069 occinunt;
1566 3006 1842 3061 citharistoe

833 3102 1012 3140 autem
1028 3126 1044 3152 ,
1070 3089 1161 3157 qui
1183 3087 1437 3139 duntaxat
1459 3086 1702 3157 pulsant,
1729 3106 1840 3140 non

832 3169 992 3218 etiam
1017 3168 1281 3217 accinunt.
1312 3164 1492 3217 Solent
1516 3179 1692 3217 autem
1716 3165 1841 3217 dex-

833 3256 913 3296 tra
937 3244 1198 3316 plectrum
1224 3256 1431 3309 tenere,
1466 3257 1517 3297 et
1550 3265 1615 3296 eo
1649 3263 1837 3298 nervos

831 3338 1107 3396 percutere
1120 3361 1136 3387 ,
1158 3323 1303 3394 quod
1323 3324 1590 3395 appellant
1605 3324 1743 3397 foris
1760 3344 1842 3376 ca-

834 3421 955 3455 nere
975 3425 989 3452 .·
1021 3403 1222 3455 sinistra
1253 3417 1426 3454 autem
1460 3402 1687 3455 chordas
1720 3423 1838 3456 car-

832 3501 993 3554 pere,
1036 3480 1181 3553 quod
1219 3495 1413 3534 vocant
1453 3482 1590 3534 intus
1631 3500 1835 3535 canere.

832 3561 999 3615 Tuum.

906 3641 956 3694 3.
993 3641 1250 3694 Pluribus.
1279 3643 1455 3694 Turio.
1490 3641 1749 3714 plurimis.
1788 3662 1836 3695 c.

833 3720 984 3773 mult.
1009 3751 1082 3761 --
1105 3720 1355 3773 Plurimis
1378 3719 1505 3771 dant
1533 3722 1699 3773 nostri
1731 3738 1775 3786 1,
1806 3738 1836 3774 2

833 3814 886 3851 et
911 3799 961 3851 6.
988 3799 1146 3852 Cam.
1178 3813 1230 3852 et
1254 3799 1337 3851 ed.
1368 3797 1560 3866 Hac-k„
1584 3798 1833 3871 pluribus.

831 3877 1047 3932 Eoi-ron.

904 3958 956 4025 4.
996 3957 1316 4008 Percutiunt.
1351 3957 1482 4008 Item
1509 3969 1832 4028 percurrunt.

832 4062 904 4075 --
923 4036 1244 4087 Percutiunt.
1266 4037 1340 4085 lta
1361 4036 1421 4086 R.
1451 4051 1498 4100 1,
1523 4053 1580 4102 2,
1606 4034 1655 4087 6.
1680 4037 1749 4088 At
1771 4033 1831 4090 Β.

834 4113 867 4167 5
893 4127 944 4166 et
967 4115 1157 4181 Cannu,
1180 4125 1502 4185 percurrunt.
1529 4116 1622 4167 En.

905 4189 956 4243 5.
974 4192 1222 4245 Proebent.
1244 4195 1320 4244 lta
1338 4192 1510 4246 Guelf.
1533 4212 1655 4246 cum
1672 4191 1832 4247 Goth.

1924 2616 2077 2665 Voss.
2107 2628 2153 2678 1,
2180 2630 2238 2676 2,
2261 2610 2398 2663 Alm.
2425 2608 2576 2663 Bodl.
2600 2608 2710 2662 Bal.
2739 2621 2793 2661 et
2815 2608 2921 2680 qui·

1925 2688 2151 2743 busdam
2183 2688 2303 2742 edd.
2332 2701 2457 2741 vett.
2488 2699 2547 2740 nt
2580 2701 2634 2742 et
2659 2686 2792 2743 Obr.
2825 2688 2923 2740 Re-

1925 2783 2080 2840 cepta
2104 2771 2362 2841 scriptura
2380 2766 2630 2838 probam,-
2656 2784 2817 2837 quam
2839 2764 2923 2835 qui

1925 2851 2140 2902 retinuit
2183 2849 2447 2901 Gesner-us
2471 2884 2489 2914 ,
2537 2849 2652 2918 ipse
2695 2859 2922 2898 nostram

1924 2928 2133 2999 praefert
2144 2964 2163 2992 ,
2182 2925 2381 2979 docens
2392 2924 2649 2997 probandi
2660 2926 2923 2994 negotium

1928 3023 2043 3057 esse
2071 3004 2302 3058 alienum
2329 3001 2397 3055 ab
2424 3005 2575 3075 ipso,
2609 3004 2702 3074 qui
2734 3001 2821 3054 hic
2846 3004 2923 3053 in-

1928 3083 2208 3153 telligatur,
2253 3081 2481 3135 canendi
2519 3091 2657 3132 actu.
2690 3109 2768 3120 —-
2796 3080 2925 3133 Ner-

1927 3180 2069 3214 vos...
2087 3161 2328 3233 praebent.
2345 3158 2488 3228 Quid
2503 3161 2570 3212 sit
2578 3159 2805 3230 prebere
2817 3174 2925 3208 ner*-

1929 3259 2016 3294 vos
2038 3254 2257 3313 apparet
2279 3259 2344 3293 eo
2366 3243 2485 3311 ipso
2500 3278 2517 3307 ,
2548 3238 2695 3310 quod
2720 3251 2927 3291 antece-

1928 3319 2005 3372 dit
2027 3341 2040 3370 τ
2087 3319 2349 3370 continere
2401 3335 2610 3378 ner-tm,-
2662 3330 2743 3369 est
2796 3317 2925 3372 enim

1928 3398 2129 3462 laxare,
2150 3411 2292 3449 totos
2312 3395 2465 3462 dare,
2485 3394 2733 3447 exhibere
2755 3393 2927 3466 quales

1930 3491 1982 3530 et
2029 3479 2212 3549 quanti
2256 3488 2378 3530 sunt
2395 3514 2411 3542 ,
2455 3474 2601 3527 nulla
2647 3474 2928 3545 digitorum

1929 3558 2320 3628 compressione
2363 3569 2564 3608 mutare
2605 3571 2803 3608 sonum
2838 3571 2927 3606 eo-

1928 3655 2061 3689 rum.
2084 3635 2217 3690 Vide
2241 3638 2447 3688 initium
2469 3647 2623 3688 notae.

1999 3716 2048 3766 6.
2072 3715 2281 3767 Parent.
2304 3715 2368 3765 H.
2392 3734 2437 3766 e.
2458 3727 2650 3786 praesto
2668 3725 2814 3765 sunt.
2837 3714 2927 3763 Pe-

1927 3793 2086 3846 tenda
2134 3794 2446 3863 significatio
2487 3792 2550 3843 ab
2589 3789 2926 3863 apparendo,

1929 3887 2186 3946 quatenus
2212 3874 2369 3926 servis
2396 3872 2655 3924 tribuitur.

1999 3973 2047 4025 7.
2079 3953 2383 4026 Aliquanto.
2414 3952 2707 4008 observent
2734 3950 2927 4002 tirones

1924 4034 2125 4087 dictum
2162 4032 2267 4085 hoe
2303 4051 2401 4106 pro
2440 4031 2622 4105 lonqe,
2669 4029 2768 4083 sed
2811 4047 2930 4082 cun

1926 4113 2101 4184 aliqua
2133 4111 2355 4164 dicentis
2388 4108 2675 4175 modestia,
2702 4107 2793 4161 vel
2824 4110 2928 4159 iro-

1924 4195 2011 4245 nia
2024 4214 2038 4255 ;
2053 4191 2157 4258 μιθ’
2178 4191 2452 4261 ὑποκρίσιας
2472 4189 2747 4265 appellant
2764 4205 2932 4261 gram·
