3200 5150
1110 460 1621 531 PRAEFATto.
2360 499 2403 564 9

335 600 523 650 aetate
536 584 574 649 J
579 581 899 666 uvenalis‚
919 602 1191 673 apparet
1203 584 1318 675 huj
1327 607 1401 651 us
1420 604 1635 675 poetae
1654 589 1917 656 satiram
1934 594 2277 682 septimam
2301 597 2404 660 vix

331 690 624 778 potuisse
647 689 844 756 scribi
872 690 996 756 nisi
1020 690 1145 756 sub
1171 689 1528 758 Hadriano.
1557 695 1718 761 Haec
1746 696 1945 784 igitur
1973 701 2166 764 satira
2193 724 2403 791 quum

332 795 635 862 ostendat
659 796 1137 879 Quintilianum
1168 798 1554 864 affluentem·
1586 799 1825 889 opibus
1857 819 1924 868 et
1954 807 2400 887 consularem,

330 924 618 991 eumque
638 903 810 967 inter
826 903 1011 967 vivos
1029 901 1247 971 adhuc
1265 921 1665 986 versantem,
1694 907 1882 973 facile
1902 910 2112 997 possis
2129 909 2400 992 adduci,

329 1024 404 1073 ut
429 1031 642 1085 seram
679 1007 907 1074 credas
945 1009 1134 1075 istam
1166 1011 1616 1099 opulentiam,
1647 1035 1795 1101 quae
1827 1016 1970 1080 seni
1998 1015 2402 1106 jamjamque

327 1114 649 1201 morituro
695 1116 1149 1204 supervenerit
1168 1165 1184 1196 ,
1233 1116 1359 1182 nisi
1406 1118 1576 1183 forte
1624 1118 1753 1184 hoc
1794 1122 1938 1208 ipso
1975 1122 2073 1187 uti
2119 1120 2405 1189 debebat

324 1220 364 1283 J
371 1219 693 1300 uvenalis,
726 1219 783 1285 si
811 1242 915 1285 res
942 1221 1032 1285 ita
1059 1242 1128 1286 se
1152 1219 1457 1301 haberet,
1487 1221 1570 1288 ad
1605 1223 2092 1291 extenuandum
2119 1228 2405 1317 exempli

324 1323 523 1414 hujus
546 1341 977 1391 momentum.
1009 1325 1376 1416 Conjuncta
1397 1344 1620 1393 autem
1646 1347 1746 1396 est
1768 1329 1910 1396 haec
1934 1330 2017 1396 de
2042 1333 2174 1398 vita·
2195 1333 2404 1415 Quin·

321 1430 566 1512 tiliani,
593 1429 681 1496 ad
710 1430 1025 1497 Hadriani
1055 1432 1789 1524 imperiumpropagata
1808 1485 1826 1516 ,
1858 1436 2213 1526 disputatio
2250 1456 2405 1504 cum

318 1536 527 1603 altera
562 1535 648 1602 de
676 1535 1143 1604 Consularibus
1182 1541 1620 1620 ornamentiS,
1653 1564 1801 1631 quae
1837 1565 1960 1631 per
1993 1544 2402 1609 Clementem

318 1643 592 1709 sortitus
624 1664 768 1709 esse
796 1659 1094 1709 narratur
1120 1642 1203 1708 ab
1232 1646 1523 1711 Ausonio
1553 1647 1622 1710 in
1646 1648 2000 1736 gratiarum
2025 1649 2287 1735 actione
2317 1648 2401 1715 ad
2485 1686 2490 1699 ·

317 1748 706 1813 Gratianum
724 1799 740 1830 ,
765 1773 831 1838 p.
863 1771 1008 1836 290.
1030 1751 1172 1838 Bip.
1198 1751 1556 1817 Clementis
1580 1751 1751 1818 filios
1775 1776 1917 1820 esse
1942 1776 2088 1833 303,
2117 1776 2403 1845 quorum

317 1852 447 1919 sibi
480 1877 521 1920 a
555 1855 936 1920 Domitiano
973 1878 1198 1920 curam
1235 1854 1600 1945 delegatam
1628 1875 1849 1924 narrat
1883 1859 2026 1978 ipse
2057 1860 2403 1943 Quintilia-

318 1982 447 2026 nus
473 1961 594 2038 lv,
626 1963 905 2025 Prooem.
936 1982 1005 2039 2,
1035 1982 1265 2041 nemo,
1296 1961 1554 2050 opinor,
1585 1962 1879 2052 negabit,
1891 1967 2023 2054 qui
2051 1967 2403 2032 contulerit

314 2064 760 2131 Suetonium
742 2087 809 2127 111
839 2065 1218 2128 Domitiano
1255 2066 1592 2130 c.15.1ta
1625 2067 1967 2155 probabile
1996 2070 2072 2136 fit
2097 2069 2323 2137 hunc
2305 2096 2401 2161 lp·

316 2194 468 2238 sum
508 2169 918 2235 Clementem
957 2167 1160 2235 hosce
1199 2169 1608 2251 Quintiliano
1649 2169 1937 2238 honores
1978 2175 2398 2264 impetrasse·
2382 2224 2401 2255 ‚

316 2300 540 2366 neque
572 2293 792 2343 tamen
819 2274 1071 2364 praemii
1106 2274 1256 2340 loco
1290 2298 1413 2364 pro
1446 2276 1857 2344 institutione
1886 2278 2205 2359 filiorum,
2238 2304 2402 2370 quo·

313 2383 497 2450 niam
528 2383 606 2464 ii,
645 2399 720 2447 ut
746 2397 923 2447 recte
950 2398 1178 2446 monet
1206 2381 1515 2448 Nicolaus
1538 2384 1861 2450 Antonius
1896 2385 1965 2450 in
1995 2384 2403 2455 Bibliotheca

314 2489 609 2581 Hispana
636 2492 895 2568 v‘etere,
933 2507 999 2577 p.
1033 2486 1148 2568 56,
1192 2487 1587 2578 interempto
1628 2487 1896 2554 demum
1935 2506 2152 2579 patre,
2193 2507 2401 2556 matre

313 2615 541 2666 autem
580 2598 650 2662 in
682 2596 952 2662 exilium
987 2612 1164 2676 acta,
1208 2619 1245 2661 a
1278 2620 1520 2687 magno
1557 2598 1887 2686 avunculo
1920 2599 2296 2664 Domitiano
2330 2601 2399 2664 in

314 2703 600 2769 rhetoris
628 2703 836 2786 nostri
864 2700 1277 2790 disciplinam
1305 2720 1461 2772 sunt
1487 2702 1730 2768 traditi.
1773 2702 1989 2769 Habet
2017 2726 2182 2770 sane
2214 2705 2397 2794 quod

317 2807 664 2899 displiceat
684 2807 902 2874 honor
918 2806 1041 2871 iste
1065 2830 1201 2872 non
1223 2830 1260 2872 a
1281 2806 1607 2895 discipulo
1628 2809 1940 2897 quaesitus
1963 2809 2398 2891 Quintiliano,

317 2913 439 2980 sed
466 2912 550 2977 ab
579 2911 875 3003 ejusdem
900 2929 1119 3003 patre,
1152 2930 1219 2979 et
1245 2911 1516 3004 quidem
1544 2930 1902 3004 antequam
1924 2913 2133 2982 filium
2158 2914 2244 2981 ab
2272 2914 2402 2982 hoc

314 3035 725 3110 praeceptore
759 3018 1131 3083 institutum
1161 3019 1241 3083 iri
1272 3035 1516 3086 nosset.
1555 3018 1684 3085 Sed
1722 3007 1883 3109 quid
1920 3019 2228 3111 impedit,
2265 3043 2401 3109 quo

316 3128 538 3192 minus
563 3126 704 3214 ipse
728 3123 986 3189 Flavius
1012 3124 1316 3189 Clemens
1333 3173 1351 3204 ,
1380 3123 1623 3189 horum
1645 3147 2008 3213 puerorum
2035 3142 2240 3212 pater,
2273 3123 2401 3189 dis·

318 3232 581 3322 cipulus
613 3231 813 3296 fuerit
838 3229 1252 3313 Quintiliani,
1284 3229 1481 3319 eique
1513 3227 1644 3294 hoc
1678 3228 1881 3294 decus
1918 3230 2397 3318 impetraverit,

320 3361 531 3429 quum
554 3336 757 3425 gratia
775 3335 1042 3401 floreret
1062 3335 1204 3424 ipse
1222 3333 1400 3423 apud
1424 3333 1878 3408 Domitianum
1900 3334 2304 3422 patruelem?
2322 3336 2399 3400 In

316 3445 444 3512 hac
481 3465 638 3531 ergo
675 3442 926 3508 ratione
959 3440 1413 3507 consularibus
1450 3441 1856 3506 ornamentis
1886 3438 2401 3506 condecoratam

318 3548 639 3614 habemus
663 3546 997 3612 rhetorem
1023 3545 1218 3611 etiam
1241 3563 1595 3635 antequam
1619 3545 1953 3634 principes
1976 3568 2220 3634 pueros
2244 3544 2403 3610 edu-

318 3655 567 3724 candos
604 3657 997 3745 accepisset,
1034 3654 1309 3719 fortasse
1343 3670 1701 3743 antequam
1739 3677 1907 3743 opus
1938 3651 2070 3718 hoc
2102 3670 2402 3719 nostrum

320 3763 681 3830 inchoaret.
729 3766 812 3830 Et
852 3785 1009 3829 sane
1054 3762 1227 3854 filius
1278 3762 1453 3852 ejus,
1508 3760 1670 3826 dum
1719 3779 1909 3852 pater
1950 3760 2153 3827 hosce
2193 3760 2402 3826 libros

318 3870 696 3959 componit,
725 3886 1059 3949 mortuus,
1097 3895 1125 3927 κ
1151 3867 1480 3934 consulari
1511 3889 1729 3957 nuper
1759 3866 2118 3956 adoptione
2148 3863 2234 3931 ad
2262 3887 2401 3930 om·

319 3976 511 4043 nium
554 3973 704 4064 spes
742 3974 1075 4040 honorum
1114 3973 1317 4063 patris
1361 3971 1670 4038 admotus
1696 4001 1724 4031 n
1769 3971 2011 4038 dicitur
2048 3995 2085 4036 a
2127 3988 2400 4060 parente

319 4081 435 4150 lib.
461 4083 584 4165 Vl,
619 4083 898 4168 Prooem.
938 4080 1034 4148 13.
1063 4077 1193 4148 Sed
1208 4095 1405 4166 pater
1427 4079 1538 4144 ille
1566 4079 1869 4166 profecto
1895 4093 1994 4143 est
2014 4075 2361 4168 adoptivus
2379 4129 2401 4160 ,
