3200 5150
611 476 1261 546 INSTITUTIONIS
1296 476 1553 543 ORAT.
1590 478 1753 543 LIB.
1792 480 1891 559 11,
1935 502 2039 547 2ο.

2241 480 2366 548 385

281 600 591 674 cendum
626 598 747 689 sit;
778 598 982 690 ut‚‘si
1019 598 1230 670 virtus
1268 625 1413 670 non
1446 618 1581 687 est,
1612 625 1703 671 ne
1740 602 2041 698 perfecta
2076 603 2368 700 quidem

285 742 429 789 csse
461 713 673 814 possit
699 715 933 815 oratio.
967 714 1181 805 Quod
1214 712 1270 785 si
1299 741 1380 787 ea
1409 713 1481 785 in
1511 740 1794 813 quoque
1823 714 2240 788 animalium
2271 736 2371 788 est
2436 740 2473 798 9
2580 768 2585 773 -

283 828 528 919 virtus»,
553 855 693 927 qua
725 847 993 928 praestat
1014 848 1257 901 caetera
1281 827 1390 901 vel
1419 826 1780 928 pleraque,
1806 850 1886 933 ut
1911 830 1986 901 in
2015 827 2217 902 leone
2242 831 2373 903 im-

286 965 516 1045 pam,
542 943 615 1015 in
647 970 830 1042 equo
852 942 1205 1033 velocitas3
1237 943 1602 1017 hominem
1637 970 1842 1042 porro
1872 944 2133 1017 ratione
2162 964 2372 1044 atque

287 1059 592 1132 oratione
630 1057 961 1131 excellere
1000 1057 1258 1131 caeteris
1292 1079 1559 1131 certum
1599 1078 1737 1148 est3
1775 1085 1901 1130 cur
1937 1085 2081 1131 non
2117 1079 2263 1131 tam
2298 1059 2373 1131 in

287 1171 719 1271 eloquentia,
753 1198 968 1270 quam
1001 1171 1075 1243 in
1111 1172 1371 1245 ratione
1397 1172 1722 1251 virtutem
1762 1171 1822 1273 ej
1835 1199 1914 1243 us
1951 1198 2096 1245 esse
2129 1174 2374 1247 creda-

285 1286 490 1359 mus?
523 1307 842 1389 recteque
871 1286 1004 1359 hoc
1032 1287 1221 1386 apud
1251 1288 1665 1360 Ciceronem
1702 1286 2003 1359 disserit¹
2048 1289 2372 1361 Crassus:

286 1419 381 1476 est
411 1408 599 1474 enim
628 1401 1017 1504 eloquentia
1049 1431 1188 1476 una
1222 1405 1540 1503 quoedam
1567 1404 1655 1475 de
1684 1408 1960 1475 summis
1996 1403 2376 1477 virtutibus.

289 1517 380 1589 Et
424 1515 570 1617 ipse
616 1517 857 1590 Cicero
905 1516 980 1589 in
1023 1531 1190 1591 sua²
1229 1544 1562 1618 persona,
1611 1545 1775 1589 cum
1822 1516 1910 1589 ad
1960 1519 2256 1589 Brutum
2304 1519 2379 1592 in

293 1631 594 1734 epistolis
608 1628 665 1722 ³,
690 1652 843 1705 tum
864 1631 1014 1706 aliis
1031 1633 1242 1707 etiam
1262 1633 1430 1708 locis
1443 1631 1502 1724 4,
1521 1633 1845 1704 virtutem
1870 1658 2027 1703 eam
2053 1632 2377 1731 appellat.

288 1828 412 1882 pars
432 1848 450 1876 ‚
491 1828 606 1882 quae
641 1808 898 1862 fortitudo
935 1809 1146 1878 dicitur,
1181 1828 1293 1862 non
1375 1811 1553 1863 Locus
1573 1772 1840 1863 Ciceronis
1861 1809 1927 1862 de
1946 1812 2036 1863 Or.
2058 1811 2152 1875 m,
2176 1812 2237 1878 14
2254 1825 2380 1863 extr.

287 1907 609 1962 magnopere
632 1904 745 1943 erat
765 1891 821 1943 in
843 1892 1112 1944 Cicerone.

370 1988 412 2021 1.
438 1970 743 2043 Recteque...
768 1970 979 2023 disserit.
1008 1970 1169 2023 Goth.
1194 1988 1296 2042 que

290 2049 487 2106 omittit
502 2062 625 2120 post
645 2059 788 2100 recte.
809 2051 950 2100 JenS.
972 2046 1095 2120 (tac.
1112 2046 1296 2119 Gesn.)

288 2145 392 2199 pro
409 2126 605 2180 disserit
619 2125 783 2180 habet
798 2127 987 2179 dixerit
1002 2146 1127 2179 oum
1138 2130 1292 2180 Tarm

286 2211 478 2260 Vener.
514 2207 732 2279 aliisque
766 2206 885 2260 edd.
918 2207 1095 2261 multis
1122 2225 1296 2278 neque

286 2288 476 2359 paucis
500 2284 669 2338 codd.
699 2298 758 2337 ut
785 2299 837 2337 et
858 2288 1032 2338 Turic.
1064 2288 1178 2339 Nisi
1201 2286 1296 2338 ab·

283 2378 404 2432 est,
426 2377 486 2417 ut
512 2366 568 2417 in
593 2363 753 2419 Goth.
772 2403 789 2431 .,
817 2383 949 2438 que,
983 2367 1152 2418 oratio
1184 2383 1296 2418 non

286 2445 431 2498 beno
469 2443 713 2519 procedit
751 2447 808 2499 in
848 2459 1062 2518 recepta
1104 2459 1157 2499 ct
1197 2444 1298 2500 ali-

288 2537 494 2597 quanto
518 2523 729 2578 mollior
749 2523 935 2593 fuerit,
959 2527 1004 2578 si
1028 2526 1296 2598 scripseris

288 2606 511 2672 dixerit,
544 2619 605 2657 ut
627 2604 736 2657 hoc
760 2608 1046 2659 etiamnum
1070 2605 1137 2658 ad
1159 2607 1297 2676 figu-

286 2703 411 2737 ram
434 2682 792 2754 interrogandi
822 2686 1114 2757 pertineat,
1144 2688 1298 2755 cujus

285 2768 503 2837 signum
538 2776 769 2835 ponatur
800 2776 924 2837 post
958 2762 1118 2816 verba
1149 2765 1300 2817 Cice-

291 2847 460 2898 ronis,
484 2842 588 2897 Sed
610 2857 722 2895 tum
745 2862 811 2896 ne
833 2842 1070 2914 appellat
1087 2842 1300 2914 quidem

296 2928 356 2978 in
389 2924 639 2996 proximae
678 2923 947 2975 sententiae
979 2922 1085 2974 fine
1121 2921 1301 2992 legen-

295 3002 462 3069 dum,
482 3017 666 3054 verum
689 2998 939 3073 appellet,
967 3000 1113 3072 quod
1140 3013 1219 3052 eet
1245 3003 1302 3053 in

295 3078 461 3136 Goth.
497 3082 643 3133 Jens.
680 3079 812 3151 (tac.
851 3078 1044 3150 Gesn.)
1075 3083 1228 3132 Voss.
1268 3080 1302 3132 3

295 3160 361 3233 (2
382 3179 498 3213 uon
520 3156 859 3229 memoratur)
880 3161 1030 3211 Bern.
1043 3196 1060 3225 ‚
1082 3161 1304 3210 interro-

296 3238 461 3312 gandi
484 3241 691 3310 signum
713 3251 891 3290 autem
913 3251 966 3290 et
988 3236 1075 3290 hic
1097 3255 1304 3309 ponen-

298 3319 461 3383 dum
494 3332 548 3372 et
577 3321 748 3373 fateor
777 3331 943 3370 totam
973 3316 1111 3370 hanc
1139 3319 1306 3370 ratio·

297 3418 427 3451 nem
457 3396 586 3452 mihi
620 3397 778 3468 longe
813 3395 1108 3448 molliorem
1139 3394 1306 3448 videri

299 3488 518 3548 recepta
527 3513 545 3542 ‚
559 3475 652 3527 ubi
663 3513 680 3541 ,
692 3474 776 3528 vel
790 3488 1054 3548 expuncto
1067 3473 1160 3526 illo
1175 3491 1302 3545 que,

302 3556 482 3606 omnia
505 3555 658 3606 nimis
682 3567 806 3608 sunt
823 3554 1064 3626 abrupta.
1086 3557 1152 3607 Et
1168 3552 1308 3608 dixe-

302 3633 377 3686 rit
385 3646 436 3685 et
446 3632 674 3703 appellet
681 3632 884 3686 habent
892 3636 1073 3686 Locat.
1084 3647 1137 3685 et
1144 3634 1302 3685 Rusc.

301 3731 443 3786 quos
466 3710 600 3764 male
624 3711 855 3764 deseruit
880 3712 1088 3765 Badius·
1117 3713 1309 3783 Saepis-

300 3794 436 3846 sime
455 3791 674 3860 proxin
691 3791 832 3846 Mss.
855 3803 935 3843 eet
949 3809 1010 3844 ss.
1024 3788 1156 3844 Vide
1174 3793 1309 3843 Dm-

301 3869 466 3923 kenh.
492 3866 562 3920 ad
582 3868 690 3919 Liv.
711 3870 809 3932 Vl,
830 3885 924 3934 22,
950 3885 1038 3931 ¹03
1061 3872 1118 3921 it.
1144 3871 1311 3936 XXV,

309 3951 412 4017 24,
437 3950 485 4001 8.
508 3947 642 4000 Vide
664 3961 845 4001 notam
868 3946 935 3999 ad
959 3950 1029 4014 11,
1059 3966 1150 4016 12,
1175 3966 1311 4001 2.-

304 4031 418 4083 RR.
456 4045 511 4093 ι,
545 4024 576 4078 5
612 4040 663 4078 et
693 4027 888 4092 Cum,
918 4025 1118 4078 dixerit.
1151 4029 1213 4080 R.
1246 4044 1310 4095 2,

307 4107 431 4162 Cn.
461 4120 513 4159 et
540 4105 623 4158 ed.
655 4103 816 4157 Hack.
834 4142 852 4170 ‚
881 4103 1089 4158 disserit.
1123 4107 1216 4158 En.
1239 4133 1313 4145 —

309 4185 619 4258 Recteqtoe...
640 4184 850 4240 disserit.
866 4181 998 4238 Vide
1016 4184 1128 4242 init,
1153 4196 1308 4236 notae.

536 4288 579 4326 l.

1459 1906 1507 1942 2.
1539 1890 1708 1941 Cicero
1734 1889 1789 1940 in
1810 1906 1921 1942 sua.
1940 1888 2114 1941 Guelf.
2137 1902 2189 1941 et
2206 1892 2385 1942 Turio.

1383 1970 1634 2019 omittunt
1647 1968 1701 2018 in
1718 1986 1837 2018 cum
1855 1967 2032 2019 multis
2045 1966 2210 2021 libris.
2228 1971 2389 2021 Recte

1381 2049 1622 2121 fortasse.
1648 2049 2024 2119 Praeposteram
2047 2049 2190 2108 Jens.
2218 2050 2389 2120 scrip-

1383 2139 1554 2179 turam
1577 2144 1697 2178 cum
1719 2146 1811 2179 sua
1828 2165 1844 2191 ,
1873 2145 1985 2179 non
2011 2126 2210 2179 habent
2231 2129 2385 2181 Tarv.

1383 2206 1531 2278 (vide
1555 2208 1629 2274 11,
1653 2205 1713 2274 5,
1745 2205 1837 2277 16)
1861 2219 1913 2259 et
1929 2209 2152 2269 venet-3
2180 2206 2273 2259 sed
2297 2225 2390 2258 so·

1383 2285 1494 2337 lum
1515 2303 1609 2337 sua
1633 2284 1778 2337 dant.
1798 2286 1978 2336 Locat.
2001 2297 2053 2336 et
2072 2287 2229 2337 Rusc.
2251 2284 2391 2337 male

1383 2377 1631 2435 repetunt
1656 2364 2048 2417 Jensonianam.
2078 2391 2152 2402 —-
2175 2364 2238 2415 R.
2272 2379 2301 2414 2
2337 2376 2392 2416 et

1383 2444 1703 2512 Qm.‚sua.
1719 2447 1781 2497 R.
1810 2461 1988 2511 1‚cum
2007 2461 2131 2495 sua:
2154 2456 2207 2494 et
2223 2441 2390 2514 paulo

1383 2524 1548 2592 infra,
1570 2542 1669 2596 pro
1693 2520 1954 2597 appellat,
1979 2524 2042 2575 R.
2074 2540 2093 2575 1
2126 2535 2179 2575 et
2200 2523 2392 2592 Caua,

1386 2602 1632 2677 appellet.
1661 2605 1753 2656 Eo.

1455 2685 1508 2736 3.
1539 2683 1817 2736 Brutina...
1851 2683 2091 2756 epistolis.
2124 2685 2279 2736 Hunc
2305 2682 2392 2736 lo-

1387 2780 1510 2816 cum
1537 2765 1592 2816 in
1620 2763 1869 2835 Epistolis
1896 2763 1967 2816 ad
1998 2765 2246 2830 Brutum,
2277 2782 2391 2835 quae

1388 2855 1593 2895 aetatem
1621 2840 1854 2893 tulerunt
1868 2878 1885 2907 ‚
1916 2841 2109 2895 frustra
2141 2843 2394 2912 quaesive·

1387 2934 1512 2976 runt
1531 2925 1643 2975 VV.
1668 2923 1782 2974 DD.
1812 2923 1924 2974 Nec
1952 2923 2173 2987 mirum,
2199 2924 2246 2973 ci
2270 2939 2417 2994 vera*

1387 3002 1519 3054 vidit
1547 2999 1749 3070 Anglus
1780 3001 2087 3070 ingeniosus
2117 3001 2315 3071 pariter
2341 3013 2395 3052 et

1390 3081 1581 3133 doctus
1615 3077 2015 3132 Tunetallus‘in
2051 3076 2287 3150 Epistola
2320 3078 2395 3129 ‘ad

1389 3158 1778 3212 Middletonum
1796 3156 2116 3229 (Cantabris.
2143 3156 2296 3228 1741.
2319 3155 2397 3227 8.)

1393 3240 1484 3309 qui
1515 3255 1546 3289 a
1576 3257 1630 3309 p.
1668 3253 1765 3306 192
1799 3234 1867 3288 ad
1895 3235 1984 3287 fin.
2015 3233 2189 3289 voe-lae
2223 3235 2399 3303 arguit

1389 3315 1487 3368 has
1510 3315 1801 3387 Epistulas,
1826 3332 2074 3384 magnum
2095 3328 2282 3365 nactus
2304 3332 2397 3366 ac-

1393 3394 1679 3448 cusationis
1709 3391 2122 3464 subscriptorem
2144 3390 2397 3445 Ruhnke-

1391 3476 1539 3526 nium
1567 3473 1636 3525 ad
1662 3471 1846 3526 Vellei.
1876 3474 1953 3539 11,
1988 3489 2083 3540 12,
2115 3473 2166 3525 3.
2200 3473 2397 3527 Saltem

1396 3571 1510 3626 quae
1527 3551 1756 3624 plurima
1772 3551 1893 3605 loca
1910 3570 1974 3605 ex
1992 3551 2074 3604 his
2093 3553 2160 3604 ad
2180 3554 2399 3605 Brutum

1395 3631 1634 3704 epistolis
1648 3631 1804 3684 affert
1816 3631 2173 3702 Quintilianus
2183 3671 2200 3700 ‚
2218 3636 2401 3687 omnia

1396 3724 1521 3766 sunt
1538 3730 1568 3763 a
1585 3714 1697 3764 VV.
1718 3712 1832 3764 DD.
1851 3713 1989 3764 inter
2005 3712 2295 3782 fragmenta
2316 3731 2397 3764 re·

1396 3790 1522 3855 lata,
1533 3808 1641 3861 quo
1656 3792 1821 3841 utitur
1833 3791 1991 3842 etiam
2003 3792 2188 3843 Tunst.
2205 3810 2260 3860 p.
2279 3791 2393 3859 193.

1396 3868 1531 3922 Vide
1550 3865 1618 3919 ad
1637 3871 1686 3934 1,
1704 3868 1737 3922 5
1751 3906 1768 3935 ‚
1794 3868 1872 3934 14.
1895 3869 2025 3920 Sunt
2043 3870 2183 3920 enim
2204 3870 2401 3920 invicta

1396 3947 1506 4000 fere
1521 3946 1750 3998 historiae
1764 3960 2091 4017 argumenta,
2105 3946 2298 4016 quibus
2314 3946 2403 3998 ad·

1398 4028 1568 4076 oritur
1588 4026 1743 4076 istam
1764 4024 1832 4077 de
1853 4024 2080 4078 Messala
2103 4025 2399 4097 epistolam.

1471 4104 1521 4171 4.
1555 4103 1745 4160 Aliis...
1781 4103 1919 4158 locis.
1947 4106 2194 4158 Afferunt
2218 4109 2400 4161 Partit.

1400 4197 1531 4237 orat.
1550 4201 1596 4236 c.
1618 4183 1684 4238 23
1698 4185 1810 4238 init.
1825 4186 2005 4238 Recte.
2025 4186 2158 4238 Item
2169 4184 2333 4252 Acad.
2344 4187 2405 4253 1,

2051 4272 2119 4326 25

2420 1549 2484 1585 10
