3200 5150
587 469 1243 542 INSTITUTIONIS
1277 472 1535 539 oRAT.
1579 469 1741 537 Lm.
1785 473 1917 551 111,
1966 495 2064 538 ιι.
2251 470 2378 578 569

287 596 401 671 uhi
425 598 759 699 judicatio
799 618 899 670 est
913 587 963 669 ί.
1006 596 1308 668 Paulum
1349 596 1422 668 in
1464 595 1573 667 his
1611 621 1853 668 secum
1887 595 2097 668 etiam
2135 593 2386 686 Cicero„
2427 595 2490 663 '18

284 713 585 786 dissentit
609 744 627 804 ;
680 740 848 786 nam
907 712 982 785 in
1033 711 1452 804 Rhetoricis,
1505 710 2117 811 quemadmodum
2172 736 2385 811 supra

285 829 453 900 dixi²
470 885 489 918 ,
513 832 1027 929 Hermagoram
1058 845 1159 900 est
1179 848 1456 902 secutus
1470 857 1490 918 ;
1512 827 1587 899 in
1607 824 1957 927 Topicis3,
1979 853 2060 900 ex
2084 845 2265 899 statu
2289 825 2383 898 ef-

282 945 529 1017 fectam
547 944 1070 1018 contentionem
1094 956 1387 1036 κρινόμινον
1409 943 1782 1032 existimat3
1805 942 2017 1042 idque
2029 939 2385 1031 Trebatio,

286 1062 401 1161 qui
424 1062 602 1164 juris
628 1083 771 1135 erat
792 1060 1185 1152 consultuS,
1215 1059 1567 1152 alludenS,
1593 1088 1735 1164 qua
1757 1061 1841 1134 de
1869 1087 1944 1133 re
1969 1057 2244 1160 aqitur4
2268 1085 2391 1159 ap-

284 1176 523 1276 pellat:
559 1177 821 1277 quibus
849 1176 922 1249 id
952 1177 1422 1267 contineatur,
1446 1182 1900 1264 continentia,
1933 1176 2393 1277 quasifirma-

283 1309 509 1366 menta
538 1294 983 1392 defensionis,
1019 1290 1267 1394 quibus
1294 1290 1572 1366 sublatis
1602 1292 1904 1392 defensio
1938 1289 2131 1364 nulla
2162 1295 2266 1363 sit.
2301 1292 2393 1361 At
2435 1323 2499 1377 ¹9

282 1412 354 1481 in
390 1407 926 1482 Partitionibus—³·
956 1408 1268 1482 oratoriis
1279 1410 1840 1511 firmamentum,
1867 1395 2062 1507 quod
2092 1405 2394 1508 opponi-

283 1587 456 1641 Guelf.
484 1603 537 1640 et
559 1592 710 1641 Voss.
745 1605 766 1640 1
797 1589 1059 1660 scriptura
1079 1601 1293 1661 poterat
1385 1585 1509 1648 nis-3
1542 1588 1598 1638 it.
1637 1585 1704 1639 de
1736 1584 2027 1649 Formulis,
2061 1604 2117 1657 p.
2160 1583 2280 1656 ¹57)
2312 1584 2393 1648 iot,

282 1668 499 1719 inveniri
511 1705 528 1732 ,
557 1670 604 1720 si
629 1667 699 1718 ab
728 1680 964 1720 extremo
993 1676 1104 1718 erat
1128 1667 1296 1719 haus·
1391 1688 1415 1712 α
1434 1665 1687 1737 quoniam
1706 1665 1919 1738 quidem
1938 1664 2009 1716 ad
2023 1675 2072 1716 te
2087 1664 2274 1729 scribo,
2293 1682 2398 1735 qua

283 1760 395 1797 tum
432 1760 571 1798 esset
609 1756 731 1796 ante
766 1742 1090 1816 compendio
1130 1748 1297 1817 scrip·
1388 1768 1416 1792 ιι
1435 1745 1502 1798 de
1528 1765 1585 1799 re
1613 1749 1788 1817 agitur
1816 1745 2005 1798 vocari.
2035 1744 2122 1798 Ad
2144 1761 2400 1797 nauseam

284 1837 398 1876 tum
418 1862 435 1890 ‚
471 1843 499 1875 e
531 1837 708 1875 autem
730 1863 747 1890 ,
783 1822 1056 1876 residuum
1094 1842 1158 1876 ex
1194 1822 1296 1875 hac
1393 1846 1415 1870 ι
1436 1842 1630 1898 nempe
1650 1823 1963 1899 repetebant
1975 1821 2108 1876 illud
2121 1841 2400 1895 suumqua

280 1920 415 1954 voce
436 1940 453 1967 ,
478 1901 659 1954 locum
682 1900 913 1955 dedisset
933 1902 1006 1968 «ᾧ
1031 1910 1083 1952 et
1110 1920 1298 1974 super·
1395 1925 1417 1948 ιι
1436 1902 1501 1955 de
1525 1922 1578 1956 re
1598 1903 1777 1976 agitur
1793 1904 1939 1957 JCti:
1966 1901 2116 1974 quod
2133 1903 2309 1974 ipsum
2326 1903 2400 1953 ri-

281 1982 483 2052 scripto
514 1980 609 2032 sed
637 1979 764 2032 alibi
793 1998 954 2052 quam
978 1998 1078 2052 par
1104 1995 1217 2033 erat
1243 1984 1299 2034 in
1396 2004 1418 2026 u
1437 1978 1530 2033 det
1554 2000 1656 2054 pro
1685 1984 1890 2047 Mure,
1913 1999 1961 2033 c.
1993 1980 2088 2033 13:
2114 1981 2300 2053 Neque
2324 1990 2403 2032 ta-

284 2063 464 2113 Turic.
486 2090 558 2102 -
577 2063 639 2113 R.
672 2078 718 2126 1,
742 2071 853 2113 erat
873 2060 1155 2113 constituta
1173 2083 1187 2110 .-
1217 2060 1301 2113 hic
1397 2082 1419 2106 ιι
1438 2077 1559 2111 men
1577 2060 1868 2132 quidquam
1892 2070 1998 2111 tam
2016 2069 2235 2132 anguste
2249 2059 2404 2130 scrip-

278 2139 515 2211 quoestio.
537 2138 633 2191 Ed.
656 2140 818 2191 Caute.
833 2177 852 2206 ,
874 2148 987 2190 erat
1007 2137 1093 2190 hic
1109 2149 1164 2191 et
1182 2157 1303 2191 con-
1397 2160 1419 2186 ι
1442 2149 1551 2191 nam
1576 2151 1675 2205 est,
1700 2157 1805 2212 quo
1827 2157 1921 2211 eqo
1950 2157 2058 2191 non
2081 2140 2274 2209 possim
2299 2155 2404 2202 Qun

284 2218 472 2269 stituta
490 2217 719 2291 quaestio.
744 2218 838 2269 En.
1398 2240 1421 2263 n
1441 2234 1508 2271 nn
1524 2234 1592 2270 rut
1611 2234 1803 2271 miron
1824 2217 2028 2270 addere.
2053 2216 2158 2273 Sed
2176 2218 2305 2271 alias
2323 2232 2402 2270 ta-

366 2312 411 2346 1.
441 2296 616 2367 Quum
636 2314 811 2350 vero...
836 2296 925 2347 ubi
930 2296 1194 2369 judicatio
1211 2308 1299 2352 est.
1398 2318 1422 2344 ιι
1441 2302 1565 2349 men
1584 2322 1609 2345 ι
1650 2296 1823 2368 (Brut.
1868 2317 1913 2349 c.
1962 2315 2031 2367 79
2072 2296 2236 2368 extr.)
2283 2321 2305 2343 a
2327 2299 2403 2350 sic

272 2377 561 2431 Sententia
584 2375 697 2429 haec
720 2376 958 2429 videtur:
983 2377 1304 2450 Ubicunque
1398 2399 1422 2423 α
1443 2394 1660 2448 quoque
1682 2375 1866 2430 laudat
1887 2379 1964 2430 Μ.
1988 2376 2279 2431 Calidium:
2300 2394 2402 2439 oui

283 2476 315 2509 a
348 2456 525 2528 prima
563 2458 851 2527 quaestione
888 2475 1153 2511 recessum
1188 2471 1266 2511 est
1284 2495 1303 2525 ,
1399 2478 1421 2502 ι
1440 2474 1508 2510 ms
1533 2474 1601 2509 uz
1628 2473 1820 2511 torruit
1852 2470 2030 2510 autem
2060 2455 2226 2523 illud,
2258 2457 2404 2528 quod

278 2534 479 2589 eodem
517 2535 639 2588 loco
656 2574 675 2604 ,
713 2535 806 2589 ubi
843 2554 987 2590 nunc
1021 2550 1148 2610 post
1185 2556 1303 2590 eam
1398 2559 1421 2584 ιι
1441 2536 1622 2590 multis
1649 2536 1824 2592 locis
1809 2557 1867 2591 tn
1891 2538 2143 2592 Jctomm
2172 2537 2404 2593 includi-

276 2616 697 2687 digressionem,
722 2631 801 2669 est
817 2617 1108 2689 judicatio,
1133 2637 1303 2689 quaes-
1397 2617 1817 2690 «mr-formulis,
1837 2629 1930 2670 et»
1954 2616 2084 2690 (pro
2103 2617 2209 2671 hoc
2233 2617 2290 2669 id
2311 2617 2403 2670 dat

278 2698 361 2748 tio
389 2695 551 2747 etiam
575 2712 689 2747 esse
718 2693 945 2748 dicenda
975 2708 1070 2748 est.
1102 2697 1186 2751 Sic
1210 2715 1302 2750 ce·
1391 2700 1514 2751 Em,
1533 2696 1668 2750 Vide
1686 2698 1905 2751 Wetzel.
1927 2696 1997 2750 ad
2015 2697 2070 2749 h,
2093 2696 2309 2768 1.·)·ubi
2329 2717 2404 2750 es-

276 2777 365 2849 pit
391 2773 698 2847 Gedoynus.
730 2773 834 2826 Sed
862 2773 1044 2826 locum
1069 2794 1181 2827 non
1208 2795 1302 2828 us-
1398 2787 1538 2840 «set,
1561 2775 1825 2827 videbat.»
1849 2776 2131 2829 Gesnertts.
2157 2778 2239 2829 Ne
2261 2777 2400 2829 forte

275 2872 606 2927 quequaque
639 2872 828 2906 sanum
855 2868 1009 2927 puto.
1031 2853 1166 2909 Vide
1198 2874 1303 2911 no·
1390 2856 1746 2907 recentiorum
1778 2854 2132 2921 locutionem,
2169 2854 2404 2907 alludere

272 2948 393 2986 tam
421 2931 837 3003 praecedentem,
859 2944 1048 2985 erat....
1067 2934 1299 3007 quoestio.
1391 2933 1462 2985 ad
1491 2932 1724 3006 aliquid,
1755 2953 1820 2986 ex
1844 2947 2031 2986 nostro
2058 2934 2183 2986 loco
2212 2932 2402 2987 defen-

356 3032 408 3066 2.
435 3013 608 3083 Supra
626 3012 753 3064 dixi.
770 3013 948 3064 Turic.
968 3013 1201 3085 superius
1217 3012 1268 3064 d.
1281 3050 1300 3079 ,
1392 3012 1517 3080 das,
1539 3013 1661 3067 vide
1684 3013 1842 3067 Thes.
1866 3015 2026 3068 Gesn.

266 3113 409 3147 cum
453 3091 590 3144 Alm.
632 3121 696 3137 --
736 3093 907 3164 Supra
946 3091 1074 3143 dixi.
1113 3093 1304 3144 Utrum
1464 3094 1514 3161 4.
1545 3092 1664 3165 Qua
1685 3092 1750 3144 de
1777 3112 1828 3144 re
1848 3094 2039 3166 agitur.
2063 3092 2226 3146 Goth.
2251 3094 2398 3148 Jens.

268 3190 449 3246 supra
505 3171 636 3225 dixit
696 3174 1030 3241 Hermagora
1084 3172 1302 3242 vestigia
1390 3170 1514 3243 (tac.
1532 3172 1718 3243 Gesn.)
1732 3171 1914 3246 dequa
1929 3190 2077 3246 ηας.
2090 3209 2108 3238 ,
2131 3190 2257 3225 cum
2275 3173 2398 3226 edd.

261 3255 541 3330 pressisse
561 3254 901 3319 Ciceronem,
927 3270 995 3304 an
1014 3252 1300 3322 significat,
1391 3266 1516 3305 ante
1537 3251 1659 3305 Ald.
1685 3271 1790 3305 sec.
1822 3254 1950 3304 meis
1978 3252 2260 3319 omnibus,
2284 3271 2395 3306 exc.

263 3355 364 3400 ea,
397 3351 518 3404 quae
552 3352 710 3404 supra
744 3331 833 3403 (h.
872 3352 918 3385 e.
954 3331 1117 3383 modo
1151 3333 1199 3399 5.
1239 3348 1301 3384 to
1389 3331 1510 3386 Ald.
1531 3351 1642 3404 pr.,
1662 3332 1816 3385 male.
1837 3334 1965 3385 Mox
1983 3333 2143 3386 etiam
2164 3351 2267 3403 pro
2290 3332 2397 3405 def.

263 3410 462 3486 seqq.)
492 3431 521 3464 e
558 3411 855 3465 Rhetoricis
888 3412 995 3465 Cic.
1033 3409 1301 3478 attulerit,
1391 3409 1545 3463 nulla
1579 3410 1647 3463 sit
1680 3410 1841 3464 Goth.
1874 3409 2000 3480 (tac.
2034 3410 2219 3481 Gesn.)
2255 3411 2307 3463 d.
2343 3432 2396 3464 n.

263 3513 399 3548 esse
421 3510 484 3544 ex
498 3494 853 3562 Hermagorea
867 3490 1173 3563 disciplina?
1185 3491 1301 3542 Hoc
1376 3487 1478 3563 fit,
1504 3509 1629 3543 cum
1652 3494 1805 3543 Voss.
1836 3509 1863 3543 a
1878 3528 1895 3555 ,
1916 3489 2098 3542 itidem
2122 3489 2277 3544 male.

262 3577 457 3628 verius
477 3572 666 3636 cred03
690 3576 771 3626 sin
789 3571 926 3625 illud
948 3585 1056 3638 est,
1076 3572 1300 3642 accipie·
1463 3567 1512 3622 5.
1547 3568 1616 3619 In
1650 3568 2039 3621 Partitionibus.
2072 3569 2131 3621 C.
2169 3587 2236 3638 ²9
2269 3585 2397 3622 extr.

265 3672 403 3706 mus
429 3670 586 3723 supra
610 3651 678 3703 de
702 3651 825 3705 loco
851 3654 947 3717 111,
971 3651 1033 3716 6,
1058 3650 1142 3720 59.
1256 3638 1262 3647 ’
1390 3650 1445 3700 in
1471 3667 1577 3720 quo
1602 3649 1725 3701 loco
1749 3648 1907 3701 verba
1937 3670 1961 3694 a
1980 3648 2284 3722 depellendi
2307 3652 2402 3700 cri-

352 3731 413 3784 3.
458 3732 525 3782 In
572 3730 791 3801 Topicis.
833 3732 891 3782 C.
936 3728 1001 3782 25
1024 3751 1036 3780 :
1083 3752 1105 3774 κ
1127 3727 1302 3781 Verba
1397 3749 1421 3773 α
1440 3730 1595 3781 minis
1620 3746 1781 3781 causa
1801 3753 1824 3775 u
1854 3741 1977 3799 post
2005 3750 2028 3774 ι
2048 3726 2118 3780 ad
2143 3746 2398 3781 recusan-

271 3836 297 3859 a
326 3808 531 3881 quibus
548 3806 732 3860 alludit
747 3807 998 3861 Trebatio
1012 3845 1028 3873 ,
1044 3807 1097 3858 h.
1115 3825 1160 3859 e.
1180 3825 1301 3861 cum
1397 3828 1420 3852 ιι
1440 3805 1569 3859 dum
1588 3831 1611 3854 a·
1640 3807 2102 3878 Capperonnerius
2125 3825 2237 3858 non
2261 3805 2396 3859 male

272 3916 297 3936 a
323 3887 429 3940 illo
462 3890 695 3956 jocatur,
728 3886 840 3938 hoec
879 3897 1039 3937 sunt:
1078 3886 1208 3954 Quoe
1241 3904 1303 3938 ex
1388 3886 1718 3956 glossematis
1738 3887 1924 3955 arguit.
1946 3886 2200 3937 Dissentit
2218 3903 2397 3938 secum

275 3992 301 4014 «ι
327 3975 478 4020 statu
492 3965 754 4017 contentio
769 3961 1015 4037 efficitur,
1032 3980 1147 4015 eam
1168 3965 1304 4015 Groe-
1390 3963 1577 4016 Cicero
1615 3967 1671 4017 in
1690 3962 2021 4036 firmamenti
2053 3962 2393 4021 definitione.

271 4072 299 4093 a
324 4045 386 4096 ci
422 4039 667 4111 κρινὸμινον
706 4053 909 4094 vocant.
943 4040 1084 4094 Mihi
1115 4057 1302 4094 vuum*
1392 4042 1537 4114 quod
1572 4045 1629 4096 in
1665 4043 1961 4096 Rhetoricis
1996 4041 2135 4113 (vide
2173 4041 2217 4113 §.
2254 4043 2310 4114 9)
2343 4060 2396 4097 et

268 4150 300 4172 a
328 4124 507 4194 (nota
555 4121 834 4173 formulam
885 4123 1137 4173 JCtorum
1157 4144 1179 4168 ν
1233 4119 1301 4173 de
1388 4124 1603 4194 Topicis
1624 4119 1699 4192 (§.
1729 4122 1823 4193 18)
1846 4119 2114 4174 defensori
2134 4124 2395 4192 assignat,

266 4222 402 4277 qua
418 4201 539 4257 vide
559 4203 879 4255 Brissonium
899 4200 969 4253 de
986 4199 1180 4259 Verbb.
1206 4202 1303 4272 sig-
1389 4203 1445 4253 in
1472 4203 1672 4253 Partitt.
1705 4220 1828 4255 vero
1861 4203 2174 4255 accusatori.
2208 4203 2394 4255 Poste-
