<?xml version="1.0" encoding="UTF-8"?>
<!DOCTYPE html PUBLIC "-//W3C//DTD XHTML 1.0 Transitional//EN"
    "http://www.w3.org/TR/xhtml1/DTD/xhtml1-transitional.dtd">
<html xmlns="http://www.w3.org/1999/xhtml" xml:lang="en" lang="en">
 <head>
  <title>
</title>
<meta http-equiv="Content-Type" content="text/html;charset=utf-8" />
  <meta name='ocr-system' content='tesseract 3.04.00' />
  <meta name='ocr-capabilities' content='ocr_page ocr_carea ocr_par ocr_line ocrx_word'/>
</head>
<body>
  <div class='ocr_page' id='page_1' title='image "./deinstitutioneo12quingoog_0425.png"; bbox 0 0 3200 5150; ppageno 0'>
   <div class='ocr_carea' id='block_1_1' title="bbox 599 487 2028 567">
    <p class='ocr_par' dir='ltr' id='par_1_1' title="bbox 599 487 2028 567">
     <span class='ocr_line' id='line_1_1' title="bbox 599 487 2028 567; baseline -0.007 -4"><span class='ocrx_word' id='word_1_1' title='bbox 599 488 1255 563; x_wconf 76' lang='lat' dir='ltr'>INSTITUTIONIS</span> <span class='ocrx_word' id='word_1_2' title='bbox 1287 487 1545 556; x_wconf 82' lang='lat' dir='ltr'><strong>ORAT.</strong></span> <span class='ocrx_word' id='word_1_3' title='bbox 1584 487 1751 554; x_wconf 74' lang='lat' dir='ltr'><strong>Lm.</strong></span> <span class='ocrx_word' id='word_1_4' title='bbox 1789 487 1926 567; x_wconf 85' lang='grc' dir='ltr'><strong>ΙΙΙ,</strong></span> <span class='ocrx_word' id='word_1_5' title='bbox 1972 512 2028 554; x_wconf 88' lang='grc' dir='ltr'><strong>ι.</strong></span> 
     </span>
    </p>
   </div>
   <div class='ocr_carea' id='block_1_2' title="bbox 2235 489 2362 580">
    <p class='ocr_par' dir='ltr' id='par_1_2' title="bbox 2235 489 2362 580">
     <span class='ocr_line' id='line_1_2' title="bbox 2235 489 2362 580; baseline 0 0"><span class='ocrx_word' id='word_1_6' title='bbox 2235 489 2362 580; x_wconf 80' lang='lat'><strong>³99</strong></span> 
     </span>
    </p>
   </div>
   <div class='ocr_carea' id='block_1_3' title="bbox 473 665 1873 925">
    <p class='ocr_par' dir='ltr' id='par_1_3' title="bbox 473 665 1873 925">
     <span class='ocr_line' id='line_1_3' title="bbox 480 665 1682 746; baseline -0.007 -19"><span class='ocrx_word' id='word_1_7' title='bbox 480 675 558 727; x_wconf 79' lang='lat' dir='ltr'><strong>Ac</strong></span> <span class='ocrx_word' id='word_1_8' title='bbox 577 672 742 727; x_wconf 74' lang='lat' dir='ltr'><strong>veluti</strong></span> <span class='ocrx_word' id='word_1_9' title='bbox 764 674 941 746; x_wconf 84' lang='lat' dir='ltr'><strong>pueris</strong></span> <span class='ocrx_word' id='word_1_10' title='bbox 966 668 1230 724; x_wconf 81' lang='lat' dir='ltr'><strong>absinthia</strong></span> <span class='ocrx_word' id='word_1_11' title='bbox 1252 681 1387 721; x_wconf 87' lang='lat' dir='ltr'><strong>tetra</strong></span> <span class='ocrx_word' id='word_1_12' title='bbox 1410 665 1682 720; x_wconf 67' lang='lat' dir='ltr'><strong>medentes</strong></span> 
     </span>
     <span class='ocr_line' id='line_1_4' title="bbox 476 755 1873 833; baseline -0.006 -17"><span class='ocrx_word' id='word_1_13' title='bbox 476 762 658 833; x_wconf 85' lang='lat' dir='ltr'><strong>Quum</strong></span> <span class='ocrx_word' id='word_1_14' title='bbox 679 760 809 814; x_wconf 85' lang='lat' dir='ltr'><strong>dare</strong></span> <span class='ocrx_word' id='word_1_15' title='bbox 830 772 1111 827; x_wconf 60' lang='lat' dir='ltr'><strong>conantur,</strong></span> <span class='ocrx_word' id='word_1_16' title='bbox 1135 759 1281 831; x_wconf 81' lang='lat' dir='ltr'><strong>priua</strong></span> <span class='ocrx_word' id='word_1_17' title='bbox 1305 768 1426 809; x_wconf 66' lang='lat' dir='ltr'><strong>oras</strong></span> <span class='ocrx_word' id='word_1_18' title='bbox 1439 755 1648 829; x_wconf 74' lang='lat' dir='ltr'><strong>‘pocula</strong></span> <span class='ocrx_word' id='word_1_19' title='bbox 1669 755 1873 811; x_wconf 63' lang='lat' dir='ltr'><strong>eti-eim</strong></span> 
     </span>
     <span class='ocr_line' id='line_1_5' title="bbox 473 844 1622 925; baseline -0.006 -21"><span class='ocrx_word' id='word_1_20' title='bbox 473 852 727 925; x_wconf 76' lang='lat' dir='ltr'><strong>Aspirant</strong></span> <span class='ocrx_word' id='word_1_21' title='bbox 750 849 923 904; x_wconf 87' lang='lat' dir='ltr'><strong>mellis</strong></span> <span class='ocrx_word' id='word_1_22' title='bbox 944 846 1092 902; x_wconf 82' lang='lat' dir='ltr'><strong>dulci</strong></span> <span class='ocrx_word' id='word_1_23' title='bbox 1113 846 1360 920; x_wconf 75' lang='lat' dir='ltr'><strong>flavoque</strong></span> <span class='ocrx_word' id='word_1_24' title='bbox 1381 844 1622 918; x_wconf 77' lang='lat' dir='ltr'><strong>liquore,</strong></span> 
     </span>
    </p>
   </div>
   <div class='ocr_carea' id='block_1_4' title="bbox 254 999 2475 1917">
    <p class='ocr_par' dir='ltr' id='par_1_4' title="bbox 254 999 2475 1917">
     <span class='ocr_line' id='line_1_6' title="bbox 264 999 2475 1110; baseline -0.003 -30"><span class='ocrx_word' id='word_1_25' title='bbox 264 1026 333 1080; x_wconf 87' lang='lat' dir='ltr'><strong>et</strong></span> <span class='ocrx_word' id='word_1_26' title='bbox 369 1031 525 1107; x_wconf 80' lang='lat' dir='ltr'><strong>quae</strong></span> <span class='ocrx_word' id='word_1_27' title='bbox 571 1024 962 1110; x_wconf 85' lang='lat' dir='ltr'><strong>sequuntur</strong></span> <span class='ocrx_word' id='word_1_28' title='bbox 984 1017 1034 1077; x_wconf 85' lang='lat'><strong>¹.</strong></span> <span class='ocrx_word' id='word_1_29' title='bbox 1076 1002 1214 1078; x_wconf 81' lang='lat' dir='ltr'><strong>sed</strong></span> <span class='ocrx_word' id='word_1_30' title='bbox 1246 1030 1379 1078; x_wconf 87' lang='lat' dir='ltr'><strong>nos</strong></span> <span class='ocrx_word' id='word_1_31' title='bbox 1404 1027 1752 1093; x_wconf 85' lang='lat' dir='ltr'><strong>veremur,</strong></span> <span class='ocrx_word' id='word_1_32' title='bbox 1796 1026 1886 1074; x_wconf 90' lang='lat' dir='ltr'><strong>ne</strong></span> <span class='ocrx_word' id='word_1_33' title='bbox 1923 1013 2222 1101; x_wconf 83' lang='lat' dir='ltr'><strong>parum²</strong></span> <span class='ocrx_word' id='word_1_34' title='bbox 2249 999 2367 1074; x_wconf 88' lang='lat' dir='ltr'><strong>hic</strong></span> <span class='ocrx_word' id='word_1_35' title='bbox 2442 1012 2475 1065; x_wconf 79' lang='lat'>⁵</span> 
     </span>
     <span class='ocr_line' id='line_1_7' title="bbox 259 1115 2373 1211; baseline -0.002 -17"><span class='ocrx_word' id='word_1_36' title='bbox 259 1119 439 1194; x_wconf 90' lang='lat' dir='ltr'><strong>liber</strong></span> <span class='ocrx_word' id='word_1_37' title='bbox 455 1120 717 1211; x_wconf 88' lang='lat' dir='ltr'><strong>mellis,</strong></span> <span class='ocrx_word' id='word_1_38' title='bbox 741 1142 809 1193; x_wconf 90' lang='lat' dir='ltr'><strong>et</strong></span> <span class='ocrx_word' id='word_1_39' title='bbox 832 1115 1206 1193; x_wconf 79' lang='lat' dir='ltr'><strong>absinthii³</strong></span> <span class='ocrx_word' id='word_1_40' title='bbox 1236 1117 1546 1192; x_wconf 90' lang='lat' dir='ltr'><strong>multum</strong></span> <span class='ocrx_word' id='word_1_41' title='bbox 1566 1117 1867 1209; x_wconf 74' lang='lat' dir='ltr'><strong>,habere</strong></span> <span class='ocrx_word' id='word_1_42' title='bbox 1890 1115 2229 1207; x_wconf 82' lang='lat' dir='ltr'><strong>videatur,</strong></span> <span class='ocrx_word' id='word_1_43' title='bbox 2253 1115 2373 1190; x_wconf 88' lang='lat' dir='ltr'><strong>sit-</strong></span> 
     </span>
     <span class='ocr_line' id='line_1_8' title="bbox 259 1231 2370 1338; baseline -0.001 -29"><span class='ocrx_word' id='word_1_44' title='bbox 259 1261 400 1337; x_wconf 86' lang='lat' dir='ltr'><strong>que</strong></span> <span class='ocrx_word' id='word_1_45' title='bbox 436 1233 825 1309; x_wconf 79' lang='lat' dir='ltr'><strong>salubrior4</strong></span> <span class='ocrx_word' id='word_1_46' title='bbox 858 1233 1133 1325; x_wconf 84' lang='lat' dir='ltr'><strong>studiis,</strong></span> <span class='ocrx_word' id='word_1_47' title='bbox 1168 1260 1385 1338; x_wconf 90' lang='lat' dir='ltr'><strong>quam</strong></span> <span class='ocrx_word' id='word_1_48' title='bbox 1420 1232 1693 1307; x_wconf 85' lang='lat' dir='ltr'><strong>dulcior</strong></span> <span class='ocrx_word' id='word_1_49' title='bbox 1713 1263 1732 1324; x_wconf 84' lang='lat'>3</span> <span class='ocrx_word' id='word_1_50' title='bbox 1770 1231 1945 1333; x_wconf 91' lang='lat' dir='ltr'><strong>quin</strong></span> <span class='ocrx_word' id='word_1_51' title='bbox 1984 1231 2193 1306; x_wconf 83' lang='lat' dir='ltr'><strong>etiam</strong></span> <span class='ocrx_word' id='word_1_52' title='bbox 2232 1231 2370 1306; x_wconf 89' lang='lat' dir='ltr'><strong>hoc</strong></span> 
     </span>
     <span class='ocr_line' id='line_1_9' title="bbox 255 1346 2371 1451; baseline -0.001 -26"><span class='ocrx_word' id='word_1_53' title='bbox 255 1352 506 1440; x_wconf 87' lang='lat' dir='ltr'><strong>timeo,</strong></span> <span class='ocrx_word' id='word_1_54' title='bbox 532 1377 624 1424; x_wconf 91' lang='lat' dir='ltr'><strong>ne</strong></span> <span class='ocrx_word' id='word_1_55' title='bbox 653 1377 736 1424; x_wconf 86' lang='lat' dir='ltr'><strong>ex</strong></span> <span class='ocrx_word' id='word_1_56' title='bbox 763 1377 846 1424; x_wconf 90' lang='lat' dir='ltr'><strong>eo</strong></span> <span class='ocrx_word' id='word_1_57' title='bbox 876 1351 1227 1426; x_wconf 81' lang='lat' dir='ltr'><strong>minorem</strong></span> <span class='ocrx_word' id='word_1_58' title='bbox 1252 1348 1545 1451; x_wconf 75' lang='lat' dir='ltr'>gratiam</span> <span class='ocrx_word' id='word_1_59' title='bbox 1570 1348 1793 1438; x_wconf 86' lang='lat' dir='ltr'><strong>ineat,</strong></span> <span class='ocrx_word' id='word_1_60' title='bbox 1823 1346 2014 1450; x_wconf 90' lang='lat' dir='ltr'><strong>quod</strong></span> <span class='ocrx_word' id='word_1_61' title='bbox 2036 1346 2371 1451; x_wconf 82' lang='lat' dir='ltr'><strong>pleraque</strong></span> 
     </span>
     <span class='ocr_line' id='line_1_10' title="bbox 254 1462 2363 1567; baseline -0.002 -26"><span class='ocrx_word' id='word_1_62' title='bbox 254 1492 404 1541; x_wconf 88' lang='lat' dir='ltr'><strong>non</strong></span> <span class='ocrx_word' id='word_1_63' title='bbox 449 1465 729 1539; x_wconf 83' lang='lat' dir='ltr'><strong>inventa</strong></span> <span class='ocrx_word' id='word_1_64' title='bbox 768 1493 894 1567; x_wconf 88' lang='lat' dir='ltr'><strong>per</strong></span> <span class='ocrx_word' id='word_1_65' title='bbox 933 1493 1084 1559; x_wconf 88' lang='lat' dir='ltr'><strong>me,</strong></span> <span class='ocrx_word' id='word_1_66' title='bbox 1128 1465 1250 1540; x_wconf 85' lang='lat' dir='ltr'><strong>sed</strong></span> <span class='ocrx_word' id='word_1_67' title='bbox 1287 1465 1377 1538; x_wconf 80' lang='lat' dir='ltr'><strong>ab</strong></span> <span class='ocrx_word' id='word_1_68' title='bbox 1415 1463 1566 1538; x_wconf 84' lang='lat' dir='ltr'><strong>aliis</strong></span> <span class='ocrx_word' id='word_1_69' title='bbox 1608 1462 1891 1553; x_wconf 85' lang='lat' dir='ltr'><strong>tradita,</strong></span> <span class='ocrx_word' id='word_1_70' title='bbox 1933 1463 2363 1538; x_wconf 86' lang='lat' dir='ltr'><strong>continebit:</strong></span> 
     </span>
     <span class='ocr_line' id='line_1_11' title="bbox 256 1581 2367 1687; baseline -0 -30"><span class='ocrx_word' id='word_1_71' title='bbox 256 1583 514 1657; x_wconf 86' lang='lat' dir='ltr'><strong>haheat</strong></span> <span class='ocrx_word' id='word_1_72' title='bbox 535 1584 743 1658; x_wconf 87' lang='lat' dir='ltr'><strong>etiam</strong></span> <span class='ocrx_word' id='word_1_73' title='bbox 768 1583 1145 1687; x_wconf 82' lang='lat' dir='ltr'><strong>quosdam,</strong></span> <span class='ocrx_word' id='word_1_74' title='bbox 1167 1584 1292 1687; x_wconf 91' lang='lat' dir='ltr'><strong>qui</strong></span> <span class='ocrx_word' id='word_1_75' title='bbox 1315 1605 1555 1659; x_wconf 90' lang='lat' dir='ltr'><strong>contra</strong></span> <span class='ocrx_word' id='word_1_76' title='bbox 1582 1582 1883 1657; x_wconf 81' lang='lat' dir='ltr'><strong>sentiant</strong></span> <span class='ocrx_word' id='word_1_77' title='bbox 1910 1601 1979 1657; x_wconf 90' lang='lat' dir='ltr'><strong>et</strong></span> <span class='ocrx_word' id='word_1_78' title='bbox 2005 1581 2367 1656; x_wconf 86' lang='lat' dir='ltr'><strong>adversen-</strong></span> 
     </span>
     <span class='ocr_line' id='line_1_12' title="bbox 257 1696 2368 1801; baseline -0 -29"><span class='ocrx_word' id='word_1_79' title='bbox 257 1721 397 1789; x_wconf 85' lang='lat' dir='ltr'><strong>tur,</strong></span> <span class='ocrx_word' id='word_1_80' title='bbox 435 1721 798 1801; x_wconf 88' lang='lat' dir='ltr'><strong>propterea</strong></span> <span class='ocrx_word' id='word_1_81' title='bbox 825 1700 1018 1800; x_wconf 86' lang='lat' dir='ltr'><strong>quod</strong></span> <span class='ocrx_word' id='word_1_82' title='bbox 1058 1699 1345 1799; x_wconf 86' lang='lat' dir='ltr'><strong>plurimi</strong></span> <span class='ocrx_word' id='word_1_83' title='bbox 1379 1720 1729 1788; x_wconf 66' lang='lat' dir='ltr'><strong>auctores»,</strong></span> <span class='ocrx_word' id='word_1_84' title='bbox 1759 1696 2078 1798; x_wconf 81' lang='lat' dir='ltr'><strong>quamvis</strong></span> <span class='ocrx_word' id='word_1_85' title='bbox 2115 1696 2368 1771; x_wconf 88' lang='lat' dir='ltr'><strong>eodem</strong></span> 
     </span>
     <span class='ocr_line' id='line_1_13' title="bbox 257 1810 2366 1917; baseline 0 -33"><span class='ocrx_word' id='word_1_86' title='bbox 257 1811 658 1905; x_wconf 88' lang='lat' dir='ltr'><strong>tenderent,</strong></span> <span class='ocrx_word' id='word_1_87' title='bbox 698 1813 997 1917; x_wconf 79' lang='lat' dir='ltr'><strong>diversas</strong></span> <span class='ocrx_word' id='word_1_88' title='bbox 1037 1833 1277 1887; x_wconf 83' lang='lat' dir='ltr'><strong>tamen</strong></span> <span class='ocrx_word' id='word_1_89' title='bbox 1316 1813 1461 1887; x_wconf 85' lang='lat' dir='ltr'><strong>vias</strong></span> <span class='ocrx_word' id='word_1_90' title='bbox 1499 1810 1992 1901; x_wconf 80' lang='lat' dir='ltr'><strong>munierunt⁵,</strong></span> <span class='ocrx_word' id='word_1_91' title='bbox 2041 1832 2248 1913; x_wconf 89' lang='lat' dir='ltr'><strong>atque</strong></span> <span class='ocrx_word' id='word_1_92' title='bbox 2290 1812 2366 1885; x_wconf 91' lang='lat' dir='ltr'><strong>in</strong></span> 
     </span>
    </p>
   </div>
   <div class='ocr_carea' id='block_1_5' title="bbox 248 2002 1272 3410">
    <p class='ocr_par' dir='ltr' id='par_1_5' title="bbox 255 2002 1272 2211">
     <span class='ocr_line' id='line_1_14' title="bbox 336 2002 1272 2076; baseline 0.001 -23"><span class='ocrx_word' id='word_1_93' title='bbox 336 2017 381 2054; x_wconf 81' lang='grc' dir='ltr'><strong>ι.</strong></span> <span class='ocrx_word' id='word_1_94' title='bbox 421 2003 496 2054; x_wconf 77' lang='lat' dir='ltr'><strong>Ec</strong></span> <span class='ocrx_word' id='word_1_95' title='bbox 529 2018 648 2075; x_wconf 79' lang='lat' dir='ltr'><strong>quoe</strong></span> <span class='ocrx_word' id='word_1_96' title='bbox 686 2011 987 2076; x_wconf 70' lang='lat' dir='ltr'><strong>sequuntur.</strong></span> <span class='ocrx_word' id='word_1_97' title='bbox 1024 2002 1272 2074; x_wconf 79' lang='lat' dir='ltr'><strong>Sequitur</strong></span> 
     </span>
     <span class='ocr_line' id='line_1_15' title="bbox 259 2079 1269 2154; baseline -0.003 -17"><span class='ocrx_word' id='word_1_98' title='bbox 259 2082 403 2137; x_wconf 84' lang='lat' dir='ltr'><strong>enim</strong></span> <span class='ocrx_word' id='word_1_99' title='bbox 419 2079 564 2154; x_wconf 83' lang='lat' dir='ltr'><strong>apud</strong></span> <span class='ocrx_word' id='word_1_100' title='bbox 573 2082 879 2135; x_wconf 86' lang='lat' dir='ltr'><strong>Lucretium</strong></span> <span class='ocrx_word' id='word_1_101' title='bbox 890 2119 908 2149; x_wconf 89' lang='lat'>‚</span> <span class='ocrx_word' id='word_1_102' title='bbox 920 2097 1028 2153; x_wconf 88' lang='lat' dir='ltr'><strong>quo</strong></span> <span class='ocrx_word' id='word_1_103' title='bbox 1043 2081 1269 2134; x_wconf 86' lang='lat' dir='ltr'><strong>consilio</strong></span> 
     </span>
     <span class='ocr_line' id='line_1_16' title="bbox 255 2158 501 2211; baseline 0.004 -1"><span class='ocrx_word' id='word_1_104' title='bbox 255 2158 366 2210; x_wconf 85' lang='lat' dir='ltr'><strong>hoc</strong></span> <span class='ocrx_word' id='word_1_105' title='bbox 391 2158 501 2211; x_wconf 81' lang='lat' dir='ltr'><strong>flat.</strong></span> 
     </span>
    </p>

    <p class='ocr_par' dir='ltr' id='par_1_6' title="bbox 252 2236 1269 2545">
     <span class='ocr_line' id='line_1_17' title="bbox 331 2236 1269 2311; baseline 0.001 -21"><span class='ocrx_word' id='word_1_106' title='bbox 331 2254 380 2291; x_wconf 98' lang='grc'><strong>2.</strong></span> <span class='ocrx_word' id='word_1_107' title='bbox 415 2239 670 2291; x_wconf 81' lang='lat' dir='ltr'><strong>Parum...</strong></span> <span class='ocrx_word' id='word_1_108' title='bbox 695 2236 945 2292; x_wconf 76' lang='lat' dir='ltr'><strong>multum.</strong></span> <span class='ocrx_word' id='word_1_109' title='bbox 968 2240 1269 2311; x_wconf 82' lang='lat' dir='ltr'><strong>Opponun·</strong></span> 
     </span>
     <span class='ocr_line' id='line_1_18' title="bbox 252 2314 1263 2389; baseline 0 -21"><span class='ocrx_word' id='word_1_110' title='bbox 252 2329 345 2369; x_wconf 80' lang='lat' dir='ltr'><strong>tur</strong></span> <span class='ocrx_word' id='word_1_111' title='bbox 377 2314 694 2389; x_wconf 80' lang='lat' dir='ltr'><strong>plerumque</strong></span> <span class='ocrx_word' id='word_1_112' title='bbox 726 2333 975 2389; x_wconf 81' lang='lat' dir='ltr'><strong>parum...</strong></span> <span class='ocrx_word' id='word_1_113' title='bbox 1019 2316 1263 2371; x_wconf 62' lang='lat' dir='ltr'><strong>affinium.</strong></span> 
     </span>
     <span class='ocr_line' id='line_1_19' title="bbox 252 2393 1265 2469; baseline -0.003 -20"><span class='ocrx_word' id='word_1_114' title='bbox 252 2393 360 2449; x_wconf 77' lang='lat' dir='ltr'><strong>sed</strong></span> <span class='ocrx_word' id='word_1_115' title='bbox 384 2409 435 2447; x_wconf 90' lang='lat' dir='ltr'><strong>et</strong></span> <span class='ocrx_word' id='word_1_116' title='bbox 455 2395 581 2448; x_wconf 85' lang='lat' dir='ltr'><strong>alibi</strong></span> <span class='ocrx_word' id='word_1_117' title='bbox 595 2414 787 2468; x_wconf 77' lang='lat' dir='ltr'><strong>pamm</strong></span> <span class='ocrx_word' id='word_1_118' title='bbox 804 2409 884 2449; x_wconf 87' lang='lat' dir='ltr'><strong>est</strong></span> <span class='ocrx_word' id='word_1_119' title='bbox 899 2412 997 2469; x_wconf 84' lang='lat' dir='ltr'><strong>pro</strong></span> <span class='ocrx_word' id='word_1_120' title='bbox 1010 2393 1265 2467; x_wconf 78' lang='lat' dir='ltr'><strong>paulum,</strong></span> 
     </span>
     <span class='ocr_line' id='line_1_20' title="bbox 253 2472 1269 2545; baseline -0.001 -19"><span class='ocrx_word' id='word_1_121' title='bbox 253 2493 304 2526; x_wconf 79' lang='lat' dir='ltr'><strong>v.</strong></span> <span class='ocrx_word' id='word_1_122' title='bbox 345 2490 391 2525; x_wconf 88' lang='lat' dir='ltr'><strong>c.</strong></span> <span class='ocrx_word' id='word_1_123' title='bbox 429 2473 559 2526; x_wconf 87' lang='lat' dir='ltr'><strong>Plin.</strong></span> <span class='ocrx_word' id='word_1_124' title='bbox 600 2476 791 2545; x_wconf 71' lang='lat' dir='ltr'><strong>Paneg.</strong></span> <span class='ocrx_word' id='word_1_125' title='bbox 841 2491 941 2540; x_wconf 85' lang='grc' dir='ltr'><strong>2ο,</strong></span> <span class='ocrx_word' id='word_1_126' title='bbox 978 2475 1046 2526; x_wconf 88' lang='grc'><strong>3·</strong></span> <span class='ocrx_word' id='word_1_127' title='bbox 1092 2472 1269 2527; x_wconf 71' lang='lat' dir='ltr'><strong>-nihil</strong></span> 
     </span>
    </p>

    <p class='ocr_par' dir='ltr' id='par_1_7' title="bbox 251 2551 1269 2700">
     <span class='ocr_line' id='line_1_21' title="bbox 258 2551 1269 2626; baseline 0.001 -21.05"><span class='ocrx_word' id='word_1_128' title='bbox 258 2565 396 2605; x_wconf 71' lang='lat' dir='ltr'><strong>naut</strong></span> <span class='ocrx_word' id='word_1_129' title='bbox 419 2565 572 2606; x_wconf 80' lang='lat' dir='ltr'><strong>certe</strong></span> <span class='ocrx_word' id='word_1_130' title='bbox 582 2570 775 2626; x_wconf 82' lang='lat' dir='ltr'><strong>parum</strong></span> <span class='ocrx_word' id='word_1_131' title='bbox 795 2555 1108 2607; x_wconf 73' lang='lat' dir='ltr'><strong>intererat.</strong></span> <span class='ocrx_word' id='word_1_132' title='bbox 1131 2551 1269 2607; x_wconf 75' lang='lat' dir='ltr'><strong>vide</strong></span> 
     </span>
     <span class='ocr_line' id='line_1_22' title="bbox 251 2630 755 2700; baseline 0 -16"><span class='ocrx_word' id='word_1_133' title='bbox 251 2630 399 2684; x_wconf 82' lang='lat' dir='ltr'><strong>dicta</strong></span> <span class='ocrx_word' id='word_1_134' title='bbox 423 2630 493 2683; x_wconf 85' lang='lat' dir='ltr'><strong>ad</strong></span> <span class='ocrx_word' id='word_1_135' title='bbox 515 2633 566 2696; x_wconf 84' lang='lat'><strong>1,</strong></span> <span class='ocrx_word' id='word_1_136' title='bbox 600 2649 643 2700; x_wconf 81' lang='lat' dir='ltr'><strong>t,</strong></span> <span class='ocrx_word' id='word_1_137' title='bbox 676 2631 755 2684; x_wconf 63' lang='grc' dir='ltr'><strong>ιθ.</strong></span> 
     </span>
    </p>

    <p class='ocr_par' dir='ltr' id='par_1_8' title="bbox 248 2707 1270 3234">
     <span class='ocr_line' id='line_1_23' title="bbox 336 2707 1269 2778; baseline -0.002 -16"><span class='ocrx_word' id='word_1_138' title='bbox 336 2710 388 2762; x_wconf 85' lang='grc'><strong>3.</strong></span> <span class='ocrx_word' id='word_1_139' title='bbox 446 2708 796 2761; x_wconf 72' lang='lat' dir='ltr'><strong>Absinthium.</strong></span> <span class='ocrx_word' id='word_1_140' title='bbox 847 2707 1025 2762; x_wconf 79' lang='lat' dir='ltr'><strong>Herba</strong></span> <span class='ocrx_word' id='word_1_141' title='bbox 1074 2709 1269 2778; x_wconf 72' lang='lat' dir='ltr'><strong>insigni</strong></span> 
     </span>
     <span class='ocr_line' id='line_1_24' title="bbox 249 2785 1269 2858; baseline -0.002 -17"><span class='ocrx_word' id='word_1_142' title='bbox 249 2787 492 2842; x_wconf 66' lang='lat' dir='ltr'><strong>amaritia</strong></span> <span class='ocrx_word' id='word_1_143' title='bbox 510 2785 756 2858; x_wconf 61' lang='lat' dir='ltr'><strong>praedita,</strong></span> <span class='ocrx_word' id='word_1_144' title='bbox 772 2786 867 2839; x_wconf 85' lang='lat' dir='ltr'><strong>sed</strong></span> <span class='ocrx_word' id='word_1_145' title='bbox 886 2786 1072 2840; x_wconf 82' lang='lat' dir='ltr'><strong>eadem</strong></span> <span class='ocrx_word' id='word_1_146' title='bbox 1090 2798 1269 2839; x_wconf 82' lang='lat' dir='ltr'><strong>tamen</strong></span> 
     </span>
     <span class='ocr_line' id='line_1_25' title="bbox 249 2864 1270 2932; baseline -0.002 -12"><span class='ocrx_word' id='word_1_147' title='bbox 249 2864 499 2921; x_wconf 76' lang='lat' dir='ltr'><strong>salubris.</strong></span> <span class='ocrx_word' id='word_1_148' title='bbox 530 2864 692 2918; x_wconf 85' lang='lat' dir='ltr'><strong>Foliis</strong></span> <span class='ocrx_word' id='word_1_149' title='bbox 721 2879 800 2917; x_wconf 85' lang='lat' dir='ltr'><strong>est</strong></span> <span class='ocrx_word' id='word_1_150' title='bbox 822 2868 1026 2918; x_wconf 83' lang='lat' dir='ltr'><strong>incanis</strong></span> <span class='ocrx_word' id='word_1_151' title='bbox 1041 2904 1059 2932; x_wconf 85' lang='lat'><strong>‚</strong></span> <span class='ocrx_word' id='word_1_152' title='bbox 1086 2864 1270 2918; x_wconf 81' lang='lat' dir='ltr'><strong>multi-</strong></span> 
     </span>
     <span class='ocr_line' id='line_1_26' title="bbox 248 2941 1270 3019; baseline -0.001 -22"><span class='ocrx_word' id='word_1_153' title='bbox 248 2944 466 3019; x_wconf 85' lang='lat' dir='ltr'><strong>pliciter</strong></span> <span class='ocrx_word' id='word_1_154' title='bbox 497 2944 648 2997; x_wconf 77' lang='lat' dir='ltr'><strong>fissis.</strong></span> <span class='ocrx_word' id='word_1_155' title='bbox 674 2941 849 3013; x_wconf 70' lang='lat' dir='ltr'><strong>Vulgo</strong></span> <span class='ocrx_word' id='word_1_156' title='bbox 882 2944 1109 2995; x_wconf 78' lang='lat' dir='ltr'><strong>alvinam</strong></span> <span class='ocrx_word' id='word_1_157' title='bbox 1140 2941 1270 2996; x_wconf 82' lang='lat' dir='ltr'><strong>dici·</strong></span> 
     </span>
     <span class='ocr_line' id='line_1_27' title="bbox 249 3021 1270 3094; baseline -0.004 -18"><span class='ocrx_word' id='word_1_158' title='bbox 249 3040 376 3076; x_wconf 83' lang='lat' dir='ltr'><strong>mus</strong></span> <span class='ocrx_word' id='word_1_159' title='bbox 400 3040 519 3075; x_wconf 85' lang='lat' dir='ltr'><strong>eam</strong></span> <span class='ocrx_word' id='word_1_160' title='bbox 537 3021 769 3094; x_wconf 84' lang='lat' dir='ltr'><strong>speciem</strong></span> <span class='ocrx_word' id='word_1_161' title='bbox 781 3057 799 3087; x_wconf 86' lang='lat'>‚</span> <span class='ocrx_word' id='word_1_162' title='bbox 819 3038 977 3092; x_wconf 85' lang='lat' dir='ltr'><strong>quam</strong></span> <span class='ocrx_word' id='word_1_163' title='bbox 996 3022 1270 3073; x_wconf 81' lang='lat' dir='ltr'><strong>Ponticam</strong></span> 
     </span>
     <span class='ocr_line' id='line_1_28' title="bbox 251 3098 1264 3175; baseline -0.003 -21"><span class='ocrx_word' id='word_1_164' title='bbox 251 3099 530 3175; x_wconf 79' lang='lat' dir='ltr'><strong>appellant</strong></span> <span class='ocrx_word' id='word_1_165' title='bbox 588 3098 903 3153; x_wconf 69' lang='lat' dir='ltr'><strong>absinthium</strong></span> <span class='ocrx_word' id='word_1_166' title='bbox 963 3098 1264 3151; x_wconf 74' lang='lat' dir='ltr'><strong>Ponticum.</strong></span> 
     </span>
     <span class='ocr_line' id='line_1_29' title="bbox 250 3183 551 3234; baseline -0.01 0"><span class='ocrx_word' id='word_1_167' title='bbox 250 3183 551 3234; x_wconf 69' lang='grc' dir='ltr'><strong>Τυιιηιιυο.</strong></span> 
     </span>
    </p>

    <p class='ocr_par' dir='ltr' id='par_1_9' title="bbox 257 3256 1268 3410">
     <span class='ocr_line' id='line_1_30' title="bbox 319 3256 1268 3328; baseline -0.004 -16"><span class='ocrx_word' id='word_1_168' title='bbox 319 3258 371 3326; x_wconf 74' lang='grc'><strong>4.</strong></span> <span class='ocrx_word' id='word_1_169' title='bbox 383 3257 664 3312; x_wconf 77' lang='lat' dir='ltr'><strong>Salubrior.</strong></span> <span class='ocrx_word' id='word_1_170' title='bbox 678 3259 946 3328; x_wconf 78' lang='lat' dir='ltr'><strong>Quoniam</strong></span> <span class='ocrx_word' id='word_1_171' title='bbox 953 3256 1268 3311; x_wconf 70' lang='lat' dir='ltr'><strong>absinthium</strong></span> 
     </span>
     <span class='ocr_line' id='line_1_31' title="bbox 257 3334 763 3410; baseline -0.002 -19"><span class='ocrx_word' id='word_1_172' title='bbox 257 3351 314 3392; x_wconf 83' lang='lat' dir='ltr'><strong>et</strong></span> <span class='ocrx_word' id='word_1_173' title='bbox 334 3339 511 3410; x_wconf 83' lang='lat' dir='ltr'><strong>ipsum</strong></span> <span class='ocrx_word' id='word_1_174' title='bbox 536 3334 763 3390; x_wconf 81' lang='lat' dir='ltr'><strong>salubre.</strong></span> 
     </span>
    </p>
   </div>
   <div class='ocr_carea' id='block_1_6' title="bbox 332 3414 1263 3471">
    <p class='ocr_par' dir='ltr' id='par_1_10' title="bbox 332 3414 1263 3471">
     <span class='ocr_line' id='line_1_32' title="bbox 332 3414 1263 3471; baseline -0.001 -1"><span class='ocrx_word' id='word_1_175' title='bbox 332 3416 383 3471; x_wconf 82' lang='grc'><strong>5.</strong></span> <span class='ocrx_word' id='word_1_176' title='bbox 413 3418 741 3470; x_wconf 77' lang='lat' dir='ltr'><strong>Munienmt.</strong></span> <span class='ocrx_word' id='word_1_177' title='bbox 772 3416 857 3470; x_wconf 87' lang='lat' dir='ltr'><strong>Sic</strong></span> <span class='ocrx_word' id='word_1_178' title='bbox 882 3414 1057 3469; x_wconf 79' lang='lat' dir='ltr'><strong>Guelf.</strong></span> <span class='ocrx_word' id='word_1_179' title='bbox 1087 3417 1263 3470; x_wconf 73' lang='lat' dir='ltr'><strong>Turio.</strong></span> 
     </span>
    </p>
   </div>
   <div class='ocr_carea' id='block_1_7' title="bbox 253 3494 1288 3647">
    <p class='ocr_par' dir='ltr' id='par_1_11' title="bbox 253 3494 1288 3647">
     <span class='ocr_line' id='line_1_33' title="bbox 253 3494 1284 3568; baseline -0.001 -18"><span class='ocrx_word' id='word_1_180' title='bbox 253 3509 311 3550; x_wconf 72' lang='lat' dir='ltr'><strong>et</strong></span> <span class='ocrx_word' id='word_1_181' title='bbox 324 3494 494 3548; x_wconf 83' lang='lat' dir='ltr'><strong>codd.</strong></span> <span class='ocrx_word' id='word_1_182' title='bbox 511 3496 780 3568; x_wconf 70' lang='lat' dir='ltr'><strong>plerique,</strong></span> <span class='ocrx_word' id='word_1_183' title='bbox 792 3498 895 3549; x_wconf 74' lang='lat' dir='ltr'><strong>nisi</strong></span> <span class='ocrx_word' id='word_1_184' title='bbox 911 3496 1218 3568; x_wconf 72' lang='lat' dir='ltr'><strong>quodVosa.</strong></span> <span class='ocrx_word' id='word_1_185' title='bbox 1236 3514 1284 3549; x_wconf 89' lang='grc'><strong>2·</strong></span> 
     </span>
     <span class='ocr_line' id='line_1_34' title="bbox 254 3574 1288 3647; baseline 0 -19"><span class='ocrx_word' id='word_1_186' title='bbox 254 3593 386 3628; x_wconf 86' lang='lat' dir='ltr'><strong>cum</strong></span> <span class='ocrx_word' id='word_1_187' title='bbox 411 3574 616 3647; x_wconf 76' lang='lat' dir='ltr'><strong>aliquot</strong></span> <span class='ocrx_word' id='word_1_188' title='bbox 637 3574 758 3627; x_wconf 85' lang='lat' dir='ltr'><strong>edd.</strong></span> <span class='ocrx_word' id='word_1_189' title='bbox 783 3590 908 3629; x_wconf 80' lang='lat' dir='ltr'><strong>vett.</strong></span> <span class='ocrx_word' id='word_1_190' title='bbox 939 3575 1031 3628; x_wconf 78' lang='lat' dir='ltr'><strong>dat</strong></span> <span class='ocrx_word' id='word_1_191' title='bbox 1059 3577 1288 3628; x_wconf 55' lang='lat' dir='ltr'><strong>invenes</strong></span> 
     </span>
    </p>
   </div>
   <div class='ocr_carea' id='block_1_8' title="bbox 254 3655 1271 4265">
    <p class='ocr_par' dir='ltr' id='par_1_12' title="bbox 254 3655 1271 4265">
     <span class='ocr_line' id='line_1_35' title="bbox 255 3655 1266 3728; baseline -0.001 -21"><span class='ocrx_word' id='word_1_192' title='bbox 255 3663 401 3707; x_wconf 75' lang='lat' dir='ltr'><strong>runt.</strong></span> <span class='ocrx_word' id='word_1_193' title='bbox 445 3655 698 3706; x_wconf 74' lang='lat' dir='ltr'><strong>Francius</strong></span> <span class='ocrx_word' id='word_1_194' title='bbox 740 3657 971 3728; x_wconf 84' lang='lat' dir='ltr'><strong>conjecit</strong></span> <span class='ocrx_word' id='word_1_195' title='bbox 1010 3656 1266 3722; x_wconf 69' lang='lat' dir='ltr'><strong>inierunt,</strong></span> 
     </span>
     <span class='ocr_line' id='line_1_36' title="bbox 254 3731 1270 3808; baseline 0.003 -24"><span class='ocrx_word' id='word_1_196' title='bbox 254 3731 524 3808; x_wconf 73' lang='lat' dir='ltr'><strong>probante</strong></span> <span class='ocrx_word' id='word_1_197' title='bbox 568 3734 868 3786; x_wconf 76' lang='lat' dir='ltr'><strong>Bumanno</strong></span> <span class='ocrx_word' id='word_1_198' title='bbox 892 3773 909 3801; x_wconf 85' lang='lat'>‚</span> <span class='ocrx_word' id='word_1_199' title='bbox 955 3747 1009 3787; x_wconf 81' lang='lat' dir='ltr'><strong>et</strong></span> <span class='ocrx_word' id='word_1_200' title='bbox 1052 3747 1270 3787; x_wconf 82' lang='lat' dir='ltr'><strong>auctore</strong></span> 
     </span>
     <span class='ocr_line' id='line_1_37' title="bbox 258 3809 1270 3884; baseline 0 -18"><span class='ocrx_word' id='word_1_201' title='bbox 258 3814 422 3866; x_wconf 80' lang='lat' dir='ltr'><strong>etiam</strong></span> <span class='ocrx_word' id='word_1_202' title='bbox 453 3812 596 3863; x_wconf 82' lang='lat' dir='ltr'><strong>facto</strong></span> <span class='ocrx_word' id='word_1_203' title='bbox 629 3809 764 3863; x_wconf 83' lang='lat' dir='ltr'><strong>cod.-</strong></span> <span class='ocrx_word' id='word_1_204' title='bbox 795 3811 957 3864; x_wconf 83' lang='lat' dir='ltr'><strong>Goth.</strong></span> <span class='ocrx_word' id='word_1_205' title='bbox 990 3830 1152 3884; x_wconf 81' lang='lat' dir='ltr'><strong>quare</strong></span> <span class='ocrx_word' id='word_1_206' title='bbox 1181 3831 1270 3866; x_wconf 81' lang='lat' dir='ltr'><strong>re-</strong></span> 
     </span>
     <span class='ocr_line' id='line_1_38' title="bbox 255 3889 1270 3966; baseline 0.001 -21"><span class='ocrx_word' id='word_1_207' title='bbox 255 3893 406 3966; x_wconf 82' lang='lat' dir='ltr'><strong>cepit</strong></span> <span class='ocrx_word' id='word_1_208' title='bbox 430 3889 727 3957; x_wconf 82' lang='lat' dir='ltr'><strong>Gesnerus‚</strong></span> <span class='ocrx_word' id='word_1_209' title='bbox 757 3893 848 3962; x_wconf 89' lang='lat' dir='ltr'><strong>qui</strong></span> <span class='ocrx_word' id='word_1_210' title='bbox 874 3889 1013 3943; x_wconf 88' lang='lat' dir='ltr'><strong>hanc</strong></span> <span class='ocrx_word' id='word_1_211' title='bbox 1041 3895 1270 3965; x_wconf 81' lang='lat' dir='ltr'><strong>scriptu-</strong></span> 
     </span>
     <span class='ocr_line' id='line_1_39' title="bbox 257 3968 1267 4042; baseline 0.001 -18"><span class='ocrx_word' id='word_1_212' title='bbox 257 3991 376 4026; x_wconf 86' lang='lat' dir='ltr'><strong>ram</strong></span> <span class='ocrx_word' id='word_1_213' title='bbox 402 3985 456 4025; x_wconf 81' lang='lat' dir='ltr'><strong>et</strong></span> <span class='ocrx_word' id='word_1_214' title='bbox 481 3972 623 4024; x_wconf 79' lang='lat' dir='ltr'><strong>Jens.</strong></span> <span class='ocrx_word' id='word_1_215' title='bbox 660 3968 743 4022; x_wconf 83' lang='lat' dir='ltr'><strong>ed.</strong></span> <span class='ocrx_word' id='word_1_216' title='bbox 778 3972 1022 4042; x_wconf 70' lang='lat' dir='ltr'><strong>preferre</strong></span> <span class='ocrx_word' id='word_1_217' title='bbox 1055 3985 1267 4037; x_wconf 85' lang='lat' dir='ltr'><strong>narrat,</strong></span> 
     </span>
     <span class='ocr_line' id='line_1_40' title="bbox 259 4051 1265 4117; baseline -0.001 -12"><span class='ocrx_word' id='word_1_218' title='bbox 259 4052 401 4106; x_wconf 76' lang='lat' dir='ltr'><strong>falso</strong></span> <span class='ocrx_word' id='word_1_219' title='bbox 423 4051 542 4115; x_wconf 83' lang='lat' dir='ltr'><strong>ille;</strong></span> <span class='ocrx_word' id='word_1_220' title='bbox 573 4063 652 4104; x_wconf 84' lang='lat' dir='ltr'><strong>est</strong></span> <span class='ocrx_word' id='word_1_221' title='bbox 675 4052 814 4103; x_wconf 87' lang='lat' dir='ltr'><strong>enim</strong></span> <span class='ocrx_word' id='word_1_222' title='bbox 837 4054 893 4104; x_wconf 86' lang='lat' dir='ltr'><strong>in</strong></span> <span class='ocrx_word' id='word_1_223' title='bbox 916 4068 1007 4117; x_wconf 85' lang='lat' dir='ltr'><strong>ea,</strong></span> <span class='ocrx_word' id='word_1_224' title='bbox 1031 4064 1091 4104; x_wconf 84' lang='lat' dir='ltr'><strong>ut</strong></span> <span class='ocrx_word' id='word_1_225' title='bbox 1111 4053 1265 4106; x_wconf 78' lang='lat' dir='ltr'><strong>Tarv.</strong></span> 
     </span>
     <span class='ocr_line' id='line_1_41' title="bbox 261 4129 1271 4201; baseline -0.001 -16"><span class='ocrx_word' id='word_1_226' title='bbox 261 4145 322 4185; x_wconf 79' lang='lat' dir='ltr'><strong>et</strong></span> <span class='ocrx_word' id='word_1_227' title='bbox 336 4135 468 4185; x_wconf 82' lang='lat' dir='ltr'><strong>Ven.</strong></span> <span class='ocrx_word' id='word_1_228' title='bbox 483 4171 502 4201; x_wconf 88' lang='lat'>‚</span> <span class='ocrx_word' id='word_1_229' title='bbox 524 4132 852 4184; x_wconf 75' lang='lat' dir='ltr'><strong>invenerunt.</strong></span> <span class='ocrx_word' id='word_1_230' title='bbox 873 4129 1159 4201; x_wconf 84' lang='lat' dir='ltr'><strong>Equidem,</strong></span> <span class='ocrx_word' id='word_1_231' title='bbox 1183 4131 1271 4184; x_wconf 86' lang='lat' dir='ltr'><strong>de-</strong></span> 
     </span>
     <span class='ocr_line' id='line_1_42' title="bbox 266 4209 1270 4265; baseline 0 -3"><span class='ocrx_word' id='word_1_232' title='bbox 266 4224 472 4265; x_wconf 72' lang='lat' dir='ltr'><strong>⁴zei-ante</strong></span> <span class='ocrx_word' id='word_1_233' title='bbox 515 4209 823 4264; x_wconf 81' lang='lat' dir='ltr'><strong>Gothanum</strong></span> <span class='ocrx_word' id='word_1_234' title='bbox 864 4226 1021 4262; x_wconf 85' lang='lat' dir='ltr'><strong>suum</strong></span> <span class='ocrx_word' id='word_1_235' title='bbox 1052 4211 1270 4263; x_wconf 78' lang='lat' dir='ltr'><strong>Vossia-</strong></span> 
     </span>
    </p>
   </div>
   <div class='ocr_carea' id='block_1_9' title="bbox 1354 2001 2379 4285">
    <p class='ocr_par' dir='ltr' id='par_1_13' title="bbox 1354 2001 2379 4285">
     <span class='ocr_line' id='line_1_43' title="bbox 1358 2001 2369 2073; baseline -0.002 -18"><span class='ocrx_word' id='word_1_236' title='bbox 1358 2020 1433 2055; x_wconf 86' lang='grc' dir='ltr'><strong>ιιο</strong></span> <span class='ocrx_word' id='word_1_237' title='bbox 1468 2016 1531 2069; x_wconf 82' lang='grc'><strong>2,</strong></span> <span class='ocrx_word' id='word_1_238' title='bbox 1562 2018 1767 2054; x_wconf 84' lang='lat' dir='ltr'><strong>merum</strong></span> <span class='ocrx_word' id='word_1_239' title='bbox 1798 2018 2028 2053; x_wconf 66' lang='lat' dir='ltr'><strong>errorem</strong></span> <span class='ocrx_word' id='word_1_240' title='bbox 2063 2012 2199 2073; x_wconf 73' lang='lat' dir='ltr'><strong>puto</strong></span> <span class='ocrx_word' id='word_1_241' title='bbox 2235 2001 2369 2053; x_wconf 72' lang='lat' dir='ltr'><strong>inie-</strong></span> 
     </span>
     <span class='ocr_line' id='line_1_44' title="bbox 1358 2079 2367 2154; baseline -0.001 -21"><span class='ocrx_word' id='word_1_242' title='bbox 1358 2092 1515 2147; x_wconf 79' lang='lat' dir='ltr'><strong>runt,</strong></span> <span class='ocrx_word' id='word_1_243' title='bbox 1556 2100 1659 2154; x_wconf 82' lang='lat' dir='ltr'><strong>pro</strong></span> <span class='ocrx_word' id='word_1_244' title='bbox 1702 2081 2025 2134; x_wconf 73' lang='lat' dir='ltr'><strong>invenerunt.</strong></span> <span class='ocrx_word' id='word_1_245' title='bbox 2066 2079 2367 2133; x_wconf 79' lang='lat' dir='ltr'><strong>Gothanam</strong></span> 
     </span>
     <span class='ocr_line' id='line_1_45' title="bbox 1357 2158 2368 2232; baseline -0.001 -20"><span class='ocrx_word' id='word_1_246' title='bbox 1357 2160 1676 2231; x_wconf 79' lang='lat' dir='ltr'><strong>scripturam</strong></span> <span class='ocrx_word' id='word_1_247' title='bbox 1735 2158 1867 2211; x_wconf 86' lang='lat' dir='ltr'><strong>mihi</strong></span> <span class='ocrx_word' id='word_1_248' title='bbox 1925 2158 2197 2212; x_wconf 62' lang='lat' dir='ltr'><strong>&amp;suadet</strong></span> <span class='ocrx_word' id='word_1_249' title='bbox 2252 2160 2368 2232; x_wconf 80' lang='lat' dir='ltr'><strong>ipae</strong></span> 
     </span>
     <span class='ocr_line' id='line_1_46' title="bbox 1357 2236 2370 2309; baseline 0.001 -19"><span class='ocrx_word' id='word_1_250' title='bbox 1357 2238 1516 2290; x_wconf 78' lang='lat' dir='ltr'><strong>etiam</strong></span> <span class='ocrx_word' id='word_1_251' title='bbox 1536 2236 1757 2309; x_wconf 82' lang='lat' dir='ltr'><strong>(fateor)</strong></span> <span class='ocrx_word' id='word_1_252' title='bbox 1776 2249 1967 2290; x_wconf 79' lang='lat' dir='ltr'><strong>auctor</strong></span> <span class='ocrx_word' id='word_1_253' title='bbox 1981 2240 2249 2290; x_wconf 61' lang='lat' dir='ltr'><strong>F&#39;iuneius.</strong></span> <span class='ocrx_word' id='word_1_254' title='bbox 2267 2236 2370 2291; x_wconf 82' lang='lat' dir='ltr'><strong>Ne·</strong></span> 
     </span>
     <span class='ocr_line' id='line_1_47' title="bbox 1359 2316 2369 2388; baseline 0.001 -19"><span class='ocrx_word' id='word_1_255' title='bbox 1359 2330 1462 2388; x_wconf 83' lang='lat' dir='ltr'><strong>que</strong></span> <span class='ocrx_word' id='word_1_256' title='bbox 1501 2333 1626 2368; x_wconf 83' lang='lat' dir='ltr'><strong>cum</strong></span> <span class='ocrx_word' id='word_1_257' title='bbox 1666 2317 1952 2368; x_wconf 78' lang='lat' dir='ltr'><strong>Burmanni</strong></span> <span class='ocrx_word' id='word_1_258' title='bbox 1992 2329 2107 2369; x_wconf 80' lang='lat' dir='ltr'><strong>tum</strong></span> <span class='ocrx_word' id='word_1_259' title='bbox 2149 2316 2369 2370; x_wconf 70' lang='lat' dir='ltr'><strong>Gesner-l</strong></span> 
     </span>
     <span class='ocr_line' id='line_1_48' title="bbox 1356 2393 2372 2467; baseline 0.005 -22"><span class='ocrx_word' id='word_1_260' title='bbox 1356 2407 1665 2465; x_wconf 60' lang='lat' dir='ltr'><strong>argumenta</strong></span> <span class='ocrx_word' id='word_1_261' title='bbox 1680 2393 1905 2447; x_wconf 83' lang='lat' dir='ltr'><strong>multum</strong></span> <span class='ocrx_word' id='word_1_262' title='bbox 1920 2395 2181 2467; x_wconf 81' lang='lat' dir='ltr'><strong>proficere</strong></span> <span class='ocrx_word' id='word_1_263' title='bbox 2192 2397 2372 2450; x_wconf 79' lang='lat' dir='ltr'><strong>viden-</strong></span> 
     </span>
     <span class='ocr_line' id='line_1_49' title="bbox 1356 2471 2373 2551; baseline 0.003 -25"><span class='ocrx_word' id='word_1_264' title='bbox 1356 2486 1459 2526; x_wconf 86' lang='lat' dir='ltr'><strong>tur.</strong></span> <span class='ocrx_word' id='word_1_265' title='bbox 1481 2472 1646 2542; x_wconf 85' lang='lat' dir='ltr'><strong>Quod</strong></span> <span class='ocrx_word' id='word_1_266' title='bbox 1665 2474 1804 2526; x_wconf 87' lang='lat' dir='ltr'><strong>enim</strong></span> <span class='ocrx_word' id='word_1_267' title='bbox 1824 2492 1947 2526; x_wconf 85' lang='lat' dir='ltr'><strong>mox</strong></span> <span class='ocrx_word' id='word_1_268' title='bbox 1961 2471 2038 2545; x_wconf 84' lang='lat'><strong>(§.</strong></span> <span class='ocrx_word' id='word_1_269' title='bbox 2056 2474 2182 2547; x_wconf 83' lang='grc'><strong>6),</strong></span> <span class='ocrx_word' id='word_1_270' title='bbox 2161 2477 2373 2551; x_wconf 69' lang='lat' dir='ltr'><strong>ingressi</strong></span> 
     </span>
     <span class='ocr_line' id='line_1_50' title="bbox 1354 2549 2368 2645; baseline 0.002 -39"><span class='ocrx_word' id='word_1_271' title='bbox 1354 2562 1506 2618; x_wconf 72' lang='lat' dir='ltr'><strong>sunt,</strong></span> <span class='ocrx_word' id='word_1_272' title='bbox 1544 2549 1600 2605; x_wconf 82' lang='lat' dir='ltr'><strong>id</strong></span> <span class='ocrx_word' id='word_1_273' title='bbox 1639 2549 1853 2645; x_wconf 77' lang='lat' dir='ltr'><strong>quidem</strong></span> <span class='ocrx_word' id='word_1_274' title='bbox 1888 2570 2077 2626; x_wconf 85' lang='lat' dir='ltr'><strong>parum</strong></span> <span class='ocrx_word' id='word_1_275' title='bbox 2114 2553 2185 2607; x_wconf 86' lang='lat' dir='ltr'><strong>ad</strong></span> <span class='ocrx_word' id='word_1_276' title='bbox 2220 2570 2368 2608; x_wconf 66' lang='lat' dir='ltr'><strong>rema</strong></span> 
     </span>
     <span class='ocr_line' id='line_1_51' title="bbox 1356 2630 2368 2705; baseline 0.003 -21"><span class='ocrx_word' id='word_1_277' title='bbox 1356 2643 1479 2684; x_wconf 79' lang='lat' dir='ltr'><strong>sunt</strong></span> <span class='ocrx_word' id='word_1_278' title='bbox 1503 2632 1646 2683; x_wconf 85' lang='lat' dir='ltr'><strong>enim</strong></span> <span class='ocrx_word' id='word_1_279' title='bbox 1668 2632 1704 2683; x_wconf 87' lang='lat' dir='ltr'><strong>ii</strong></span> <span class='ocrx_word' id='word_1_280' title='bbox 1726 2630 2006 2704; x_wconf 80' lang='lat' dir='ltr'><strong>discipuli,</strong></span> <span class='ocrx_word' id='word_1_281' title='bbox 2035 2651 2145 2686; x_wconf 89' lang='lat' dir='ltr'><strong>non</strong></span> <span class='ocrx_word' id='word_1_282' title='bbox 2173 2637 2368 2705; x_wconf 75' lang='lat' dir='ltr'><strong>magis—</strong></span> 
     </span>
     <span class='ocr_line' id='line_1_52' title="bbox 1356 2708 2369 2783; baseline 0.006 -22"><span class='ocrx_word' id='word_1_283' title='bbox 1356 2712 1450 2774; x_wconf 77' lang='lat' dir='ltr'><strong>tri3</strong></span> <span class='ocrx_word' id='word_1_284' title='bbox 1471 2721 1525 2761; x_wconf 90' lang='lat' dir='ltr'><strong>et</strong></span> <span class='ocrx_word' id='word_1_285' title='bbox 1544 2708 1692 2780; x_wconf 85' lang='lat' dir='ltr'><strong>quod</strong></span> <span class='ocrx_word' id='word_1_286' title='bbox 1713 2721 1999 2783; x_wconf 71' lang='lat' dir='ltr'><strong>sequntur</strong></span> <span class='ocrx_word' id='word_1_287' title='bbox 2011 2710 2254 2765; x_wconf 72' lang='lat' dir='ltr'><strong>homines</strong></span> <span class='ocrx_word' id='word_1_288' title='bbox 2274 2731 2369 2767; x_wconf 71' lang='lat' dir='ltr'><strong>eoa</strong></span> 
     </span>
     <span class='ocr_line' id='line_1_53' title="bbox 1359 2787 2370 2861; baseline 0.007 -24"><span class='ocrx_word' id='word_1_289' title='bbox 1359 2789 1451 2859; x_wconf 85' lang='lat' dir='ltr'><strong>qui</strong></span> <span class='ocrx_word' id='word_1_290' title='bbox 1479 2787 1693 2839; x_wconf 72' lang='lat' dir='ltr'><strong>inierint</strong></span> <span class='ocrx_word' id='word_1_291' title='bbox 1710 2789 1877 2855; x_wconf 79' lang='lat' dir='ltr'><strong>viam,</strong></span> <span class='ocrx_word' id='word_1_292' title='bbox 1906 2807 2015 2843; x_wconf 88' lang='lat' dir='ltr'><strong>non</strong></span> <span class='ocrx_word' id='word_1_293' title='bbox 2040 2793 2131 2861; x_wconf 87' lang='lat' dir='ltr'><strong>qui</strong></span> <span class='ocrx_word' id='word_1_294' title='bbox 2154 2793 2370 2844; x_wconf 68' lang='lat' dir='ltr'><strong>munie-</strong></span> 
     </span>
     <span class='ocr_line' id='line_1_54' title="bbox 1359 2865 2371 2943; baseline 0.005 -25"><span class='ocrx_word' id='word_1_295' title='bbox 1359 2867 1490 2931; x_wconf 75' lang='lat' dir='ltr'><strong>rint,</strong></span> <span class='ocrx_word' id='word_1_296' title='bbox 1507 2884 1570 2919; x_wconf 88' lang='lat' dir='ltr'><strong>ea</strong></span> <span class='ocrx_word' id='word_1_297' title='bbox 1585 2865 1850 2919; x_wconf 82' lang='lat' dir='ltr'><strong>calumnia</strong></span> <span class='ocrx_word' id='word_1_298' title='bbox 1865 2880 1973 2933; x_wconf 78' lang='lat' dir='ltr'><strong>est,</strong></span> <span class='ocrx_word' id='word_1_299' title='bbox 1984 2885 2371 2943; x_wconf 67' lang='lat' dir='ltr'><strong>quumsequen-</strong></span> 
     </span>
     <span class='ocr_line' id='line_1_55' title="bbox 1360 2947 2366 3022; baseline 0.006 -24"><span class='ocrx_word' id='word_1_300' title='bbox 1360 2955 1432 2998; x_wconf 71' lang='lat' dir='ltr'><strong>tes</strong></span> <span class='ocrx_word' id='word_1_301' title='bbox 1450 2947 1632 3017; x_wconf 80' lang='lat' dir='ltr'><strong>potius</strong></span> <span class='ocrx_word' id='word_1_302' title='bbox 1656 2948 1759 2998; x_wconf 87' lang='lat' dir='ltr'><strong>sint</strong></span> <span class='ocrx_word' id='word_1_303' title='bbox 1778 2947 2077 3018; x_wconf 67' lang='lat' dir='ltr'><strong>posteriores</strong></span> <span class='ocrx_word' id='word_1_304' title='bbox 2098 2962 2366 3022; x_wconf 83' lang='lat' dir='ltr'><strong>tempore,</strong></span> 
     </span>
     <span class='ocr_line' id='line_1_56' title="bbox 1359 3024 2369 3100; baseline 0.006 -23"><span class='ocrx_word' id='word_1_305' title='bbox 1359 3024 1441 3077; x_wconf 83' lang='lat' dir='ltr'><strong>vel</strong></span> <span class='ocrx_word' id='word_1_306' title='bbox 1464 3037 1517 3076; x_wconf 87' lang='lat' dir='ltr'><strong>et</strong></span> <span class='ocrx_word' id='word_1_307' title='bbox 1540 3027 1643 3096; x_wconf 76' lang='lat' dir='ltr'><strong>ipsi</strong></span> <span class='ocrx_word' id='word_1_308' title='bbox 1666 3024 1925 3097; x_wconf 76' lang='lat' dir='ltr'><strong>discipuli.</strong></span> <span class='ocrx_word' id='word_1_309' title='bbox 1949 3027 2003 3080; x_wconf 80' lang='lat' dir='ltr'><strong>Si</strong></span> <span class='ocrx_word' id='word_1_310' title='bbox 2018 3028 2369 3100; x_wconf 67' lang='lat' dir='ltr'><strong>intelligeren-</strong></span> 
     </span>
     <span class='ocr_line' id='line_1_57' title="bbox 1358 3104 2371 3174; baseline 0.007 -21"><span class='ocrx_word' id='word_1_311' title='bbox 1358 3115 1464 3169; x_wconf 81' lang='lat' dir='ltr'><strong>tur,</strong></span> <span class='ocrx_word' id='word_1_312' title='bbox 1493 3104 1583 3174; x_wconf 84' lang='lat' dir='ltr'><strong>qui</strong></span> <span class='ocrx_word' id='word_1_313' title='bbox 1619 3104 1853 3156; x_wconf 72' lang='lat' dir='ltr'><strong>ineuntes</strong></span> <span class='ocrx_word' id='word_1_314' title='bbox 1878 3105 2010 3156; x_wconf 77' lang='lat' dir='ltr'><strong>istos</strong></span> <span class='ocrx_word' id='word_1_315' title='bbox 2282 3117 2371 3160; x_wconf 69' lang='lat' dir='ltr'><strong>tur</strong></span> 
     </span>
     <span class='ocr_line' id='line_1_58' title="bbox 1358 3179 2365 3253; baseline 0.009 -23"><span class='ocrx_word' id='word_1_316' title='bbox 1358 3179 1651 3253; x_wconf 66' lang='grc' dir='ltr'><strong>(φναιιιός),</strong></span> <span class='ocrx_word' id='word_1_317' title='bbox 1674 3182 1953 3236; x_wconf 74' lang='lat' dir='ltr'><strong>manifesta</strong></span> <span class='ocrx_word' id='word_1_318' title='bbox 1974 3183 2114 3237; x_wconf 80' lang='lat' dir='ltr'><strong>foret</strong></span> <span class='ocrx_word' id='word_1_319' title='bbox 2131 3202 2365 3239; x_wconf 64' lang='lat' dir='ltr'><strong>‹ramno-</strong></span> 
     </span>
     <span class='ocr_line' id='line_1_59' title="bbox 1356 3260 2379 3334; baseline 0.009 -24"><span class='ocrx_word' id='word_1_320' title='bbox 1356 3260 1480 3328; x_wconf 60' lang='lat' dir='ltr'><strong>yla,</strong></span> <span class='ocrx_word' id='word_1_321' title='bbox 1463 3277 1478 3292; x_wconf 93' lang='lat'><strong>·</strong></span> <span class='ocrx_word' id='word_1_322' title='bbox 1511 3277 1635 3311; x_wconf 85' lang='lat' dir='ltr'><strong>nam</strong></span> <span class='ocrx_word' id='word_1_323' title='bbox 1663 3261 1734 3328; x_wconf 76' lang='lat' dir='ltr'><strong>is,</strong></span> <span class='ocrx_word' id='word_1_324' title='bbox 1759 3277 1919 3331; x_wconf 82' lang='lat' dir='ltr'><strong>quem</strong></span> <span class='ocrx_word' id='word_1_325' title='bbox 1946 3264 2183 3334; x_wconf 77' lang='lat' dir='ltr'><strong>sequitur</strong></span> <span class='ocrx_word' id='word_1_326' title='bbox 2214 3264 2365 3333; x_wconf 83' lang='lat' dir='ltr'><strong>alter,</strong></span> <span class='ocrx_word' id='word_1_327' title='bbox 2373 3311 2379 3320; x_wconf 94' lang='lat'><strong>.</strong></span> 
     </span>
     <span class='ocr_line' id='line_1_60' title="bbox 1357 3340 2362 3399; baseline 0.007 -7"><span class='ocrx_word' id='word_1_328' title='bbox 1357 3342 1414 3392; x_wconf 87' lang='lat' dir='ltr'><strong>in</strong></span> <span class='ocrx_word' id='word_1_329' title='bbox 1449 3357 1602 3393; x_wconf 83' lang='lat' dir='ltr'><strong>suam</strong></span> <span class='ocrx_word' id='word_1_330' title='bbox 1635 3357 1763 3393; x_wconf 83' lang='lat' dir='ltr'><strong>sane</strong></span> <span class='ocrx_word' id='word_1_331' title='bbox 1792 3341 1931 3393; x_wconf 80' lang='lat' dir='ltr'><strong>viam</strong></span> <span class='ocrx_word' id='word_1_332' title='bbox 1962 3340 2110 3395; x_wconf 87' lang='lat' dir='ltr'><strong>illum</strong></span> <span class='ocrx_word' id='word_1_333' title='bbox 2141 3344 2362 3399; x_wconf 82' lang='lat' dir='ltr'><strong>inducit.</strong></span> 
     </span>
     <span class='ocr_line' id='line_1_61' title="bbox 1358 3419 2367 3494; baseline 0.008 -24"><span class='ocrx_word' id='word_1_334' title='bbox 1358 3419 1539 3492; x_wconf 80' lang='lat' dir='ltr'><strong>Ipsum</strong></span> <span class='ocrx_word' id='word_1_335' title='bbox 1561 3432 1740 3472; x_wconf 85' lang='lat' dir='ltr'><strong>autem</strong></span> <span class='ocrx_word' id='word_1_336' title='bbox 1760 3419 1890 3471; x_wconf 66' lang='lat' dir='ltr'><strong>inim</strong></span> <span class='ocrx_word' id='word_1_337' title='bbox 1912 3420 2051 3472; x_wconf 72' lang='lat' dir='ltr'><strong>viam</strong></span> <span class='ocrx_word' id='word_1_338' title='bbox 2073 3440 2263 3494; x_wconf 75' lang='lat' dir='ltr'><strong>parum</strong></span> <span class='ocrx_word' id='word_1_339' title='bbox 2286 3439 2367 3478; x_wconf 79' lang='lat' dir='ltr'><strong>est</strong></span> 
     </span>
     <span class='ocr_line' id='line_1_62' title="bbox 1357 3496 2369 3572; baseline 0.009 -23"><span class='ocrx_word' id='word_1_340' title='bbox 1357 3498 1413 3550; x_wconf 87' lang='lat' dir='ltr'><strong>in</strong></span> <span class='ocrx_word' id='word_1_341' title='bbox 1437 3499 1724 3568; x_wconf 68' lang='lat' dir='ltr'><strong>magistris,</strong></span> <span class='ocrx_word' id='word_1_342' title='bbox 1746 3496 2073 3567; x_wconf 74' lang='lat' dir='ltr'><strong>rhetoribus,</strong></span> <span class='ocrx_word' id='word_1_343' title='bbox 2096 3503 2189 3572; x_wconf 84' lang='lat' dir='ltr'><strong>qui</strong></span> <span class='ocrx_word' id='word_1_344' title='bbox 2210 3502 2369 3557; x_wconf 79' lang='lat' dir='ltr'><strong>disci·</strong></span> 
     </span>
     <span class='ocr_line' id='line_1_63' title="bbox 1355 3573 2367 3650; baseline 0.009 -21"><span class='ocrx_word' id='word_1_345' title='bbox 1355 3573 1556 3650; x_wconf 59' lang='lat' dir='ltr'><strong>plina,</strong></span> <span class='ocrx_word' id='word_1_346' title='bbox 1579 3581 1812 3631; x_wconf 78' lang='lat' dir='ltr'><strong>rationes</strong></span> <span class='ocrx_word' id='word_1_347' title='bbox 1833 3580 2171 3650; x_wconf 80' lang='lat' dir='ltr'><strong>instituendi,</strong></span> <span class='ocrx_word' id='word_1_348' title='bbox 2194 3598 2367 3639; x_wconf 79' lang='lat' dir='ltr'><strong>sectas</strong></span> 
     </span>
     <span class='ocr_line' id='line_1_64' title="bbox 1357 3655 2367 3735; baseline 0.006 -25"><span class='ocrx_word' id='word_1_349' title='bbox 1357 3655 1625 3722; x_wconf 77' lang='lat' dir='ltr'><strong>condunt3</strong></span> <span class='ocrx_word' id='word_1_350' title='bbox 1645 3675 1756 3709; x_wconf 88' lang='lat' dir='ltr'><strong>non</strong></span> <span class='ocrx_word' id='word_1_351' title='bbox 1773 3675 1869 3710; x_wconf 85' lang='lat' dir='ltr'><strong>sua</strong></span> <span class='ocrx_word' id='word_1_352' title='bbox 1891 3675 2050 3711; x_wconf 82' lang='lat' dir='ltr'><strong>causa</strong></span> <span class='ocrx_word' id='word_1_353' title='bbox 2063 3699 2080 3725; x_wconf 81' lang='lat'>‚</span> <span class='ocrx_word' id='word_1_354' title='bbox 2101 3673 2160 3712; x_wconf 85' lang='lat' dir='ltr'><strong>ut</strong></span> <span class='ocrx_word' id='word_1_355' title='bbox 2183 3661 2367 3735; x_wconf 83' lang='lat' dir='ltr'><strong>aliquo</strong></span> 
     </span>
     <span class='ocr_line' id='line_1_65' title="bbox 1355 3737 2365 3810; baseline 0.008 -22"><span class='ocrx_word' id='word_1_356' title='bbox 1355 3740 1663 3810; x_wconf 77' lang='lat' dir='ltr'><strong>perveniant</strong></span> <span class='ocrx_word' id='word_1_357' title='bbox 1672 3776 1689 3804; x_wconf 85' lang='lat'>‚</span> <span class='ocrx_word' id='word_1_358' title='bbox 1702 3739 1803 3790; x_wconf 73' lang='lat' dir='ltr'><strong>iter</strong></span> <span class='ocrx_word' id='word_1_359' title='bbox 1814 3737 2031 3792; x_wconf 80' lang='lat' dir='ltr'><strong>faciunt.</strong></span> <span class='ocrx_word' id='word_1_360' title='bbox 2047 3739 2191 3794; x_wconf 80' lang='lat' dir='ltr'><strong>Solet</strong></span> <span class='ocrx_word' id='word_1_361' title='bbox 2204 3745 2365 3796; x_wconf 81' lang='lat' dir='ltr'><strong>etiam</strong></span> 
     </span>
     <span class='ocr_line' id='line_1_66' title="bbox 1356 3816 2363 3894; baseline 0.006 -25"><span class='ocrx_word' id='word_1_362' title='bbox 1356 3816 1618 3870; x_wconf 76' lang='lat' dir='ltr'><strong>vocabula</strong></span> <span class='ocrx_word' id='word_1_363' title='bbox 1637 3817 1756 3890; x_wconf 83' lang='lat' dir='ltr'><strong>plus</strong></span> <span class='ocrx_word' id='word_1_364' title='bbox 1776 3819 2119 3887; x_wconf 64' lang='lat' dir='ltr'><strong>significantia</strong></span> <span class='ocrx_word' id='word_1_365' title='bbox 2141 3839 2363 3894; x_wconf 84' lang='lat' dir='ltr'><strong>usurpa-</strong></span> 
     </span>
     <span class='ocr_line' id='line_1_67' title="bbox 1357 3896 2366 3967; baseline 0.005 -18"><span class='ocrx_word' id='word_1_366' title='bbox 1357 3915 1414 3949; x_wconf 84' lang='lat' dir='ltr'><strong>re</strong></span> <span class='ocrx_word' id='word_1_367' title='bbox 1445 3898 1500 3948; x_wconf 85' lang='lat' dir='ltr'><strong>in</strong></span> <span class='ocrx_word' id='word_1_368' title='bbox 1531 3896 1641 3948; x_wconf 87' lang='lat' dir='ltr'><strong>hoc</strong></span> <span class='ocrx_word' id='word_1_369' title='bbox 1669 3914 1892 3967; x_wconf 76' lang='lat' dir='ltr'><strong>genere,</strong></span> <span class='ocrx_word' id='word_1_370' title='bbox 1913 3913 1963 3948; x_wconf 76' lang='lat' dir='ltr'><strong>v:</strong></span> <span class='ocrx_word' id='word_1_371' title='bbox 1993 3915 2039 3948; x_wconf 86' lang='lat' dir='ltr'><strong>e.</strong></span> <span class='ocrx_word' id='word_1_372' title='bbox 2069 3900 2230 3951; x_wconf 77' lang='lat' dir='ltr'><strong>secari</strong></span> <span class='ocrx_word' id='word_1_373' title='bbox 2254 3902 2366 3954; x_wconf 73' lang='lat' dir='ltr'><strong>vias</strong></span> 
     </span>
     <span class='ocr_line' id='line_1_68' title="bbox 1356 3973 2357 4053; baseline 0.009 -27"><span class='ocrx_word' id='word_1_374' title='bbox 1356 3974 1426 4046; x_wconf 73' lang='grc' dir='ltr'><strong>(ς.</strong></span> <span class='ocrx_word' id='word_1_375' title='bbox 1453 3974 1553 4046; x_wconf 73' lang='grc'><strong>14).</strong></span> <span class='ocrx_word' id='word_1_376' title='bbox 1579 3973 1775 4027; x_wconf 78' lang='lat' dir='ltr'><strong>F’eeit...</strong></span> <span class='ocrx_word' id='word_1_377' title='bbox 1797 3975 1976 4028; x_wconf 72' lang='lat' dir='ltr'><strong>Hem.</strong></span> <span class='ocrx_word' id='word_1_378' title='bbox 2000 3976 2226 4050; x_wconf 74' lang='lat' dir='ltr'><strong>viam(§.</strong></span> <span class='ocrx_word' id='word_1_379' title='bbox 2253 3982 2357 4053; x_wconf 82' lang='grc'><strong>16).</strong></span> 
     </span>
     <span class='ocr_line' id='line_1_69' title="bbox 1356 4052 2361 4128; baseline 0.009 -22.018"><span class='ocrx_word' id='word_1_380' title='bbox 1356 4052 1533 4107; x_wconf 77' lang='lat' dir='ltr'><strong>Simile</strong></span> <span class='ocrx_word' id='word_1_381' title='bbox 1575 4066 1655 4106; x_wconf 84' lang='lat' dir='ltr'><strong>est</strong></span> <span class='ocrx_word' id='word_1_382' title='bbox 1695 4055 1930 4123; x_wconf 69' lang='lat' dir='ltr'><strong>munire,</strong></span> <span class='ocrx_word' id='word_1_383' title='bbox 1968 4074 2131 4128; x_wconf 85' lang='lat' dir='ltr'><strong>quare</strong></span> <span class='ocrx_word' id='word_1_384' title='bbox 2173 4063 2361 4115; x_wconf 80' lang='lat' dir='ltr'><strong>merito</strong></span> 
     </span>
     <span class='ocr_line' id='line_1_70' title="bbox 1357 4131 2359 4209; baseline 0.009 -24"><span class='ocrx_word' id='word_1_385' title='bbox 1357 4149 1633 4185; x_wconf 70' lang='lat' dir='ltr'><strong>revocasse</strong></span> <span class='ocrx_word' id='word_1_386' title='bbox 1654 4131 1784 4185; x_wconf 79' lang='lat' dir='ltr'><strong>mihi</strong></span> <span class='ocrx_word' id='word_1_387' title='bbox 1804 4131 1988 4187; x_wconf 82' lang='lat' dir='ltr'><strong>videor</strong></span> <span class='ocrx_word' id='word_1_388' title='bbox 2009 4136 2359 4209; x_wconf 79' lang='lat' dir='ltr'><strong>plurimorum</strong></span> 
     </span>
     <span class='ocr_line' id='line_1_71' title="bbox 1354 4210 1962 4285; baseline 0.005 -22"><span class='ocrx_word' id='word_1_389' title='bbox 1354 4210 1613 4264; x_wconf 83' lang='lat' dir='ltr'><strong>librorum</strong></span> <span class='ocrx_word' id='word_1_390' title='bbox 1637 4213 1962 4285; x_wconf 81' lang='lat' dir='ltr'><strong>scripturam.</strong></span> 
     </span>
    </p>
   </div>
   <div class='ocr_carea' id='block_1_10' title="bbox 3187 2579 3190 3410">
    <p class='ocr_par' dir='ltr' id='par_1_14' title="bbox 3187 2579 3190 3410">
     <span class='ocr_line' id='line_1_72' title="bbox 3187 2579 3190 3410; baseline 0 0"><span class='ocrx_word' id='word_1_391' title='bbox 3187 2579 3190 3410; x_wconf 95' lang='lat' dir='ltr'><strong> </strong></span> 
     </span>
    </p>
   </div>
  </div>
 </body>
</html>
