<?xml version="1.0" encoding="UTF-8"?>
<!DOCTYPE html PUBLIC "-//W3C//DTD XHTML 1.0 Transitional//EN"
    "http://www.w3.org/TR/xhtml1/DTD/xhtml1-transitional.dtd">
<html xmlns="http://www.w3.org/1999/xhtml" xml:lang="en" lang="en">
 <head>
  <title>
</title>
<meta http-equiv="Content-Type" content="text/html;charset=utf-8" />
  <meta name='ocr-system' content='tesseract 3.04.00' />
  <meta name='ocr-capabilities' content='ocr_page ocr_carea ocr_par ocr_line ocrx_word'/>
</head>
<body>
  <div class='ocr_page' id='page_1' title='image "./deinstitutioneo12quingoog_0391.png"; bbox 0 0 3200 5150; ppageno 0'>
   <div class='ocr_carea' id='block_1_1' title="bbox 725 473 2491 568">
    <p class='ocr_par' dir='ltr' id='par_1_1' title="bbox 725 473 2491 568">
     <span class='ocr_line' id='line_1_1' title="bbox 725 473 2491 568; baseline -0.005 -21"><span class='ocrx_word' id='word_1_1' title='bbox 725 476 1377 547; x_wconf 84' lang='lat' dir='ltr'>INSTITUTIONIS</span> <span class='ocrx_word' id='word_1_2' title='bbox 1414 473 1671 541; x_wconf 83' lang='lat' dir='ltr'><strong>ORAT.</strong></span> <span class='ocrx_word' id='word_1_3' title='bbox 1712 476 1872 541; x_wconf 90' lang='lat' dir='ltr'>LIB.</span> <span class='ocrx_word' id='word_1_4' title='bbox 1915 478 2013 557; x_wconf 91' lang='grc' dir='ltr'><strong>ΙΙ,</strong></span> <span class='ocrx_word' id='word_1_5' title='bbox 2066 503 2162 568; x_wconf 87' lang='lat'><strong>¹7·</strong></span> <span class='ocrx_word' id='word_1_6' title='bbox 2367 481 2491 548; x_wconf 81' lang='grc'><strong>365</strong></span> 
     </span>
    </p>
   </div>
   <div class='ocr_carea' id='block_1_2' title="bbox 386 599 2498 2428">
    <p class='ocr_par' dir='ltr' id='par_1_2' title="bbox 386 599 2498 2428">
     <span class='ocr_line' id='line_1_2' title="bbox 393 599 2496 705; baseline -0.001 -25"><span class='ocrx_word' id='word_1_7' title='bbox 393 628 508 680; x_wconf 82' lang='lat' dir='ltr'><strong>tur</strong></span> <span class='ocrx_word' id='word_1_8' title='bbox 530 606 907 691; x_wconf 82' lang='lat' dir='ltr'><strong>medicina,</strong></span> <span class='ocrx_word' id='word_1_9' title='bbox 925 627 1082 701; x_wconf 82' lang='lat' dir='ltr'><strong>quoe</strong></span> <span class='ocrx_word' id='word_1_10' title='bbox 1107 627 1189 672; x_wconf 86' lang='lat' dir='ltr'><strong>ex</strong></span> <span class='ocrx_word' id='word_1_11' title='bbox 1216 599 1692 672; x_wconf 79' lang='lat' dir='ltr'><strong>observatione</strong></span> <span class='ocrx_word' id='word_1_12' title='bbox 1716 600 2103 675; x_wconf 83' lang='lat' dir='ltr'><strong>salubrium</strong></span> <span class='ocrx_word' id='word_1_13' title='bbox 2118 659 2139 693; x_wconf 85' lang='lat'>‚</span> <span class='ocrx_word' id='word_1_14' title='bbox 2161 625 2366 705; x_wconf 80' lang='lat' dir='ltr'><strong>atque</strong></span> <span class='ocrx_word' id='word_1_15' title='bbox 2387 605 2496 678; x_wconf 84' lang='lat' dir='ltr'><strong>his</strong></span> 
     </span>
     <span class='ocr_line' id='line_1_3' title="bbox 395 716 2498 818; baseline 0.001 -26"><span class='ocrx_word' id='word_1_16' title='bbox 395 719 931 806; x_wconf 81' lang='lat' dir='ltr'><strong>contrariorum,</strong></span> <span class='ocrx_word' id='word_1_17' title='bbox 959 736 1224 814; x_wconf 82' lang='lat' dir='ltr'><strong>reperta</strong></span> <span class='ocrx_word' id='word_1_18' title='bbox 1248 735 1380 803; x_wconf 84' lang='lat' dir='ltr'><strong>est,</strong></span> <span class='ocrx_word' id='word_1_19' title='bbox 1405 735 1504 804; x_wconf 83' lang='lat' dir='ltr'><strong>et,</strong></span> <span class='ocrx_word' id='word_1_20' title='bbox 1525 736 1602 787; x_wconf 89' lang='lat' dir='ltr'><strong>ut</strong></span> <span class='ocrx_word' id='word_1_21' title='bbox 1627 716 2051 814; x_wconf 82' lang='lat' dir='ltr'><strong>quibusdam</strong></span> <span class='ocrx_word' id='word_1_22' title='bbox 2077 717 2330 818; x_wconf 80' lang='lat' dir='ltr'><strong>placet,</strong></span> <span class='ocrx_word' id='word_1_23' title='bbox 2356 742 2498 793; x_wconf 84' lang='lat' dir='ltr'><strong>tota</strong></span> 
     </span>
     <span class='ocr_line' id='line_1_4' title="bbox 393 828 2496 933; baseline 0 -27"><span class='ocrx_word' id='word_1_24' title='bbox 393 854 661 906; x_wconf 82' lang='lat' dir='ltr'><strong>constat</strong></span> <span class='ocrx_word' id='word_1_25' title='bbox 691 829 1177 932; x_wconf 79' lang='lat' dir='ltr'><strong>experimentis</strong></span> <span class='ocrx_word' id='word_1_26' title='bbox 1198 842 1218 874; x_wconf 89' lang='lat'><em>¹</em></span> <span class='ocrx_word' id='word_1_27' title='bbox 1249 856 1265 900; x_wconf 89' lang='lat'>:</span> <span class='ocrx_word' id='word_1_28' title='bbox 1302 855 1472 901; x_wconf 82' lang='lat' dir='ltr'><strong>nam</strong></span> <span class='ocrx_word' id='word_1_29' title='bbox 1506 850 1574 901; x_wconf 88' lang='lat' dir='ltr'><strong>et</strong></span> <span class='ocrx_word' id='word_1_30' title='bbox 1602 828 1860 903; x_wconf 80' lang='lat' dir='ltr'><strong>vulnus</strong></span> <span class='ocrx_word' id='word_1_31' title='bbox 1895 831 2221 931; x_wconf 74' lang='lat' dir='ltr'><strong>deligavit</strong></span> <span class='ocrx_word' id='word_1_32' title='bbox 2247 834 2496 933; x_wconf 84' lang='lat' dir='ltr'><strong>aliquis</strong></span> 
     </span>
     <span class='ocr_line' id='line_1_5' title="bbox 393 943 2498 1047; baseline 0 -27"><span class='ocrx_word' id='word_1_33' title='bbox 393 968 773 1047; x_wconf 80' lang='lat' dir='ltr'><strong>antequam</strong></span> <span class='ocrx_word' id='word_1_34' title='bbox 810 945 958 1018; x_wconf 84' lang='lat' dir='ltr'><strong>haec</strong></span> <span class='ocrx_word' id='word_1_35' title='bbox 992 969 1099 1016; x_wconf 83' lang='lat' dir='ltr'><strong>ars</strong></span> <span class='ocrx_word' id='word_1_36' title='bbox 1135 963 1348 1034; x_wconf 85' lang='lat' dir='ltr'><strong>esset;</strong></span> <span class='ocrx_word' id='word_1_37' title='bbox 1381 964 1450 1017; x_wconf 86' lang='lat' dir='ltr'><strong>et</strong></span> <span class='ocrx_word' id='word_1_38' title='bbox 1478 943 1753 1017; x_wconf 86' lang='lat' dir='ltr'>febrem</span> <span class='ocrx_word' id='word_1_39' title='bbox 1780 944 2015 1044; x_wconf 89' lang='lat' dir='ltr'><strong>quiete</strong></span> <span class='ocrx_word' id='word_1_40' title='bbox 2044 968 2113 1018; x_wconf 91' lang='lat' dir='ltr'><strong>et</strong></span> <span class='ocrx_word' id='word_1_41' title='bbox 2144 947 2498 1021; x_wconf 86' lang='lat' dir='ltr'><strong>abstinen-</strong></span> 
     </span>
     <span class='ocr_line' id='line_1_6' title="bbox 391 1057 2494 1159; baseline 0 -25"><span class='ocrx_word' id='word_1_42' title='bbox 391 1062 523 1151; x_wconf 82' lang='lat' dir='ltr'><strong>tia,</strong></span> <span class='ocrx_word' id='word_1_43' title='bbox 557 1089 704 1135; x_wconf 92' lang='lat' dir='ltr'><strong>non</strong></span> <span class='ocrx_word' id='word_1_44' title='bbox 732 1059 900 1159; x_wconf 81' lang='lat' dir='ltr'><strong>quia</strong></span> <span class='ocrx_word' id='word_1_45' title='bbox 937 1059 1278 1131; x_wconf 80' lang='lat' dir='ltr'><strong>rationem</strong></span> <span class='ocrx_word' id='word_1_46' title='bbox 1310 1057 1623 1148; x_wconf 84' lang='lat' dir='ltr'><strong>videbat,</strong></span> <span class='ocrx_word' id='word_1_47' title='bbox 1660 1060 1781 1133; x_wconf 84' lang='lat' dir='ltr'><strong>sed</strong></span> <span class='ocrx_word' id='word_1_48' title='bbox 1816 1061 1981 1159; x_wconf 81' lang='lat' dir='ltr'><strong>quia</strong></span> <span class='ocrx_word' id='word_1_49' title='bbox 2018 1059 2091 1133; x_wconf 91' lang='lat' dir='ltr'><strong>id</strong></span> <span class='ocrx_word' id='word_1_50' title='bbox 2123 1062 2494 1135; x_wconf 80' lang='lat' dir='ltr'><strong>valetudo²</strong></span> 
     </span>
     <span class='ocr_line' id='line_1_7' title="bbox 389 1173 2493 1277; baseline 0.001 -29"><span class='ocrx_word' id='word_1_51' title='bbox 389 1176 542 1277; x_wconf 80' lang='lat' dir='ltr'><strong>ipsa</strong></span> <span class='ocrx_word' id='word_1_52' title='bbox 563 1196 910 1276; x_wconf 71' lang='lat' dir='ltr'><strong>coegerat,</strong></span> <span class='ocrx_word' id='word_1_53' title='bbox 940 1174 1296 1275; x_wconf 79' lang='lat' dir='ltr'><strong>mitigavit.</strong></span> <span class='ocrx_word' id='word_1_54' title='bbox 1330 1176 1476 1249; x_wconf 89' lang='lat' dir='ltr'><strong>Nec</strong></span> <span class='ocrx_word' id='word_1_55' title='bbox 1491 1173 1781 1276; x_wconf 82' lang='lat' dir='ltr'><strong>fabrica</strong></span> <span class='ocrx_word' id='word_1_56' title='bbox 1804 1176 2055 1268; x_wconf 67' lang='lat' dir='ltr'><strong>sit&#39;ars3</strong></span> <span class='ocrx_word' id='word_1_57' title='bbox 2088 1204 2277 1251; x_wconf 78' lang='lat' dir='ltr'><strong>casas</strong></span> <span class='ocrx_word' id='word_1_58' title='bbox 2300 1179 2493 1252; x_wconf 89' lang='lat' dir='ltr'><strong>enim</strong></span> 
     </span>
     <span class='ocr_line' id='line_1_8' title="bbox 389 1290 2495 1390; baseline 0.003 -28"><span class='ocrx_word' id='word_1_59' title='bbox 389 1291 600 1390; x_wconf 88' lang='lat' dir='ltr'><strong>primi</strong></span> <span class='ocrx_word' id='word_1_60' title='bbox 640 1291 744 1363; x_wconf 89' lang='lat' dir='ltr'><strong>illi</strong></span> <span class='ocrx_word' id='word_1_61' title='bbox 785 1290 934 1363; x_wconf 80' lang='lat' dir='ltr'><strong>sine</strong></span> <span class='ocrx_word' id='word_1_62' title='bbox 975 1310 1118 1362; x_wconf 81' lang='lat' dir='ltr'><strong>arte</strong></span> <span class='ocrx_word' id='word_1_63' title='bbox 1155 1291 1513 1364; x_wconf 87' lang='lat' dir='ltr'><strong>fecerunt:</strong></span> <span class='ocrx_word' id='word_1_64' title='bbox 1553 1318 1685 1364; x_wconf 88' lang='lat' dir='ltr'><strong>nee</strong></span> <span class='ocrx_word' id='word_1_65' title='bbox 1728 1298 2025 1382; x_wconf 77' lang='lat' dir='ltr'><strong>musica;</strong></span> <span class='ocrx_word' id='word_1_66' title='bbox 2061 1314 2376 1369; x_wconf 83' lang='lat' dir='ltr'><strong>cantatur</strong></span> <span class='ocrx_word' id='word_1_67' title='bbox 2417 1322 2495 1368; x_wconf 87' lang='lat' dir='ltr'><strong>ac</strong></span> 
     </span>
     <span class='ocr_line' id='line_1_9' title="bbox 389 1404 2498 1507; baseline 0.002 -29"><span class='ocrx_word' id='word_1_68' title='bbox 389 1404 674 1481; x_wconf 79' lang='lat' dir='ltr'><strong>saltatur</strong></span> <span class='ocrx_word' id='word_1_69' title='bbox 696 1433 821 1506; x_wconf 88' lang='lat' dir='ltr'><strong>per</strong></span> <span class='ocrx_word' id='word_1_70' title='bbox 848 1432 1096 1479; x_wconf 82' lang='lat' dir='ltr'><strong>omnes</strong></span> <span class='ocrx_word' id='word_1_71' title='bbox 1124 1428 1364 1506; x_wconf 78' lang='lat' dir='ltr'><strong>gentes</strong></span> <span class='ocrx_word' id='word_1_72' title='bbox 1385 1407 1621 1507; x_wconf 82' lang='lat' dir='ltr'><strong>aliquo</strong></span> <span class='ocrx_word' id='word_1_73' title='bbox 1642 1407 1878 1483; x_wconf 89' lang='lat' dir='ltr'><strong>modo.</strong></span> <span class='ocrx_word' id='word_1_74' title='bbox 1911 1410 2048 1497; x_wconf 83' lang='lat' dir='ltr'><strong>lta,</strong></span> <span class='ocrx_word' id='word_1_75' title='bbox 2079 1408 2135 1481; x_wconf 80' lang='lat' dir='ltr'><strong>si</strong></span> <span class='ocrx_word' id='word_1_76' title='bbox 2161 1407 2498 1483; x_wconf 71' lang='lat' dir='ltr'><strong>rhetorice</strong></span> 
     </span>
     <span class='ocr_line' id='line_1_10' title="bbox 388 1521 2495 1622; baseline 0.002 -29"><span class='ocrx_word' id='word_1_77' title='bbox 388 1522 618 1594; x_wconf 85' lang='lat' dir='ltr'><strong>vocari</strong></span> <span class='ocrx_word' id='word_1_78' title='bbox 652 1521 857 1595; x_wconf 87' lang='lat' dir='ltr'><strong>debet</strong></span> <span class='ocrx_word' id='word_1_79' title='bbox 887 1548 1117 1595; x_wconf 88' lang='lat' dir='ltr'><strong>sermo</strong></span> <span class='ocrx_word' id='word_1_80' title='bbox 1151 1523 1596 1622; x_wconf 86' lang='lat' dir='ltr'><strong>quicunque,</strong></span> <span class='ocrx_word' id='word_1_81' title='bbox 1629 1522 1842 1597; x_wconf 83' lang='lat' dir='ltr'><strong>fuisse</strong></span> <span class='ocrx_word' id='word_1_82' title='bbox 1877 1536 2073 1611; x_wconf 53' lang='lat' dir='ltr'><strong>eam.</strong></span> <span class='ocrx_word' id='word_1_83' title='bbox 2116 1536 2495 1622; x_wconf 84' lang='lat' dir='ltr'><strong>antequam</strong></span> 
     </span>
     <span class='ocr_line' id='line_1_11' title="bbox 390 1635 2494 1737; baseline 0.001 -30"><span class='ocrx_word' id='word_1_84' title='bbox 390 1658 564 1709; x_wconf 83' lang='lat' dir='ltr'><strong>esset</strong></span> <span class='ocrx_word' id='word_1_85' title='bbox 603 1662 754 1726; x_wconf 70' lang='lat' dir='ltr'><strong>am,</strong></span> <span class='ocrx_word' id='word_1_86' title='bbox 798 1635 1224 1727; x_wconf 85' lang='lat' dir='ltr'><strong>confitebor3</strong></span> <span class='ocrx_word' id='word_1_87' title='bbox 1268 1638 1529 1717; x_wconf 62' lang='lat' dir='ltr'><strong>sivero</strong></span> <span class='ocrx_word' id='word_1_88' title='bbox 1571 1664 1718 1710; x_wconf 92' lang='lat' dir='ltr'><strong>non</strong></span> <span class='ocrx_word' id='word_1_89' title='bbox 1734 1654 1762 1726; x_wconf 88' lang='grc'><strong>·,</strong></span> <span class='ocrx_word' id='word_1_90' title='bbox 1800 1636 2114 1736; x_wconf 83' lang='lat' dir='ltr'><strong>quisquis</strong></span> <span class='ocrx_word' id='word_1_91' title='bbox 2158 1637 2494 1737; x_wconf 81' lang='lat' dir='ltr'><strong>loquitur,</strong></span> 
     </span>
     <span class='ocr_line' id='line_1_12' title="bbox 390 1753 2494 1852; baseline 0 -28"><span class='ocrx_word' id='word_1_92' title='bbox 390 1774 616 1825; x_wconf 89' lang='lat' dir='ltr'><strong>orator</strong></span> <span class='ocrx_word' id='word_1_93' title='bbox 643 1773 779 1844; x_wconf 86' lang='lat' dir='ltr'><strong>est,</strong></span> <span class='ocrx_word' id='word_1_94' title='bbox 810 1773 878 1827; x_wconf 86' lang='lat' dir='ltr'><strong>et</strong></span> <span class='ocrx_word' id='word_1_95' title='bbox 898 1774 1052 1825; x_wconf 90' lang='lat' dir='ltr'><strong>tum</strong></span> <span class='ocrx_word' id='word_1_96' title='bbox 1087 1779 1231 1825; x_wconf 91' lang='lat' dir='ltr'><strong>non</strong></span> <span class='ocrx_word' id='word_1_97' title='bbox 1257 1774 1622 1852; x_wconf 82' lang='lat' dir='ltr'><strong>tamquam</strong></span> <span class='ocrx_word' id='word_1_98' title='bbox 1658 1774 1955 1825; x_wconf 86' lang='lat' dir='ltr'><strong>oratores</strong></span> <span class='ocrx_word' id='word_1_99' title='bbox 1993 1753 2494 1852; x_wconf 75' lang='lat' dir='ltr'><strong>loquebantur,</strong></span> 
     </span>
     <span class='ocr_line' id='line_1_13' title="bbox 387 1868 2496 1959; baseline -0.001 -18"><span class='ocrx_word' id='word_1_100' title='bbox 387 1894 666 1941; x_wconf 82' lang='lat' dir='ltr'><strong>necesse</strong></span> <span class='ocrx_word' id='word_1_101' title='bbox 697 1888 828 1959; x_wconf 83' lang='lat' dir='ltr'><strong>est,</strong></span> <span class='ocrx_word' id='word_1_102' title='bbox 858 1888 1199 1940; x_wconf 88' lang='lat' dir='ltr'><strong>oratorem</strong></span> <span class='ocrx_word' id='word_1_103' title='bbox 1223 1868 1489 1940; x_wconf 85' lang='lat' dir='ltr'><strong>factum</strong></span> <span class='ocrx_word' id='word_1_104' title='bbox 1518 1889 1692 1959; x_wconf 86' lang='lat' dir='ltr'><strong>arte,</strong></span> <span class='ocrx_word' id='word_1_105' title='bbox 1723 1895 1853 1940; x_wconf 88' lang='lat' dir='ltr'><strong>nec</strong></span> <span class='ocrx_word' id='word_1_106' title='bbox 1879 1876 2036 1940; x_wconf 85' lang='lat' dir='ltr'><strong>ante</strong></span> <span class='ocrx_word' id='word_1_107' title='bbox 2067 1889 2286 1942; x_wconf 85' lang='lat' dir='ltr'><strong>artem</strong></span> <span class='ocrx_word' id='word_1_108' title='bbox 2319 1868 2496 1940; x_wconf 82' lang='lat' dir='ltr'><strong>fuis·-</strong></span> 
     </span>
     <span class='ocr_line' id='line_1_14' title="bbox 387 1983 2494 2083; baseline 0 -27"><span class='ocrx_word' id='word_1_109' title='bbox 387 2010 495 2072; x_wconf 82' lang='lat' dir='ltr'><strong>se,</strong></span> <span class='ocrx_word' id='word_1_110' title='bbox 533 1985 899 2057; x_wconf 80' lang='lat' dir='ltr'><strong>fateantur.</strong></span> <span class='ocrx_word' id='word_1_111' title='bbox 946 1985 1113 2074; x_wconf 88' lang='lat' dir='ltr'><strong>Quo</strong></span> <span class='ocrx_word' id='word_1_112' title='bbox 1150 1983 1327 2056; x_wconf 92' lang='lat' dir='ltr'><strong>illud</strong></span> <span class='ocrx_word' id='word_1_113' title='bbox 1368 2010 1653 2083; x_wconf 90' lang='lat' dir='ltr'><strong>quoque</strong></span> <span class='ocrx_word' id='word_1_114' title='bbox 1692 1983 2103 2072; x_wconf 80' lang='lat' dir='ltr'><strong>excluditur,</strong></span> <span class='ocrx_word' id='word_1_115' title='bbox 2145 1984 2336 2082; x_wconf 93' lang='lat' dir='ltr'><strong>quod</strong></span> <span class='ocrx_word' id='word_1_116' title='bbox 2380 1984 2494 2056; x_wconf 92' lang='lat' dir='ltr'><strong>di-</strong></span> 
     </span>
     <span class='ocr_line' id='line_1_15' title="bbox 389 2098 2486 2199; baseline -0 -29"><span class='ocrx_word' id='word_1_117' title='bbox 389 2119 593 2197; x_wconf 75' lang='lat' dir='ltr'><strong>cunt,</strong></span> <span class='ocrx_word' id='word_1_118' title='bbox 634 2126 778 2172; x_wconf 92' lang='lat' dir='ltr'><strong>non</strong></span> <span class='ocrx_word' id='word_1_119' title='bbox 809 2125 954 2171; x_wconf 82' lang='lat' dir='ltr'><strong>esse</strong></span> <span class='ocrx_word' id='word_1_120' title='bbox 984 2098 1141 2171; x_wconf 85' lang='lat' dir='ltr'><strong>artis</strong></span> <span class='ocrx_word' id='word_1_121' title='bbox 1175 2098 1277 2188; x_wconf 85' lang='lat' dir='ltr'><strong>id,</strong></span> <span class='ocrx_word' id='word_1_122' title='bbox 1303 2098 1495 2199; x_wconf 91' lang='lat' dir='ltr'><strong>quod</strong></span> <span class='ocrx_word' id='word_1_123' title='bbox 1527 2098 1765 2188; x_wconf 87' lang='lat' dir='ltr'><strong>faciat,</strong></span> <span class='ocrx_word' id='word_1_124' title='bbox 1791 2098 1914 2198; x_wconf 94' lang='lat' dir='ltr'><strong>qui</strong></span> <span class='ocrx_word' id='word_1_125' title='bbox 1950 2126 2095 2171; x_wconf 90' lang='lat' dir='ltr'><strong>non</strong></span> <span class='ocrx_word' id='word_1_126' title='bbox 2135 2098 2486 2170; x_wconf 86' lang='lat' dir='ltr'><strong>didicerit:</strong></span> 
     </span>
     <span class='ocr_line' id='line_1_16' title="bbox 388 2212 2490 2315; baseline 0 -29"><span class='ocrx_word' id='word_1_127' title='bbox 388 2213 616 2287; x_wconf 85' lang='lat' dir='ltr'><strong>dicere</strong></span> <span class='ocrx_word' id='word_1_128' title='bbox 640 2234 875 2287; x_wconf 80' lang='lat' dir='ltr'><strong>autem</strong></span> <span class='ocrx_word' id='word_1_129' title='bbox 901 2213 1224 2287; x_wconf 80' lang='lat' dir='ltr'><strong>homines</strong></span> <span class='ocrx_word' id='word_1_130' title='bbox 1249 2235 1316 2288; x_wconf 85' lang='lat' dir='ltr'><strong>et</strong></span> <span class='ocrx_word' id='word_1_131' title='bbox 1339 2214 1462 2313; x_wconf 91' lang='lat' dir='ltr'><strong>qui</strong></span> <span class='ocrx_word' id='word_1_132' title='bbox 1491 2241 1637 2287; x_wconf 90' lang='lat' dir='ltr'><strong>non</strong></span> <span class='ocrx_word' id='word_1_133' title='bbox 1671 2212 2106 2287; x_wconf 80' lang='lat' dir='ltr'><strong>didicerint3.</strong></span> <span class='ocrx_word' id='word_1_134' title='bbox 2142 2214 2255 2286; x_wconf 90' lang='lat' dir='ltr'><strong>Ad</strong></span> <span class='ocrx_word' id='word_1_135' title='bbox 2288 2214 2399 2315; x_wconf 90' lang='lat' dir='ltr'><strong>cuj</strong></span> <span class='ocrx_word' id='word_1_136' title='bbox 2410 2241 2490 2287; x_wconf 78' lang='lat' dir='ltr'><strong>us</strong></span> 
     </span>
     <span class='ocr_line' id='line_1_17' title="bbox 386 2327 2495 2428; baseline -0 -27"><span class='ocrx_word' id='word_1_137' title='bbox 386 2331 486 2401; x_wconf 90' lang='lat' dir='ltr'><strong>rei</strong></span> <span class='ocrx_word' id='word_1_138' title='bbox 519 2329 1127 2405; x_wconf 88' lang='lat' dir='ltr'><strong>confirmationem</strong></span> <span class='ocrx_word' id='word_1_139' title='bbox 1164 2331 1506 2421; x_wconf 84' lang='lat' dir='ltr'><strong>afferunt,</strong></span> <span class='ocrx_word' id='word_1_140' title='bbox 1535 2329 1904 2403; x_wconf 86' lang='lat' dir='ltr'><strong>Demaden</strong></span> <span class='ocrx_word' id='word_1_141' title='bbox 1921 2327 1977 2419; x_wconf 77' lang='grc'><strong>4,</strong></span> <span class='ocrx_word' id='word_1_142' title='bbox 2014 2328 2354 2428; x_wconf 79' lang='lat' dir='ltr'><strong>remigem</strong></span> <span class='ocrx_word' id='word_1_143' title='bbox 2374 2386 2393 2418; x_wconf 88' lang='lat'>‚</span> <span class='ocrx_word' id='word_1_144' title='bbox 2426 2351 2495 2401; x_wconf 91' lang='lat' dir='ltr'><strong>et</strong></span> 
     </span>
    </p>
   </div>
   <div class='ocr_carea' id='block_1_3' title="bbox 2535 1209 2596 1244">
    <p class='ocr_par' dir='ltr' id='par_1_3' title="bbox 2535 1209 2596 1244">
     <span class='ocr_line' id='line_1_18' title="bbox 2535 1209 2596 1244; baseline 0 0"><span class='ocrx_word' id='word_1_145' title='bbox 2535 1209 2596 1244; x_wconf 80' lang='lat'><strong>10</strong></span> 
     </span>
    </p>
   </div>
   <div class='ocr_carea' id='block_1_4' title="bbox 2535 1665 2591 1700">
    <p class='ocr_par' dir='ltr' id='par_1_4' title="bbox 2535 1665 2591 1700">
     <span class='ocr_line' id='line_1_19' title="bbox 2535 1665 2591 1700; baseline 0 0"><span class='ocrx_word' id='word_1_146' title='bbox 2535 1665 2591 1700; x_wconf 80' lang='lat' dir='ltr'>n</span> 
     </span>
    </p>
   </div>
   <div class='ocr_carea' id='block_1_5' title="bbox 2535 2239 2595 2275">
    <p class='ocr_par' dir='ltr' id='par_1_5' title="bbox 2535 2239 2595 2275">
     <span class='ocr_line' id='line_1_20' title="bbox 2535 2239 2595 2275; baseline -0.017 0"><span class='ocrx_word' id='word_1_147' title='bbox 2535 2239 2595 2275; x_wconf 83' lang='lat'><strong>12</strong></span> 
     </span>
    </p>
   </div>
   <div class='ocr_carea' id='block_1_6' title="bbox 376 2531 1397 4268">
    <p class='ocr_par' dir='ltr' id='par_1_6' title="bbox 386 2531 1394 2684">
     <span class='ocr_line' id='line_1_21' title="bbox 386 2531 1394 2600; baseline 0.002 -13"><span class='ocrx_word' id='word_1_148' title='bbox 386 2531 536 2587; x_wconf 82' lang='lat' dir='ltr'><strong>editt.</strong></span> <span class='ocrx_word' id='word_1_149' title='bbox 555 2570 571 2600; x_wconf 90' lang='lat'>‚</span> <span class='ocrx_word' id='word_1_150' title='bbox 607 2532 762 2587; x_wconf 88' lang='lat' dir='ltr'><strong>bene.</strong></span> <span class='ocrx_word' id='word_1_151' title='bbox 795 2564 870 2574; x_wconf 94' lang='lat'><strong>—</strong></span> <span class='ocrx_word' id='word_1_152' title='bbox 899 2533 996 2589; x_wconf 88' lang='lat' dir='ltr'><strong>Ed.</strong></span> <span class='ocrx_word' id='word_1_153' title='bbox 1033 2536 1195 2590; x_wconf 71' lang='lat' dir='ltr'><strong>Cum</strong></span> <span class='ocrx_word' id='word_1_154' title='bbox 1230 2535 1394 2592; x_wconf 81' lang='lat' dir='ltr'><strong>habet</strong></span> 
     </span>
     <span class='ocr_line' id='line_1_22' title="bbox 386 2609 909 2684; baseline 0.006 -20"><span class='ocrx_word' id='word_1_155' title='bbox 386 2609 789 2684; x_wconf 75' lang='lat' dir='ltr'><strong>confirmaverit.</strong></span> <span class='ocrx_word' id='word_1_156' title='bbox 814 2616 909 2667; x_wconf 79' lang='lat' dir='ltr'><strong>En.</strong></span> 
     </span>
    </p>

    <p class='ocr_par' dir='ltr' id='par_1_7' title="bbox 376 2692 1397 4268">
     <span class='ocr_line' id='line_1_23' title="bbox 465 2692 1394 2766; baseline 0.006 -24"><span class='ocrx_word' id='word_1_157' title='bbox 465 2706 485 2742; x_wconf 91' lang='lat'>1</span> <span class='ocrx_word' id='word_1_158' title='bbox 498 2730 510 2742; x_wconf 95' lang='lat'><strong>.</strong></span> <span class='ocrx_word' id='word_1_159' title='bbox 531 2692 924 2762; x_wconf 67' lang='lat' dir='ltr'><strong>Ean-perimentis.</strong></span> <span class='ocrx_word' id='word_1_160' title='bbox 946 2696 1236 2766; x_wconf 77' lang='lat' dir='ltr'><strong>Apponam</strong></span> <span class='ocrx_word' id='word_1_161' title='bbox 1252 2694 1394 2748; x_wconf 82' lang='lat' dir='ltr'><strong>lectu</strong></span> 
     </span>
     <span class='ocr_line' id='line_1_24' title="bbox 376 2769 1390 2841; baseline 0.006 -21"><span class='ocrx_word' id='word_1_162' title='bbox 376 2769 676 2841; x_wconf 80' lang='lat' dir='ltr'><strong>jucundam</strong></span> <span class='ocrx_word' id='word_1_163' title='bbox 699 2771 917 2824; x_wconf 78' lang='lat' dir='ltr'><strong>Gesneri</strong></span> <span class='ocrx_word' id='word_1_164' title='bbox 941 2786 1125 2825; x_wconf 79' lang='lat' dir='ltr'><strong>notam</strong></span> <span class='ocrx_word' id='word_1_165' title='bbox 1146 2795 1158 2824; x_wconf 73' lang='lat' dir='ltr'>z</span> <span class='ocrx_word' id='word_1_166' title='bbox 1191 2796 1214 2819; x_wconf 79' lang='grc' dir='ltr'><strong>ιι</strong></span> <span class='ocrx_word' id='word_1_167' title='bbox 1232 2777 1390 2826; x_wconf 81' lang='lat' dir='ltr'><strong>Pote-</strong></span> 
     </span>
     <span class='ocr_line' id='line_1_25' title="bbox 392 2847 1394 2920; baseline 0.006 -21"><span class='ocrx_word' id='word_1_168' title='bbox 392 2872 420 2894; x_wconf 78' lang='grc' dir='ltr'>ι</span> <span class='ocrx_word' id='word_1_169' title='bbox 437 2862 520 2900; x_wconf 82' lang='lat' dir='ltr'><strong>rat</strong></span> <span class='ocrx_word' id='word_1_170' title='bbox 536 2847 763 2920; x_wconf 77' lang='lat' dir='ltr'><strong>adjicere</strong></span> <span class='ocrx_word' id='word_1_171' title='bbox 780 2850 976 2904; x_wconf 76' lang='lat' dir='ltr'><strong>Fabius</strong></span> <span class='ocrx_word' id='word_1_172' title='bbox 988 2888 1006 2918; x_wconf 83' lang='lat'>‚</span> <span class='ocrx_word' id='word_1_173' title='bbox 1029 2853 1073 2904; x_wconf 78' lang='lat' dir='ltr'><strong>si</strong></span> <span class='ocrx_word' id='word_1_174' title='bbox 1096 2852 1394 2905; x_wconf 78' lang='lat' dir='ltr'><strong>declamare</strong></span> 
     </span>
     <span class='ocr_line' id='line_1_26' title="bbox 391 2927 1394 2994; baseline 0.006 -19"><span class='ocrx_word' id='word_1_175' title='bbox 391 2950 416 2974; x_wconf 71' lang='lat' dir='ltr'>a</span> <span class='ocrx_word' id='word_1_176' title='bbox 438 2929 643 2979; x_wconf 81' lang='lat' dir='ltr'><strong>animus</strong></span> <span class='ocrx_word' id='word_1_177' title='bbox 670 2927 746 2980; x_wconf 89' lang='lat' dir='ltr'><strong>illi</strong></span> <span class='ocrx_word' id='word_1_178' title='bbox 771 2929 991 2994; x_wconf 77' lang='lat' dir='ltr'><strong>fuisset,</strong></span> <span class='ocrx_word' id='word_1_179' title='bbox 1017 2948 1086 2982; x_wconf 89' lang='lat' dir='ltr'><strong>ne</strong></span> <span class='ocrx_word' id='word_1_180' title='bbox 1115 2929 1394 2982; x_wconf 87' lang='lat' dir='ltr'><strong>hominum</strong></span> 
     </span>
     <span class='ocr_line' id='line_1_27' title="bbox 389 3006 1393 3079; baseline 0.004 -21"><span class='ocrx_word' id='word_1_181' title='bbox 389 3028 416 3052; x_wconf 71' lang='grc' dir='ltr'><strong><em>α</em></strong></span> <span class='ocrx_word' id='word_1_182' title='bbox 439 3006 653 3077; x_wconf 87' lang='lat' dir='ltr'><strong>quidem</strong></span> <span class='ocrx_word' id='word_1_183' title='bbox 673 3025 788 3060; x_wconf 71' lang='lat' dir='ltr'><strong>esse</strong></span> <span class='ocrx_word' id='word_1_184' title='bbox 809 3009 1164 3079; x_wconf 80' lang='lat' dir='ltr'><strong>experimenta</strong></span> <span class='ocrx_word' id='word_1_185' title='bbox 1187 3011 1393 3077; x_wconf 72' lang='lat' dir='ltr'><strong>omnia,</strong></span> 
     </span>
     <span class='ocr_line' id='line_1_28' title="bbox 390 3084 1390 3159; baseline 0.004 -24"><span class='ocrx_word' id='word_1_186' title='bbox 390 3108 417 3133; x_wconf 76' lang='grc' dir='ltr'>ι</span> <span class='ocrx_word' id='word_1_187' title='bbox 436 3084 531 3138; x_wconf 83' lang='lat' dir='ltr'><strong>sed</strong></span> <span class='ocrx_word' id='word_1_188' title='bbox 575 3104 640 3138; x_wconf 85' lang='lat' dir='ltr'><strong>ex</strong></span> <span class='ocrx_word' id='word_1_189' title='bbox 678 3099 829 3159; x_wconf 70' lang='lat' dir='ltr'><strong>perte</strong></span> <span class='ocrx_word' id='word_1_190' title='bbox 871 3088 1029 3142; x_wconf 69' lang='lat' dir='ltr'><strong>etiam</strong></span> <span class='ocrx_word' id='word_1_191' title='bbox 1069 3085 1390 3139; x_wconf 80' lang='lat' dir='ltr'><strong>animalium.</strong></span> 
     </span>
     <span class='ocr_line' id='line_1_29' title="bbox 388 3165 1394 3237; baseline -0.002 -17"><span class='ocrx_word' id='word_1_192' title='bbox 388 3190 415 3213; x_wconf 75' lang='grc' dir='ltr'><strong>ιι</strong></span> <span class='ocrx_word' id='word_1_193' title='bbox 435 3167 711 3220; x_wconf 82' lang='lat' dir='ltr'><strong>Sumamus</strong></span> <span class='ocrx_word' id='word_1_194' title='bbox 763 3184 967 3222; x_wconf 75' lang='lat' dir='ltr'><strong>summa</strong></span> <span class='ocrx_word' id='word_1_195' title='bbox 1014 3165 1104 3218; x_wconf 83' lang='lat' dir='ltr'><strong>illa</strong></span> <span class='ocrx_word' id='word_1_196' title='bbox 1151 3165 1394 3237; x_wconf 68' lang='lat' dir='ltr'><strong>praesidia</strong></span> 
     </span>
     <span class='ocr_line' id='line_1_30' title="bbox 389 3243 1395 3317; baseline 0 -20"><span class='ocrx_word' id='word_1_197' title='bbox 389 3269 417 3292; x_wconf 73' lang='grc' dir='ltr'>ι</span> <span class='ocrx_word' id='word_1_198' title='bbox 436 3244 789 3298; x_wconf 81' lang='lat' dir='ltr'><strong>medicorum:</strong></span> <span class='ocrx_word' id='word_1_199' title='bbox 810 3264 953 3298; x_wconf 77' lang='lat' dir='ltr'><strong>venae</strong></span> <span class='ocrx_word' id='word_1_200' title='bbox 972 3246 1262 3298; x_wconf 70' lang='lat' dir='ltr'><strong>sectionem</strong></span> <span class='ocrx_word' id='word_1_201' title='bbox 1279 3243 1395 3317; x_wconf 79' lang='lat' dir='ltr'><strong>hip-</strong></span> 
     </span>
     <span class='ocr_line' id='line_1_31' title="bbox 390 3323 1389 3396; baseline 0.001 -21"><span class='ocrx_word' id='word_1_202' title='bbox 390 3347 415 3370; x_wconf 79' lang='grc' dir='ltr'><strong>σι</strong></span> <span class='ocrx_word' id='word_1_203' title='bbox 435 3338 757 3396; x_wconf 72' lang='lat' dir='ltr'><strong>popotatnus</strong></span> <span class='ocrx_word' id='word_1_204' title='bbox 790 3325 1130 3390; x_wconf 79' lang='lat' dir='ltr'><strong>monstravit,</strong></span> <span class='ocrx_word' id='word_1_205' title='bbox 1161 3323 1293 3377; x_wconf 78' lang='lat' dir='ltr'><strong>Ptin.</strong></span> <span class='ocrx_word' id='word_1_206' title='bbox 1321 3325 1389 3378; x_wconf 89' lang='grc' dir='ltr'><strong>Η.</strong></span> 
     </span>
     <span class='ocr_line' id='line_1_32' title="bbox 389 3401 1392 3475; baseline -0.001 -18"><span class='ocrx_word' id='word_1_207' title='bbox 389 3406 502 3457; x_wconf 82' lang='lat' dir='ltr'><strong>-N.</strong></span> <span class='ocrx_word' id='word_1_208' title='bbox 526 3407 672 3471; x_wconf 84' lang='lat' dir='ltr'>VIII,</span> <span class='ocrx_word' id='word_1_209' title='bbox 706 3404 802 3471; x_wconf 74' lang='lat'><strong>26,</strong></span> <span class='ocrx_word' id='word_1_210' title='bbox 833 3401 886 3455; x_wconf 89' lang='lat' dir='ltr'><strong>S.</strong></span> <span class='ocrx_word' id='word_1_211' title='bbox 921 3404 1018 3472; x_wconf 77' lang='grc' dir='ltr'><strong>4ο,</strong></span> <span class='ocrx_word' id='word_1_212' title='bbox 1050 3423 1105 3475; x_wconf 88' lang='lat' dir='ltr'><strong>p.</strong></span> <span class='ocrx_word' id='word_1_213' title='bbox 1141 3405 1253 3475; x_wconf 85' lang='lat' dir='ltr'><strong>Bip.</strong></span> <span class='ocrx_word' id='word_1_214' title='bbox 1288 3404 1392 3472; x_wconf 82' lang='lat'><strong>93,</strong></span> 
     </span>
     <span class='ocr_line' id='line_1_33' title="bbox 391 3481 1391 3556; baseline 0.006 -26"><span class='ocrx_word' id='word_1_215' title='bbox 391 3506 417 3529; x_wconf 71' lang='lat' dir='ltr'><strong>a·</strong></span> <span class='ocrx_word' id='word_1_216' title='bbox 436 3485 724 3544; x_wconf 73' lang='lat' dir='ltr'><strong>vomitione</strong></span> <span class='ocrx_word' id='word_1_217' title='bbox 769 3502 930 3538; x_wconf 76' lang='lat' dir='ltr'><strong>canes</strong></span> <span class='ocrx_word' id='word_1_218' title='bbox 948 3521 964 3550; x_wconf 87' lang='lat'>‚</span> <span class='ocrx_word' id='word_1_219' title='bbox 1010 3482 1232 3556; x_wconf 70' lang='lat' dir='ltr'><strong>clystere</strong></span> <span class='ocrx_word' id='word_1_220' title='bbox 1277 3481 1391 3538; x_wconf 76' lang='lat' dir='ltr'><strong>ibes</strong></span> 
     </span>
     <span class='ocr_line' id='line_1_34' title="bbox 391 3561 1392 3635; baseline -0.001 -18"><span class='ocrx_word' id='word_1_221' title='bbox 391 3583 417 3608; x_wconf 64' lang='grc' dir='ltr'><strong><em>ι</em></strong></span> <span class='ocrx_word' id='word_1_222' title='bbox 436 3563 688 3635; x_wconf 68' lang='lat' dir='ltr'><strong>Egyptite</strong></span> <span class='ocrx_word' id='word_1_223' title='bbox 712 3566 858 3635; x_wconf 80' lang='lat' dir='ltr'><strong>prius</strong></span> <span class='ocrx_word' id='word_1_224' title='bbox 882 3582 1041 3634; x_wconf 80' lang='lat' dir='ltr'><strong>quam</strong></span> <span class='ocrx_word' id='word_1_225' title='bbox 1062 3561 1227 3615; x_wconf 87' lang='lat' dir='ltr'><strong>homo</strong></span> <span class='ocrx_word' id='word_1_226' title='bbox 1257 3580 1392 3628; x_wconf 78' lang='lat' dir='ltr'><strong>usae,</strong></span> 
     </span>
     <span class='ocr_line' id='line_1_35' title="bbox 389 3639 1394 3708; baseline 0.004 -20"><span class='ocrx_word' id='word_1_227' title='bbox 389 3640 546 3692; x_wconf 72' lang='lat' dir='ltr'><strong>«Cic.</strong></span> <span class='ocrx_word' id='word_1_228' title='bbox 586 3640 655 3693; x_wconf 89' lang='lat' dir='ltr'><strong>de</strong></span> <span class='ocrx_word' id='word_1_229' title='bbox 685 3644 807 3696; x_wconf 79' lang='lat' dir='ltr'><strong>Nat.</strong></span> <span class='ocrx_word' id='word_1_230' title='bbox 839 3645 1000 3696; x_wconf 84' lang='lat' dir='ltr'><strong>Deor.</strong></span> <span class='ocrx_word' id='word_1_231' title='bbox 1035 3644 1119 3707; x_wconf 87' lang='lat'><strong>11,</strong></span> <span class='ocrx_word' id='word_1_232' title='bbox 1154 3639 1258 3708; x_wconf 87' lang='lat'><strong>50,</strong></span> <span class='ocrx_word' id='word_1_233' title='bbox 1300 3640 1394 3696; x_wconf 74' lang='lat' dir='ltr'><strong>uhi</strong></span> 
     </span>
     <span class='ocr_line' id='line_1_36' title="bbox 394 3709 1392 3789; baseline 0.002 -20"><span class='ocrx_word' id='word_1_234' title='bbox 394 3739 418 3764; x_wconf 76' lang='grc' dir='ltr'>ι</span> <span class='ocrx_word' id='word_1_235' title='bbox 438 3716 615 3789; x_wconf 72' lang='lat' dir='ltr'><strong>plures</strong></span> <span class='ocrx_word' id='word_1_236' title='bbox 647 3718 704 3772; x_wconf 79' lang='lat' dir='ltr'><strong>id</strong></span> <span class='ocrx_word' id='word_1_237' title='bbox 732 3738 897 3789; x_wconf 71' lang='lat' dir='ltr'><strong>genus</strong></span> <span class='ocrx_word' id='word_1_238' title='bbox 928 3719 1215 3784; x_wconf 77' lang='lat' dir='ltr'><strong>medicinas</strong></span> <span class='ocrx_word' id='word_1_239' title='bbox 1231 3709 1392 3784; x_wconf 27' lang='lat' dir='ltr'><strong>‘com&#39;-</strong></span> 
     </span>
     <span class='ocr_line' id='line_1_37' title="bbox 393 3800 1393 3879; baseline 0.008 -35"><span class='ocrx_word' id='word_1_240' title='bbox 393 3820 420 3844; x_wconf 73' lang='lat'>«</span> <span class='ocrx_word' id='word_1_241' title='bbox 441 3812 730 3879; x_wconf 68' lang='lat' dir='ltr'><strong>memorat:</strong></span> <span class='ocrx_word' id='word_1_242' title='bbox 761 3802 1157 3871; x_wconf 72' lang='lat' dir='ltr'><strong>copiosissimus</strong></span> <span class='ocrx_word' id='word_1_243' title='bbox 1184 3815 1264 3853; x_wconf 81' lang='lat' dir='ltr'><strong>est</strong></span> <span class='ocrx_word' id='word_1_244' title='bbox 1285 3800 1393 3852; x_wconf 81' lang='lat' dir='ltr'><strong>Pli-</strong></span> 
     </span>
     <span class='ocr_line' id='line_1_38' title="bbox 397 3878 1392 3952; baseline 0.001 -21"><span class='ocrx_word' id='word_1_245' title='bbox 397 3880 559 3931; x_wconf 74' lang='lat' dir='ltr'><strong>unius</strong></span> <span class='ocrx_word' id='word_1_246' title='bbox 581 3880 727 3944; x_wconf 84' lang='lat' dir='ltr'>VIII,</span> <span class='ocrx_word' id='word_1_247' title='bbox 755 3895 818 3948; x_wconf 80' lang='lat'><strong>27</strong></span> <span class='ocrx_word' id='word_1_248' title='bbox 843 3878 988 3951; x_wconf 90' lang='lat' dir='ltr'><strong>(Bip.</strong></span> <span class='ocrx_word' id='word_1_249' title='bbox 1013 3900 1061 3933; x_wconf 89' lang='lat' dir='ltr'><strong>c.</strong></span> <span class='ocrx_word' id='word_1_250' title='bbox 1089 3881 1185 3948; x_wconf 70' lang='lat'><strong>41,</strong></span> <span class='ocrx_word' id='word_1_251' title='bbox 1209 3900 1261 3952; x_wconf 89' lang='lat' dir='ltr'><strong>p.</strong></span> <span class='ocrx_word' id='word_1_252' title='bbox 1288 3881 1392 3950; x_wconf 72' lang='lat'><strong>94,</strong></span> 
     </span>
     <span class='ocr_line' id='line_1_39' title="bbox 393 3958 1396 4032; baseline 0.006 -26"><span class='ocrx_word' id='word_1_253' title='bbox 393 3982 421 4006; x_wconf 76' lang='grc' dir='ltr'><strong>ιι</strong></span> <span class='ocrx_word' id='word_1_254' title='bbox 440 3958 560 4028; x_wconf 83' lang='lat'><strong>95).</strong></span> <span class='ocrx_word' id='word_1_255' title='bbox 585 3984 607 4008; x_wconf 77' lang='grc' dir='ltr'><strong>ιι</strong></span> <span class='ocrx_word' id='word_1_256' title='bbox 631 3959 1111 4030; x_wconf 78' lang='lat' dir='ltr'><strong>-Experimentis.</strong></span> <span class='ocrx_word' id='word_1_257' title='bbox 1138 3962 1396 4032; x_wconf 83' lang='lat' dir='ltr'><strong>Serapion</strong></span> 
     </span>
     <span class='ocr_line' id='line_1_40' title="bbox 393 4037 1395 4110; baseline 0.001 -20"><span class='ocrx_word' id='word_1_258' title='bbox 393 4037 507 4091; x_wconf 69' lang='lat' dir='ltr'><strong>sola</strong></span> <span class='ocrx_word' id='word_1_259' title='bbox 553 4041 757 4110; x_wconf 72' lang='lat' dir='ltr'><strong>putavit</strong></span> <span class='ocrx_word' id='word_1_260' title='bbox 807 4040 1128 4109; x_wconf 77' lang='lat' dir='ltr'><strong>experientia</strong></span> <span class='ocrx_word' id='word_1_261' title='bbox 1173 4039 1395 4092; x_wconf 88' lang='lat' dir='ltr'><strong>medici-</strong></span> 
     </span>
     <span class='ocr_line' id='line_1_41' title="bbox 389 4119 1394 4189; baseline 0.001 -19"><span class='ocrx_word' id='word_1_262' title='bbox 389 4131 516 4172; x_wconf 72' lang='lat' dir='ltr'><strong>nam</strong></span> <span class='ocrx_word' id='word_1_263' title='bbox 529 4132 771 4171; x_wconf 76' lang='lat' dir='ltr'><strong>constare</strong></span> <span class='ocrx_word' id='word_1_264' title='bbox 786 4120 916 4170; x_wconf 78' lang='lat' dir='ltr'><strong>citra</strong></span> <span class='ocrx_word' id='word_1_265' title='bbox 929 4119 1185 4170; x_wconf 75' lang='lat' dir='ltr'><strong>rationem</strong></span> <span class='ocrx_word' id='word_1_266' title='bbox 1201 4140 1212 4169; x_wconf 89' lang='lat'>:</span> <span class='ocrx_word' id='word_1_267' title='bbox 1237 4137 1394 4189; x_wconf 85' lang='lat' dir='ltr'><strong>quem</strong></span> 
     </span>
     <span class='ocr_line' id='line_1_42' title="bbox 391 4197 1397 4268; baseline -0.002 -17"><span class='ocrx_word' id='word_1_268' title='bbox 391 4197 545 4252; x_wconf 79' lang='lat' dir='ltr'><strong>multi</strong></span> <span class='ocrx_word' id='word_1_269' title='bbox 578 4200 746 4252; x_wconf 71' lang='lat' dir='ltr'><strong>secuti</strong></span> <span class='ocrx_word' id='word_1_270' title='bbox 780 4210 928 4264; x_wconf 71' lang='lat' dir='ltr'><strong>eunt,</strong></span> <span class='ocrx_word' id='word_1_271' title='bbox 955 4199 1047 4268; x_wconf 91' lang='lat' dir='ltr'><strong>qui</strong></span> <span class='ocrx_word' id='word_1_272' title='bbox 1071 4199 1245 4249; x_wconf 80' lang='lat' dir='ltr'><strong>vocati</strong></span> <span class='ocrx_word' id='word_1_273' title='bbox 1274 4211 1397 4249; x_wconf 77' lang='lat' dir='ltr'><strong>sunt</strong></span> 
     </span>
    </p>
   </div>
   <div class='ocr_carea' id='block_1_7' title="bbox 1471 2534 2497 3400">
    <p class='ocr_par' dir='ltr' id='par_1_8' title="bbox 1471 2534 2493 2671">
     <span class='ocr_line' id='line_1_43' title="bbox 1482 2534 2493 2610; baseline -0.002 -19"><span class='ocrx_word' id='word_1_274' title='bbox 1482 2538 1741 2610; x_wconf 86' lang='lat' dir='ltr'><strong>empirici.</strong></span> <span class='ocrx_word' id='word_1_275' title='bbox 1769 2536 1904 2591; x_wconf 87' lang='lat' dir='ltr'><strong>Vide</strong></span> <span class='ocrx_word' id='word_1_276' title='bbox 1940 2536 2150 2590; x_wconf 77' lang='lat' dir='ltr'><strong>comet.</strong></span> <span class='ocrx_word' id='word_1_277' title='bbox 2189 2534 2401 2590; x_wconf 76' lang='lat' dir='ltr'><strong>Celsum</strong></span> <span class='ocrx_word' id='word_1_278' title='bbox 2437 2536 2493 2589; x_wconf 91' lang='lat' dir='ltr'><strong>in</strong></span> 
     </span>
     <span class='ocr_line' id='line_1_44' title="bbox 1471 2615 2255 2671; baseline -0.001 -3"><span class='ocrx_word' id='word_1_279' title='bbox 1471 2618 1687 2671; x_wconf 66' lang='lat' dir='ltr'><strong>,Praefat.</strong></span> <span class='ocrx_word' id='word_1_280' title='bbox 1712 2615 1807 2669; x_wconf 83' lang='lat' dir='ltr'><strong>lib.</strong></span> <span class='ocrx_word' id='word_1_281' title='bbox 1834 2616 1901 2669; x_wconf 88' lang='lat' dir='ltr'><strong>de</strong></span> <span class='ocrx_word' id='word_1_282' title='bbox 1926 2616 2069 2670; x_wconf 77' lang='lat' dir='ltr'><strong>Med.</strong></span> <span class='ocrx_word' id='word_1_283' title='bbox 2090 2618 2255 2668; x_wconf 71' lang='lat' dir='ltr'><strong>Tum«.</strong></span> 
     </span>
    </p>

    <p class='ocr_par' dir='ltr' id='par_1_9' title="bbox 1481 2693 2489 2846">
     <span class='ocr_line' id='line_1_45' title="bbox 1556 2693 2489 2762; baseline -0.001 -16"><span class='ocrx_word' id='word_1_284' title='bbox 1556 2712 1605 2747; x_wconf 66' lang='grc' dir='ltr'><strong>α.</strong></span> <span class='ocrx_word' id='word_1_285' title='bbox 1636 2695 1914 2751; x_wconf 81' lang='lat' dir='ltr'><strong>Valetudo.</strong></span> <span class='ocrx_word' id='word_1_286' title='bbox 1935 2694 2069 2748; x_wconf 85' lang='lat' dir='ltr'><strong>Vide</strong></span> <span class='ocrx_word' id='word_1_287' title='bbox 2092 2697 2168 2761; x_wconf 81' lang='grc' dir='ltr'><strong>Π,</strong></span> <span class='ocrx_word' id='word_1_288' title='bbox 2210 2693 2300 2762; x_wconf 86' lang='lat'><strong>16,</strong></span> <span class='ocrx_word' id='word_1_289' title='bbox 2333 2695 2400 2762; x_wconf 75' lang='lat'><strong>63</strong></span> <span class='ocrx_word' id='word_1_290' title='bbox 2433 2697 2489 2747; x_wconf 83' lang='lat' dir='ltr'><strong>it.</strong></span> 
     </span>
     <span class='ocr_line' id='line_1_46' title="bbox 1481 2774 2367 2846; baseline 0 -20"><span class='ocrx_word' id='word_1_291' title='bbox 1481 2774 1596 2846; x_wconf 77' lang='lat' dir='ltr'><strong>huj.</strong></span> <span class='ocrx_word' id='word_1_292' title='bbox 1622 2792 1669 2827; x_wconf 89' lang='lat' dir='ltr'><strong>c.</strong></span> <span class='ocrx_word' id='word_1_293' title='bbox 1696 2776 1743 2841; x_wconf 71' lang='lat' dir='ltr'><strong>S.</strong></span> <span class='ocrx_word' id='word_1_294' title='bbox 1759 2774 1859 2826; x_wconf 57' lang='lat'><strong>25.</strong></span> <span class='ocrx_word' id='word_1_295' title='bbox 2360 2835 2367 2842; x_wconf 87' lang='lat'><strong>.</strong></span> 
     </span>
    </p>

    <p class='ocr_par' dir='ltr' id='par_1_10' title="bbox 1481 2851 2497 3400">
     <span class='ocr_line' id='line_1_47' title="bbox 1560 2851 2490 2906; baseline 0.001 -2"><span class='ocrx_word' id='word_1_296' title='bbox 1560 2853 1606 2905; x_wconf 83' lang='lat'><strong>3.</strong></span> <span class='ocrx_word' id='word_1_297' title='bbox 1632 2852 1940 2904; x_wconf 71' lang='lat' dir='ltr'><strong>Didioen‘nt.</strong></span> <span class='ocrx_word' id='word_1_298' title='bbox 1968 2853 2049 2904; x_wconf 78' lang='lat' dir='ltr'><strong>Ita</strong></span> <span class='ocrx_word' id='word_1_299' title='bbox 2069 2851 2243 2904; x_wconf 83' lang='lat' dir='ltr'><strong>Guelf.</strong></span> <span class='ocrx_word' id='word_1_300' title='bbox 2271 2865 2324 2905; x_wconf 87' lang='lat' dir='ltr'><strong>et</strong></span> <span class='ocrx_word' id='word_1_301' title='bbox 2344 2853 2490 2906; x_wconf 77' lang='lat' dir='ltr'><strong>Jens.</strong></span> 
     </span>
     <span class='ocr_line' id='line_1_48' title="bbox 1481 2930 2490 3004; baseline -0.001 -21"><span class='ocrx_word' id='word_1_302' title='bbox 1481 2930 1610 3002; x_wconf 80' lang='lat' dir='ltr'><strong>(tae.</strong></span> <span class='ocrx_word' id='word_1_303' title='bbox 1634 2932 1822 3004; x_wconf 80' lang='lat' dir='ltr'><strong>Gesn.)</strong></span> <span class='ocrx_word' id='word_1_304' title='bbox 1845 2950 1970 2984; x_wconf 88' lang='lat' dir='ltr'><strong>cum</strong></span> <span class='ocrx_word' id='word_1_305' title='bbox 1994 2930 2115 2984; x_wconf 78' lang='lat' dir='ltr'><strong>edd.</strong></span> <span class='ocrx_word' id='word_1_306' title='bbox 2142 2945 2265 2984; x_wconf 83' lang='lat' dir='ltr'><strong>ante</strong></span> <span class='ocrx_word' id='word_1_307' title='bbox 2289 2930 2490 3004; x_wconf 81' lang='lat' dir='ltr'><strong>Gryph.</strong></span> 
     </span>
     <span class='ocr_line' id='line_1_49' title="bbox 1484 3006 2497 3080; baseline 0.001 -20"><span class='ocrx_word' id='word_1_308' title='bbox 1484 3010 1732 3062; x_wconf 83' lang='lat' dir='ltr'><strong>omnibus</strong></span> <span class='ocrx_word' id='word_1_309' title='bbox 1753 3048 1769 3075; x_wconf 86' lang='lat'>,</span> <span class='ocrx_word' id='word_1_310' title='bbox 1794 3011 2070 3062; x_wconf 63' lang='lat' dir='ltr'><strong>xlatinitate</strong></span> <span class='ocrx_word' id='word_1_311' title='bbox 2109 3023 2177 3076; x_wconf 19' lang='lat' dir='ltr'><strong>et*</strong></span> <span class='ocrx_word' id='word_1_312' title='bbox 2198 3010 2371 3079; x_wconf 72' lang='lat' dir='ltr'><strong>logica</strong></span> <span class='ocrx_word' id='word_1_313' title='bbox 2404 3006 2497 3080; x_wconf 46' lang='lat' dir='ltr'><strong>&#39;ju-&#39;-</strong></span> 
     </span>
     <span class='ocr_line' id='line_1_50' title="bbox 1481 3087 2497 3150; baseline -0.002 -7"><span class='ocrx_word' id='word_1_314' title='bbox 1481 3087 1749 3150; x_wconf 70' lang='lat' dir='ltr'><strong>hemihm.</strong></span> <span class='ocrx_word' id='word_1_315' title='bbox 1790 3090 1973 3141; x_wconf 79' lang='lat' dir='ltr'><strong>Caeteri</strong></span> <span class='ocrx_word' id='word_1_316' title='bbox 2011 3088 2320 3140; x_wconf 78' lang='lat' dir='ltr'><strong>didicerunt.</strong></span> <span class='ocrx_word' id='word_1_317' title='bbox 2360 3089 2497 3141; x_wconf 85' lang='lat' dir='ltr'><strong>Illud</strong></span> 
     </span>
     <span class='ocr_line' id='line_1_51' title="bbox 1482 3159 2494 3239; baseline -0.001 -17"><span class='ocrx_word' id='word_1_318' title='bbox 1482 3167 1679 3234; x_wconf 66' lang='lat' dir='ltr'><strong>lavim,</strong></span> <span class='ocrx_word' id='word_1_319' title='bbox 1705 3168 1850 3239; x_wconf 85' lang='lat' dir='ltr'><strong>quod</strong></span> <span class='ocrx_word' id='word_1_320' title='bbox 1882 3167 2045 3221; x_wconf 84' lang='lat' dir='ltr'><strong>Goth.</strong></span> <span class='ocrx_word' id='word_1_321' title='bbox 2077 3159 2219 3234; x_wconf 69' lang='lat' dir='ltr'><strong>Je&#39;ns,</strong></span> <span class='ocrx_word' id='word_1_322' title='bbox 2254 3168 2494 3239; x_wconf 82' lang='lat' dir='ltr'><strong>(tacente</strong></span> 
     </span>
     <span class='ocr_line' id='line_1_52' title="bbox 1482 3247 2491 3318; baseline -0.003 -17"><span class='ocrx_word' id='word_1_323' title='bbox 1482 3247 1682 3318; x_wconf 78' lang='lat' dir='ltr'><strong>Gesn.)</strong></span> <span class='ocrx_word' id='word_1_324' title='bbox 1705 3266 1830 3312; x_wconf 77' lang='lat' dir='ltr'><strong>eum</strong></span> <span class='ocrx_word' id='word_1_325' title='bbox 1856 3247 2260 3318; x_wconf 32' lang='lat' dir='ltr'><strong>codd-aliquot</strong></span> <span class='ocrx_word' id='word_1_326' title='bbox 2289 3260 2342 3298; x_wconf 86' lang='lat' dir='ltr'><strong>et</strong></span> <span class='ocrx_word' id='word_1_327' title='bbox 2370 3247 2491 3299; x_wconf 90' lang='lat' dir='ltr'><strong>edd.</strong></span> 
     </span>
     <span class='ocr_line' id='line_1_53' title="bbox 1485 3325 2495 3400; baseline 0.001 -23"><span class='ocrx_word' id='word_1_328' title='bbox 1485 3339 1609 3400; x_wconf 82' lang='lat' dir='ltr'><strong>ante</strong></span> <span class='ocrx_word' id='word_1_329' title='bbox 1636 3327 1835 3400; x_wconf 74' lang='lat' dir='ltr'><strong>Gryph.</strong></span> <span class='ocrx_word' id='word_1_330' title='bbox 1866 3326 2029 3378; x_wconf 89' lang='lat' dir='ltr'><strong>modo</strong></span> <span class='ocrx_word' id='word_1_331' title='bbox 2062 3344 2161 3398; x_wconf 85' lang='lat' dir='ltr'><strong>pro</strong></span> <span class='ocrx_word' id='word_1_332' title='bbox 2196 3328 2328 3396; x_wconf 65' lang='lat' dir='ltr'><strong>sing.</strong></span> <span class='ocrx_word' id='word_1_333' title='bbox 2365 3325 2495 3378; x_wconf 80' lang='lat' dir='ltr'><strong>dant</strong></span> 
     </span>
    </p>
   </div>
   <div class='ocr_carea' id='block_1_8' title="bbox 1467 3405 2493 3478">
    <p class='ocr_par' dir='ltr' id='par_1_11' title="bbox 1467 3405 2493 3478">
     <span class='ocr_line' id='line_1_54' title="bbox 1467 3405 2493 3478; baseline 0.003 -24"><span class='ocrx_word' id='word_1_334' title='bbox 1467 3405 1761 3478; x_wconf 75' lang='lat' dir='ltr'><strong>,phu-alem.</strong></span> <span class='ocrx_word' id='word_1_335' title='bbox 1779 3405 2084 3476; x_wconf 73' lang='lat' dir='ltr'><strong>Elegantior</strong></span> <span class='ocrx_word' id='word_1_336' title='bbox 2097 3419 2177 3457; x_wconf 87' lang='lat' dir='ltr'><strong>est</strong></span> <span class='ocrx_word' id='word_1_337' title='bbox 2196 3406 2493 3477; x_wconf 47' lang='lat' dir='ltr'><strong>singularis»,</strong></span> 
     </span>
    </p>
   </div>
   <div class='ocr_carea' id='block_1_9' title="bbox 1469 3483 2541 3947">
    <p class='ocr_par' dir='ltr' id='par_1_12' title="bbox 1469 3483 2541 3874">
     <span class='ocr_line' id='line_1_55' title="bbox 1483 3483 2495 3557; baseline 0 -21"><span class='ocrx_word' id='word_1_338' title='bbox 1483 3502 1645 3556; x_wconf 79' lang='lat' dir='ltr'><strong>quem</strong></span> <span class='ocrx_word' id='word_1_339' title='bbox 1671 3497 1851 3537; x_wconf 87' lang='lat' dir='ltr'><strong>tuetur</strong></span> <span class='ocrx_word' id='word_1_340' title='bbox 1870 3483 2044 3536; x_wconf 85' lang='lat' dir='ltr'><strong>Guelf.</strong></span> <span class='ocrx_word' id='word_1_341' title='bbox 2071 3485 2247 3538; x_wconf 67' lang='lat' dir='ltr'><strong>Tur-ic.</strong></span> <span class='ocrx_word' id='word_1_342' title='bbox 2275 3485 2331 3538; x_wconf 79' lang='lat' dir='ltr'><strong>id</strong></span> <span class='ocrx_word' id='word_1_343' title='bbox 2354 3485 2495 3557; x_wconf 83' lang='lat' dir='ltr'><strong>quod</strong></span> 
     </span>
     <span class='ocr_line' id='line_1_56' title="bbox 1471 3561 2489 3634; baseline -0.003 -19"><span class='ocrx_word' id='word_1_344' title='bbox 1471 3563 1688 3634; x_wconf 62' lang='lat' dir='ltr'><strong>facifnt</strong></span> <span class='ocrx_word' id='word_1_345' title='bbox 1716 3574 1769 3614; x_wconf 80' lang='lat' dir='ltr'><strong>et</strong></span> <span class='ocrx_word' id='word_1_346' title='bbox 1796 3561 2100 3630; x_wconf 68' lang='lat' dir='ltr'><strong>didicerint,</strong></span> <span class='ocrx_word' id='word_1_347' title='bbox 2136 3565 2342 3615; x_wconf 82' lang='lat' dir='ltr'><strong>omissis</strong></span> <span class='ocrx_word' id='word_1_348' title='bbox 2371 3563 2453 3614; x_wconf 85' lang='lat' dir='ltr'><strong>his</strong></span> <span class='ocrx_word' id='word_1_349' title='bbox 2477 3586 2489 3612; x_wconf 87' lang='lat'>:</span> 
     </span>
     <span class='ocr_line' id='line_1_57' title="bbox 1481 3639 2541 3715; baseline 0 -21"><span class='ocrx_word' id='word_1_350' title='bbox 1481 3643 1533 3694; x_wconf 86' lang='lat' dir='ltr'><strong>d.</strong></span> <span class='ocrx_word' id='word_1_351' title='bbox 1553 3663 1606 3696; x_wconf 78' lang='lat' dir='ltr'><strong>a.</strong></span> <span class='ocrx_word' id='word_1_352' title='bbox 1628 3643 1681 3695; x_wconf 74' lang='lat' dir='ltr'><strong>h.</strong></span> <span class='ocrx_word' id='word_1_353' title='bbox 1701 3662 1746 3696; x_wconf 81' lang='lat' dir='ltr'><strong>e.</strong></span> <span class='ocrx_word' id='word_1_354' title='bbox 1768 3662 1818 3715; x_wconf 82' lang='lat' dir='ltr'><strong>q.</strong></span> <span class='ocrx_word' id='word_1_355' title='bbox 1840 3661 1897 3694; x_wconf 81' lang='lat' dir='ltr'><strong>n.</strong></span> <span class='ocrx_word' id='word_1_356' title='bbox 1917 3642 1969 3693; x_wconf 87' lang='lat' dir='ltr'><strong>d.</strong></span> <span class='ocrx_word' id='word_1_357' title='bbox 1992 3643 2427 3696; x_wconf 84' lang='lat' dir='ltr'><strong>cumAlm.—R.</strong></span> <span class='ocrx_word' id='word_1_358' title='bbox 2448 3659 2492 3706; x_wconf 87' lang='grc' dir='ltr'><strong>ι,</strong></span> <span class='ocrx_word' id='word_1_359' title='bbox 2530 3639 2541 3660; x_wconf 76' lang='lat'><strong>¹</strong></span> 
     </span>
     <span class='ocr_line' id='line_1_58' title="bbox 1469 3721 2490 3794; baseline 0 -21"><span class='ocrx_word' id='word_1_360' title='bbox 1469 3721 1703 3794; x_wconf 78' lang='lat' dir='ltr'><strong>saciat...</strong></span> <span class='ocrx_word' id='word_1_361' title='bbox 1728 3721 1978 3774; x_wconf 77' lang='lat' dir='ltr'><strong>didicerit.</strong></span> <span class='ocrx_word' id='word_1_362' title='bbox 2004 3722 2112 3774; x_wconf 81' lang='lat' dir='ltr'><strong>RR.</strong></span> <span class='ocrx_word' id='word_1_363' title='bbox 2139 3738 2165 3772; x_wconf 80' lang='lat'><em>2</em></span> <span class='ocrx_word' id='word_1_364' title='bbox 2180 3758 2199 3788; x_wconf 83' lang='lat'><strong>‚</strong></span> <span class='ocrx_word' id='word_1_365' title='bbox 2220 3722 2281 3787; x_wconf 86' lang='lat'><strong>3,</strong></span> <span class='ocrx_word' id='word_1_366' title='bbox 2299 3722 2490 3787; x_wconf 71' lang='lat' dir='ltr'><strong>Cum,</strong></span> 
     </span>
     <span class='ocr_line' id='line_1_59' title="bbox 1472 3801 2176 3874; baseline -0.004 -20"><span class='ocrx_word' id='word_1_367' title='bbox 1472 3801 1742 3874; x_wconf 74' lang='lat' dir='ltr'><strong>faciant...</strong></span> <span class='ocrx_word' id='word_1_368' title='bbox 1768 3801 2056 3852; x_wconf 72' lang='lat' dir='ltr'><strong>didicerim.</strong></span> <span class='ocrx_word' id='word_1_369' title='bbox 2083 3803 2176 3854; x_wconf 85' lang='lat' dir='ltr'><strong>En.</strong></span> 
     </span>
    </p>

    <p class='ocr_par' dir='ltr' id='par_1_13' title="bbox 1497 3879 2489 3947">
     <span class='ocr_line' id='line_1_60' title="bbox 1497 3879 2489 3947; baseline -0.004 -11"><span class='ocrx_word' id='word_1_370' title='bbox 1497 3927 1502 3936; x_wconf 94' lang='lat'><strong>.</strong></span> <span class='ocrx_word' id='word_1_371' title='bbox 1555 3882 1607 3947; x_wconf 74' lang='grc'><strong>4.</strong></span> <span class='ocrx_word' id='word_1_372' title='bbox 1642 3880 1930 3932; x_wconf 82' lang='lat' dir='ltr'><strong>Demaden.</strong></span> <span class='ocrx_word' id='word_1_373' title='bbox 1965 3880 2048 3931; x_wconf 89' lang='lat' dir='ltr'><strong>Sic</strong></span> <span class='ocrx_word' id='word_1_374' title='bbox 2083 3879 2257 3932; x_wconf 88' lang='lat' dir='ltr'><strong>Guelf.</strong></span> <span class='ocrx_word' id='word_1_375' title='bbox 2297 3882 2489 3932; x_wconf 68' lang='lat' dir='ltr'><strong>rectius</strong></span> 
     </span>
    </p>
   </div>
   <div class='ocr_carea' id='block_1_10' title="bbox 1485 3959 2485 4032">
    <p class='ocr_par' dir='ltr' id='par_1_14' title="bbox 1485 3959 2485 4032">
     <span class='ocr_line' id='line_1_61' title="bbox 1485 3959 2485 4032; baseline -0.002 -18"><span class='ocrx_word' id='word_1_376' title='bbox 1485 3975 1647 4032; x_wconf 73' lang='lat' dir='ltr'><strong>quam</strong></span> <span class='ocrx_word' id='word_1_377' title='bbox 1668 3959 1968 4011; x_wconf 77' lang='lat' dir='ltr'><strong>Demadem.</strong></span> <span class='ocrx_word' id='word_1_378' title='bbox 1992 3989 2064 3998; x_wconf 94' lang='lat'><strong>——</strong></span> <span class='ocrx_word' id='word_1_379' title='bbox 2085 3962 2164 4011; x_wconf 79' lang='lat' dir='ltr'><strong>Ita</strong></span> <span class='ocrx_word' id='word_1_380' title='bbox 2189 3977 2402 4031; x_wconf 85' lang='lat' dir='ltr'><strong>quoque</strong></span> <span class='ocrx_word' id='word_1_381' title='bbox 2426 3962 2485 4012; x_wconf 86' lang='lat' dir='ltr'><strong>R.</strong></span> 
     </span>
    </p>
   </div>
   <div class='ocr_carea' id='block_1_11' title="bbox 1465 4035 2488 4094">
    <p class='ocr_par' dir='ltr' id='par_1_15' title="bbox 1465 4035 2488 4094">
     <span class='ocr_line' id='line_1_62' title="bbox 1465 4035 2488 4094; baseline -0.002 0"><span class='ocrx_word' id='word_1_382' title='bbox 1465 4042 1536 4094; x_wconf 88' lang='lat'><strong>.3.</strong></span> <span class='ocrx_word' id='word_1_383' title='bbox 1570 4069 1644 4080; x_wconf 91' lang='lat'>-</span> <span class='ocrx_word' id='word_1_384' title='bbox 1674 4038 2021 4090; x_wconf 82' lang='lat' dir='ltr'><strong>Demaden....</strong></span> <span class='ocrx_word' id='word_1_385' title='bbox 2059 4035 2373 4092; x_wconf 77' lang='lat' dir='ltr'><strong>AEscht‘nem.</strong></span> <span class='ocrx_word' id='word_1_386' title='bbox 2409 4042 2488 4092; x_wconf 87' lang='lat' dir='ltr'><strong>De</strong></span> 
     </span>
    </p>
   </div>
   <div class='ocr_carea' id='block_1_12' title="bbox 1485 4116 2488 4267">
    <p class='ocr_par' dir='ltr' id='par_1_16' title="bbox 1485 4116 2488 4267">
     <span class='ocr_line' id='line_1_63' title="bbox 1485 4116 2485 4194; baseline -0.002 -24"><span class='ocrx_word' id='word_1_387' title='bbox 1485 4118 1576 4170; x_wconf 86' lang='lat' dir='ltr'><strong>illo</strong></span> <span class='ocrx_word' id='word_1_388' title='bbox 1620 4117 1839 4170; x_wconf 79' lang='lat' dir='ltr'><strong>consule</strong></span> <span class='ocrx_word' id='word_1_389' title='bbox 1878 4116 2033 4169; x_wconf 55' lang='lat' dir='ltr'><strong>Sext?</strong></span> <span class='ocrx_word' id='word_1_390' title='bbox 2061 4122 2214 4194; x_wconf 72' lang='lat' dir='ltr'><strong>Emp.</strong></span> <span class='ocrx_word' id='word_1_391' title='bbox 2253 4138 2307 4190; x_wconf 92' lang='lat' dir='ltr'><strong>p.</strong></span> <span class='ocrx_word' id='word_1_392' title='bbox 2350 4136 2443 4189; x_wconf 79' lang='lat'><strong>29¹</strong></span> <span class='ocrx_word' id='word_1_393' title='bbox 2475 4141 2485 4168; x_wconf 73' lang='grc' dir='ltr'><strong><em>ι</em></strong></span> 
     </span>
     <span class='ocr_line' id='line_1_64' title="bbox 1485 4192 2488 4267; baseline -0.002 -18"><span class='ocrx_word' id='word_1_394' title='bbox 1485 4192 1747 4267; x_wconf 59' lang='grc' dir='ltr'><strong>(Δημάδης)</strong></span> <span class='ocrx_word' id='word_1_395' title='bbox 1764 4193 2099 4253; x_wconf 56' lang='grc' dir='ltr'><strong>καπηλείας...</strong></span> <span class='ocrx_word' id='word_1_396' title='bbox 2122 4198 2178 4250; x_wconf 63' lang='grc' dir='ltr'><strong>ὃν</strong></span> <span class='ocrx_word' id='word_1_397' title='bbox 2196 4195 2488 4265; x_wconf 61' lang='grc' dir='ltr'><strong>ὅμοληγεῖται</strong></span> 
     </span>
    </p>
   </div>
   <div class='ocr_carea' id='block_1_13' title="bbox 3194 3689 3200 4844">
    <p class='ocr_par' dir='ltr' id='par_1_17' title="bbox 3194 3689 3200 4844">
     <span class='ocr_line' id='line_1_65' title="bbox 3194 3689 3200 4844; baseline 0 0"><span class='ocrx_word' id='word_1_398' title='bbox 3194 3689 3200 4844; x_wconf 95' lang='lat' dir='ltr'><strong> </strong></span> 
     </span>
    </p>
   </div>
  </div>
 </body>
</html>
