3200 5150
825 522 950 565 212

1387 494 1481 560 M.
1522 496 1751 560 FABII
1786 492 2344 579 QUINTILIANI

816 621 1323 696 nutricularum
1392 618 1703 718 proxime
1767 616 2187 707 succedunt,
2259 643 2533 688 narrare
2593 644 2919 694 sermone

815 765 991 839 puro
1009 794 1028 827 ,
1061 759 1127 808 et
1145 735 1320 807 nihil
1348 760 1418 806 se
1443 760 1652 830 supra
1675 732 1971 804 modum
2003 732 2367 804 extollente
2385 790 2404 823 ,
2440 731 2694 805 deinde
2719 761 2913 806 eam-

811 853 972 924 dem
1009 848 1457 949 gracilitatem
1488 846 1665 945 stylo
1695 847 1962 946 exigere
1982 860 1999 890 ¹
2038 846 2479 919 condiscant:
2510 873 2745 919 versus
2773 850 2914 947 pri-

807 994 926 1039 mo
961 966 1258 1053 solvere,
1297 991 1458 1034 mox
1496 962 1777 1034 mutatis
1813 961 2035 1032 verbis
2070 961 2544 1059 interpretari;
2591 983 2745 1034 tum
2780 992 2908 1062 pa-

805 1081 1111 1179 raphrasi
1141 1078 1472 1151 audacius
1505 1098 1765 1148 vertere
1784 1132 1803 1165 ,
1847 1103 1988 1175 qua
2017 1096 2085 1147 et
2110 1075 2416 1147 breviare
2445 1077 2765 1175 quaedam
2785 1135 2804 1168 ,
2842 1101 2910 1151 et

729 1214 762 1267 3
803 1223 1169 1284 exornare,
1204 1193 1389 1265 salvo
1424 1192 1636 1264 modo
1671 1211 1889 1290 poetae
1923 1214 2167 1280 sensu,
2205 1190 2643 1287 permittitur.
2688 1194 2905 1283 Quod

800 1338 1014 1410 opuS,
1056 1309 1264 1381 etiam
1294 1305 1798 1379 consummatis
1829 1305 2331 1402 professoribus
2366 1305 2649 1378 difficile
2672 1320 2700 1352 ²
2721 1365 2739 1397 ,
2776 1306 2903 1408 qui

798 1425 1170 1497 commode
1188 1422 1591 1509 tractaverit,
1615 1419 2043 1519 cuicumque
2061 1419 2391 1490 discendo
2407 1421 2726 1493 sufficiet.
2743 1424 2901 1495 Sen-

798 1547 1025 1612 tentioe
1066 1566 1387 1639 quoque,
1433 1558 1499 1609 et
1538 1532 1785 1625 chrioe,
1825 1556 1892 1606 et
1936 1532 2346 1633 etholoqioe³
2390 1534 2712 1636 subjectis
2756 1537 2903 1609 dic-

869 1770 912 1803 1.
945 1750 1096 1821 Stylo
1127 1753 1341 1824 exigere.
1377 1748 1669 1803 scribendo
1707 1767 1799 1801 ex-

786 1832 1011 1904 primere
1028 1870 1045 1895 ,
1070 1831 1337 1900 effingere.
1363 1828 1495 1880 Vide
1521 1842 1701 1880 notam
1729 1827 1798 1879 ad

784 1911 839 1975 1,
866 1908 926 1975 5,
953 1926 1011 1974 2,
1034 1909 1273 1981 exiqitur.
1301 1906 1477 1978 Stylus
1506 1911 1797 1978 opponitur

783 1988 1024 2043 sermoni.
1053 2016 1127 2027 --
1151 1986 1300 2058 Stylo
1327 1988 1542 2059 exiqeoe.
1570 1985 1795 2038 Easdem

783 2066 1006 2119 fabellas
1019 2105 1035 2133 ,
1052 2085 1182 2137 quas
1199 2086 1441 2118 sermone
1456 2085 1591 2138 puro
1611 2079 1663 2117 et
1679 2067 1799 2116 sim-

783 2145 912 2218 plici
949 2146 1271 2198 narraverint
1303 2143 1437 2214 stylo
1471 2144 1699 2216 exigere,
1739 2144 1797 2195 id

783 2239 896 2290 est,
949 2237 1193 2276 accurate
1238 2237 1292 2273 et
1338 2236 1519 2275 exacte
1567 2221 1793 2275 scr-ibere

781 2302 1110 2355 condiscant.
1137 2305 1295 2353 Rom..

859 2402 905 2434 2.
949 2382 1128 2433 Etiam
1171 2378 1407 2452 difficile.
1451 2382 1669 2446 Fateor,
1708 2399 1791 2432 me

780 2461 976 2513 haerere
994 2500 1010 2527 ,
1035 2463 1078 2511 si
1101 2461 1468 2512 consummatis
1485 2460 1790 2531 professori-

782 2541 873 2592 bus
900 2539 1091 2591 dicitur
1117 2537 1338 2612 difficile
1363 2538 1417 2591 id
1448 2557 1583 2610 opus
1599 2579 1617 2605 ,
1643 2538 1792 2610 quod

780 2635 958 2674 tamen
983 2619 1104 2672 rudi
1128 2638 1295 2691 puero
1326 2622 1527 2690 injungi
1549 2619 1788 2690 jubetur.

780 2702 915 2750 Puto
963 2701 1119 2768 igitur
1159 2697 1445 2749 ablativum
1491 2716 1787 2766 agnoscen-

779 2778 941 2842 dum,
985 2796 1092 2828 non
1130 2777 1396 2842 dativum,
1436 2776 1542 2827 hoc
1586 2795 1745 2828 sensu
1772 2800 1807 2843 ιι

785 2879 809 2903 ι
828 2856 911 2908 vel
944 2875 1108 2927 quum
1139 2869 1627 2910 consummatorum
1657 2873 1786 2925 pro-

786 2957 809 2982 ⁸
827 2937 1087 2988 fessorum
1110 2938 1441 2988 institutione
1466 2934 1655 3003 aliquis
1680 2937 1786 2986 uti-

695 3045 702 3050 ·
785 3038 808 3063 α
831 3029 929 3067 tur.
952 3040 975 3064 n
1000 3016 1194 3066 Durior
1211 3027 1388 3065 tamen
1410 3013 1518 3064 fere
1537 3011 1650 3064 haec
1671 3031 1786 3065 ora-

779 3098 854 3146 tio
870 3133 888 3161 ,
912 3113 1071 3165 quam
1099 3112 1196 3164 pro
1221 3091 1567 3160 Quintiliano.

851 3175 899 3226 3.
935 3172 1284 3225 Sententioe....
1319 3170 1549 3222 chr-im...
1586 3168 1788 3221 etholo-

777 3254 894 3326 qioe.
935 3273 957 3297 ιι
977 3251 1243 3303 Sententia
1283 3263 1364 3300 est
1407 3250 1576 3299 oratio
1618 3265 1784 3316 gene-

784 3353 808 3378 «
829 3330 991 3382 ralem
1018 3329 1513 3401 pronunciationem
1539 3325 1745 3378 habens
1766 3366 1784 3394 ,

783 3431 806 3456 a
826 3408 1045 3461 hortans
1069 3408 1299 3478 aliquam
1327 3424 1438 3456 rem
1454 3442 1471 3470 ,
1495 3405 1577 3456 vel
1606 3404 1783 3456 deter-

782 3511 806 3534 α
826 3507 1001 3541 rens...
1049 3487 1131 3538 vel
1174 3486 1541 3538 demonstrans
1562 3522 1579 3549 ,
1628 3484 1782 3553 quale

781 3590 805 3614 ι
825 3566 1024 3637 aliquid
1043 3569 1125 3619 sit.
1149 3590 1171 3614 ω
1200 3565 1446 3615 Priscian.
1474 3581 1537 3613 ex
1561 3565 1784 3615 Hermo-

772 3666 940 3719 gene,
984 3666 1037 3718 p.
1081 3643 1293 3697 Putsch.
1346 3643 1477 3694 1333
1502 3664 1514 3692 ε
1564 3665 1585 3687 α
1607 3645 1780 3711 Quam

778 3749 802 3773 ι
821 3728 987 3779 Graeci
1009 3724 1168 3792 χρείη,
1192 3735 1380 3774 vocant
1398 3761 1414 3786 ,
1444 3735 1524 3773 est
1547 3740 1778 3773 comme-

778 3829 801 3852 «
822 3806 1047 3857 moratio
1064 3801 1287 3873 alicujus
1302 3802 1555 3852 orationis
1572 3800 1654 3851 vel
1668 3801 1777 3852 fac-

774 3906 799 3934 «
821 3887 890 3950 ti,
917 3882 1002 3935 vel
1029 3883 1301 3950 utriusque
1330 3878 1516 3944 simul,
1549 3877 1777 3930 celerem

773 3985 796 4010 α
817 3963 1019 4015 habens
1067 3960 1609 4022 demonstrationem,
1660 3975 1774 4028 quae

773 4041 1052 4093 «utilitatis
1090 4040 1313 4110 alicujus
1350 4055 1508 4088 causa
1541 4036 1776 4108 plerum-

773 4143 798 4170 κ
819 4141 920 4191 que
961 4121 1243 4190 profertur.
1267 4142 1289 4165 n
1338 4115 1470 4168 Ibid.
1516 4135 1570 4187 p.
1620 4117 1770 4168 1332.

765 4199 1055 4272 Ethologiae
1096 4217 1206 4254 uon
1247 4211 1354 4248 tam
1394 4195 1588 4248 diserta
1627 4194 1771 4266 apud

1887 1750 2259 1818 grammaticos
2301 1750 2564 1800 invenitur
2602 1750 2800 1801 mentio
2842 1763 2897 1801 et

1888 1826 2140 1878 definitio.
2175 1826 2338 1881 Paulo
2368 1826 2631 1879 diversum
2657 1826 2894 1879 vocabu-

1886 1904 1997 1957 lum
2022 1908 2161 1959 inter
2177 1918 2635 1978 progymnasmata
2654 1920 2896 1959 recenset

1885 1984 2226 2055 Aphthonius
2254 2007 2266 2036 :
2310 1984 2527 2036 ὅθοποιΐι
2565 1983 2664 2036 imi
2700 1986 2895 2051 μίμησις

1885 2063 2013 2118 ἤθους
2030 2059 2324 2128 §resupino
2338 2059 2614 2132 opoeoe'aew.
2627 2065 2755 2115 Eam
2765 2067 2899 2117 Pris-

1885 2143 2068 2193 cianus
2080 2141 2253 2193 reddit
2260 2141 2651 2207 allocutionem,
2664 2164 2718 2215 p.
2738 2160 2757 2194 1
2768 2145 2891 2210 340.

1885 2223 2008 2273 Haec
2049 2236 2227 2274 tamen
2267 2221 2336 2273 ad
2371 2220 2661 2274 rhetoricas
2699 2225 2901 2293 figuras

1883 2304 2048 2370 magis
2070 2299 2276 2353 videtur
2298 2303 2592 2372 pertinere,
2618 2302 2807 2374 quibus
2838 2318 2894 2355 et

1882 2382 1996 2453 ipse
2020 2384 2215 2433 Noster
2237 2394 2546 2433 annumerat
2568 2383 2673 2449 IX,
2705 2399 2730 2433 a
2746 2421 2763 2448 ,
2788 2382 2863 2435 58
2875 2422 2897 2447 ,

1881 2473 1934 2511 et
1958 2462 2059 2527 IX,
2084 2462 2145 2529 3,
2174 2478 2245 2531 99
2273 2479 2337 2513 ex
2363 2461 2559 2513 Rutilio
2584 2465 2736 2533 Lupo
2761 2463 2896 2515 alla·

1880 2552 2016 2606 tam,
2038 2539 2181 2612 apud
2202 2559 2358 2611 quem
2383 2553 2462 2593 est
2485 2560 2538 2613 p.
2566 2540 2774 2594 Ruhnk.
2797 2541 2889 2596 66.

1876 2621 1945 2671 Et
1966 2623 2129 2692 ipsius
2154 2619 2449 2693 Aphthonii
2473 2621 2740 2693 exempla,
2763 2621 2890 2675 rhe-

1879 2702 2008 2751 toris
2034 2703 2196 2771 magis
2222 2713 2344 2752 sunt
2365 2717 2524 2770 quam
2541 2704 2885 2770 grammatici.

1877 2779 2137 2830 Memorat
2151 2781 2434 2834 Suetonius
2449 2778 2738 2853 etholoyias
2751 2782 2890 2833 inter

1883 2877 1906 2901 α
1929 2855 2167 2925 quaedam
2218 2858 2604 2912 institutionum
2650 2877 2845 2927 genera
2868 2898 2887 2925 ,

1883 2957 1906 2980 α
1929 2933 2119 3003 quibus
2160 2936 2487 3004 grammatici
2526 2934 2886 3006 eloquentiam

1881 3034 1905 3057 α
1929 3014 2348 3084 praa-paraverint.
2377 3037 2398 3060 n
2460 3014 2539 3065 De
2593 3013 2884 3069 illustribus

1875 3090 2105 3141 Gramm.
2121 3130 2136 3157 ,
2161 3110 2208 3142 c.
2236 3092 2296 3158 4,
2321 3105 2372 3143 et
2391 3093 2617 3160 Seneca,
2638 3096 2791 3165 epist.
2813 3095 2883 3165 95

1874 3166 2285 3239 descriptionem
2332 3172 2591 3240 cujusque
2636 3174 2842 3226 virtutis
2865 3213 2883 3241 ‚

1873 3244 2188 3319 etholoqiam
2235 3265 2265 3299 a
2308 3247 2593 3300 Posidonio
2635 3266 2883 3304 vocatam

1872 3324 2045 3377 tradit.
2072 3326 2175 3379 Sed
2199 3346 2270 3378 eae
2289 3326 2534 3378 videntur
2552 3332 2877 3402 copiosiores

1872 3404 2065 3470 fuisse,
2100 3425 2257 3476 quam
2297 3425 2410 3477 quae
2444 3407 2815 3479 intelliguntur
2848 3430 2881 3463 a

1872 3484 2198 3552 Quintiliano
2226 3485 2278 3536 h.
2314 3486 2348 3537 l.
2368 3526 2384 3552 ,
2418 3500 2470 3538 et
2497 3486 2658 3559 plane
2682 3490 2877 3542 eaedem

1872 3577 2031 3634 atque
2067 3564 2363 3636 ethopoee'oe,
2400 3565 2582 3636 quales
2619 3566 2881 3623 habemus

1869 3643 2075 3695 Libanii
2116 3644 2364 3715 sophista,²
2380 3683 2397 3711 ,
2439 3647 2615 3699 Severi
2651 3648 2880 3702 Alexan-

1868 3722 2007 3774 drini
2026 3737 2078 3774 et
2096 3723 2181 3775 all.
2201 3754 2265 3763 —
2284 3723 2622 3798 Etholoqia...
2643 3731 2883 3781 contin&

1868 3812 1965 3856 tur.
2005 3805 2192 3854 Parum
2230 3822 2355 3855 sane
2393 3823 2688 3874 cognoscas
2725 3826 2837 3860 rem
2858 3848 2883 3876 ,

1866 3880 1993 3931 alias
2026 3883 2293 3950 ignotam,
2323 3903 2385 3935 ex
2414 3883 2513 3936 hac
2542 3884 2873 3939 definitione.

1864 3960 2102 4027 Accedit,
2122 3961 2294 4032 quod,
2316 3977 2503 4034 praeter
2523 3969 2879 4036 exspectatio-

1863 4057 2011 4106 nem,
2034 4039 2314 4093 discrimen
2337 4044 2602 4094 sententioe
2625 4044 2797 4096 solum
2816 4060 2881 4097 et

1861 4117 2132 4191 etholoqioe
2151 4121 2464 4188 ostenditur,
2489 4122 2646 4175 chrioe
2668 4126 2875 4176 mentio

1862 4198 2134 4249 omittitur.
2151 4202 2409 4254 Caeterum
2424 4201 2565 4254 idem
2581 4202 2726 4274 quod
2736 4205 2883 4258 Noe—
