3200 5150
836 495 958 573 124

1393 492 1487 556 M.
1527 489 1755 556 mnu
1790 488 2349 572 Qnm'nmim

823 638 941 685 cos
960 669 981 703 ‚
1007 612 1103 687 sio
1124 612 1369 687 docere
1392 639 1473 686 ae
1495 612 1732 712 loqui,
1763 632 1842 685 ut
1864 633 2142 712 propter
2163 610 2485 713 quaedam
2508 636 2762 684 vocum
2786 610 2921 685 dis-

820 728 1116 801 crimina
1140 727 1435 803 verbum
1466 727 1747 802 interim
1771 748 1974 801 acuto
1998 754 2171 800 sono
2203 726 2489 800 finiant:
2527 745 2605 798 ut
2635 726 2711 799 in
2747 725 2911 818 iuis,

1283 880 1489 948 ...-Qun
1512 881 1715 932 circum
1737 878 1916 933 littora
1933 881 1951 905 ¹
1970 917 1989 946 ,
2018 880 2218 932 circum

1098 960 1342 1011 Piseosos
1367 957 1697 1030 scopulum...

815 1104 907 1152 ne
935 1078 992 1150 si
1019 1105 1300 1178 gravem
1330 1080 1690 1179 posuerint
1720 1079 2105 1153 secundam
2124 1137 2145 1171 ,
2174 1085 2397 1152 circus
2422 1076 2562 1151 dici
2582 1075 2914 1168 videatur,

708 1203 778 1257 26
815 1219 963 1266 non
982 1199 1326 1268 circuitus.
1358 1197 1535 1268 Item
1556 1212 1894 1299 quantum
1908 1253 1929 1285 ‚
1954 1194 2192 1296 quale,
2216 1194 2712 1294 interrogantes
2727 1249 2748 1284 ,
2767 1219 2918 1292 gra-

812 1310 913 1400 vi;
943 1333 1424 1409 comparantes
1441 1370 1461 1404 ‚
1485 1334 1688 1385 acuto
1709 1334 1946 1387 tenore
1972 1311 2444 1386 concludunt:
2470 1308 2663 1409 quod
2681 1330 2918 1382 tamen

812 1424 888 1497 in
913 1424 1250 1498 adverbiis
1272 1429 1416 1500 fere
1436 1428 1597 1500 solis
1617 1455 1697 1500 ae
1721 1427 2260 1527 pronominibus
2283 1424 2670 1514 vindicant,
2690 1424 2765 1497 in
2791 1451 2918 1499 cae-

709 1569 773 1624 27
810 1540 970 1611 teris
993 1561 1293 1613 veterem
1317 1541 1547 1642 legem
1569 1556 1597 1587 ²
1629 1560 2040 1642 sequuntur.
2076 1541 2258 1613 Mihi
2287 1540 2556 1613 videtur
2584 1537 2918 1610 conditio-

813 1682 980 1728 nem
1006 1676 1274 1741 mutare
1292 1712 1312 1745 ‚
1344 1658 1538 1757 quod
1561 1657 1669 1729 his
1700 1657 1868 1731 locis
1891 1657 2101 1732 verba
2129 1654 2627 1758 conjungimus
2646 1650 2700 1726 ³.
2733 1655 2915 1726 Nam

808 1824 1025 1879 horrida
1038 1827 1427 1881 illitteratorum
1438 1828 1683 1882 barbarie
1698 1828 1819 1881 alie-

810 1907 882 1957 ni.
907 1906 1313 1977 Distinguuntur
1331 1909 1489 1960 etiam
1508 1927 1538 1960 a
1556 1925 1821 1978 gramma-

810 1986 926 2037 ticis
962 1984 1128 2056 (sieut
1161 1986 1448 2040 litteratum
1479 1987 1717 2041 distinxit
1749 1987 1819 2039 ab

807 2063 1008 2116 erudito
1022 2065 1298 2119 Cornelius
1316 2069 1366 2120 N
1370 2067 1648 2138 epos.Vid.
1671 2068 1817 2120 Suet.

807 2142 999 2206 Illustr.
1019 2145 1248 2197 Gramm.
1263 2184 1282 2211 ,
1299 2165 1345 2198 c.
1368 2146 1451 2218 4),
1467 2164 1694 2218 quorum
1714 2165 1818 2198 ma·

808 2224 889 2293 gis
904 2235 984 2276 est
997 2222 1239 2276 doctrina
1253 2239 1306 2277 et
1318 2227 1507 2297 peritia
1523 2243 1685 2296 quam
1699 2245 1819 2277 eru-

809 2300 959 2355 ditio.
975 2302 1094 2355 vid.
1120 2305 1323 2355 Auson.
1349 2307 1605 2375 Popmam
1623 2304 1690 2356 de
1709 2305 1820 2357 Dif-

807 2380 1032 2434 fer-entia
1078 2381 1377 2436 Verborum
1427 2382 1510 2435 ed.
1562 2382 1813 2435 Richter-i.

806 2461 974 2532 lips„
1002 2460 1154 2531 1741,
1177 2482 1230 2534 p.
1262 2462 1392 2529 214,
1423 2460 1501 2514 15.
1532 2463 1616 2515 Sic
1642 2461 1817 2514 erudi-

808 2538 1004 2592 tionem
1022 2542 1217 2593 Noster
1234 2558 1342 2592 non
1364 2540 1553 2594 semel:
1575 2542 1816 2613 inprimis

808 2619 858 2684 1,
886 2617 949 2683 6,
972 2619 1061 2683 31,
1087 2632 1140 2670 et
1163 2618 1232 2670 de
1253 2619 1457 2672 Lucilio
1481 2622 1531 2686 1,
1554 2621 1618 2686 6,
1640 2638 1692 2689 9.

885 2714 928 2751 1.
959 2699 1088 2770 Quoe
1106 2699 1300 2752 cimam
1320 2698 1512 2754 littora.
1528 2702 1813 2771 VirffiAEn.

806 2777 896 2842 lv,
919 2777 1050 2844 254,
1073 2775 1157 2830 55.
1188 2778 1356 2851 TroJoe
1371 2780 1490 2851 qui,
1510 2782 1563 2846 1,
1583 2777 1634 2831 5.
1657 2781 1817 2833 Pecu-

806 2855 893 2911 des
908 2855 1190 2930 pictoeque,
1214 2858 1458 2929 Geor-gie.
1485 2860 1582 2926 111,
1606 2858 1726 2925 243.

881 2954 933 2990 2.
968 2937 1202 2992 Veterem
1234 2935 1419 3010 legem.
1447 2940 1528 2990 Ita
1554 2936 1731 2990 Guelf.
1761 2950 1817 2990 et

806 3014 968 3071 Goth.
992 3034 1092 3089 pro
1117 3027 1372 3082 veterum,
1398 3015 1547 3089 quod
1568 3015 1663 3070 dat
1682 3017 1817 3072 Ges-

807 3114 999 3164 net-us,
1036 3096 1132 3150 sed
1165 3115 1263 3169 per
1296 3115 1501 3149 merum
1535 3096 1777 3169 sphalma
1795 3134 1814 3164 ,

810 3175 958 3249 quod
1000 3177 1327 3249 repetierunt
1370 3177 1653 3248 Bipontini.
1691 3173 1810 3230 vid.

810 3255 858 3326 ς.
886 3272 982 3326 29,
1005 3265 1148 3309 vetus
1170 3254 1270 3309 lex.

878 3335 932 3389 3.
965 3334 1402 3389 conditionatum.
1430 3332 1812 3407 conjungimus.

811 3413 974 3469 cond.
1015 3424 1213 3478 mutat,
1260 3412 1315 3466 h.
1364 3431 1441 3480 e.,
1481 3414 1643 3479 facit,
1683 3424 1745 3463 nt
1783 3430 1816 3463 a

809 3495 1080 3546 communi
1097 3492 1277 3563 regula
1296 3489 1546 3544 acuendo
1553 3483 1675 3559 ,vel
1697 3489 1817 3544 flec-

809 3570 980 3625 tendae
995 3610 1012 3638 ,
1038 3570 1340 3643 penultimae
1367 3570 1536 3641 longae
1564 3568 1816 3623 recedant

806 3649 1117 3724 hujusmodi
1127 3648 1414 3717 vocabula,
1429 3649 1575 3721 quod
1593 3652 1648 3701 in
1667 3648 1814 3702 hisce

809 3741 865 3783 et
886 3728 1143 3783 similibus
1170 3729 1303 3782 loeis
1326 3728 1507 3794 verba,
1532 3727 1586 3781 h.
1619 3747 1664 3781 e.
1678 3766 1696 3795 ,
1717 3746 1816 3781 vo-

808 3808 1003 3862 eabula
1027 3808 1108 3880 (1,
1136 3808 1189 3875 5,
1215 3807 1305 3880 a),
1330 3809 1726 3883 conjungimus,
1755 3807 1811 3862 h.

810 3909 857 3942 e.
875 3926 893 3956 ,
911 3891 1140 3960 junctim
1167 3889 1453 3942 efferimus.
1483 3891 1655 3978 Negat
1687 3905 1812 3958 ergo

809 3968 914 4037 Qu.
935 3969 1055 4020 aeui
1071 3966 1342 4020 ultimam
1326 3986 1384 4019 ιιι
1399 3969 1467 4035 τᾷ
1484 3968 1704 4031 circum,
1727 3985 1817 4019 ne·

812 4065 916 4118 qne
944 4060 1120 4100 tamen
1144 4045 1259 4100 vult
1284 4048 1405 4099 acui
1433 4045 1812 4117 penultimam,

810 4124 905 4178 sed
917 4144 1102 4178 vocem
1115 4138 1387 4198 tamquam
1397 4138 1602 4197 partem
1618 4125 1814 4180 factam

810 4207 1077 4279 sequentis
1095 4204 1272 4260 littora
1289 4216 1344 4259 et
1357 4204 1577 4276 piscosos
1588 4215 1814 4260 accentu

1909 1828 2127 1881 omnino
2146 1830 2355 1892 carere,
2374 1838 2427 1878 et
2446 1826 2521 1876 sic
2545 1824 2671 1876 satis
2690 1822 2917 1877 discerni

1869 1938 1880 1943 -
1907 1927 1939 1960 a
1963 1908 2345 1980 significatione
2368 1906 2505 1958 cir-d.
2526 1906 2793 1957 Accentus
2816 1922 2918 1957 au-

1906 2000 2016 2040 tem
2037 1999 2116 2040 est
2137 1986 2309 2039 solum
2329 1986 2385 2037 in
2404 1982 2921 2054 antepenultimam&

1908 2066 2086 2117 littora
2122 2076 2176 2118 et
2206 2062 2410 2137 penult.
2450 2060 2537 2113 τοῦ
2560 2060 2688 2132 pise.
2720 2063 2917 2114 Pariter

1907 2145 2000 2217 qui
2018 2143 2148 2215 (sive
2172 2143 2241 2195 ad
2262 2141 2691 2215 praepositionem
2707 2140 2771 2191 ab
2792 2151 2921 2212 post

1904 2223 2105 2294 primus
2127 2222 2368 2294 respicit,
2393 2217 2539 2291 quod
2559 2231 2715 2290 putat
2737 2219 2917 2272 Came·

1907 2303 2103 2364 rarius;
2134 2302 2361 2353 fortasse
2388 2313 2674 2370 utrumque
2699 2316 2916 2365 verum,

1908 2397 2231 2451 quamquam
2256 2378 2689 2451 praepositionem
2720 2376 2916 2430 diserte

1904 2477 2017 2511 non
2040 2457 2371 2529 memoravit)
2392 2459 2448 2510 in
2465 2456 2566 2509 illis
2585 2456 2679 2529 qui
2691 2457 2914 2528 primns,

1905 2551 2186 2593 accentum
2229 2555 2387 2593 suum
2431 2538 2622 2590 amittit
2663 2555 2786 2589 cum
2828 2555 2914 2590 se-

1907 2632 2103 2691 quente
2118 2618 2382 2672 vocabulo
2407 2617 2712 2670 coalescens
2735 2636 2915 2688 paene,

1904 2711 1966 2752 ut
1994 2717 2057 2752 ex
2079 2698 2248 2751 tribus
2271 2697 2418 2751 hisce
2441 2695 2655 2768 syllabis
2681 2696 2775 2768 qui
2798 2696 2915 2769 pri-

1905 2795 2021 2832 mus
2042 2777 2158 2831 sola
2176 2777 2264 2850 pri
2284 2774 2480 2829 habeat
2503 2788 2802 2827 accentum.
2828 2776 2913 2828 Sic

1903 2859 1961 2910 in
1980 2855 2264 2910 vernacula
2289 2855 2470 2926 lingua
2495 2853 2916 2920 vocabulorum,

1907 2954 2022 3007 qum
2043 2935 2205 3008 plane
2228 2933 2575 2998 coaluerunt,
2601 2935 2748 3004 prius
2775 2932 2914 2986 solet

1905 3016 2144 3069 amittere
2177 3026 2454 3066 accentum
2471 3051 2489 3078 ,
2518 3030 2684 3083 quum
2716 3012 2819 3064 alia
2846 3013 2916 3064 sit

1901 3096 2038 3147 ratio
2061 3112 2276 3160 eorum,
2297 3111 2440 3164 quae,
2463 3093 2562 3144 etsi
2584 3103 2916 3162 composita,

1901 3175 2076 3228 minus
2112 3187 2291 3226 tamen
2328 3185 2442 3226 arto
2479 3170 2691 3224 vinculo
2733 3172 2914 3223 conti·

1901 3266 2113 3307 nentur.
2137 3250 2390 3324 Exempla
2414 3263 2569 3302 sunt:
2594 3250 2913 3314 iibenetzen,

1901 3335 2142 3404 trajicere
2166 3344 2309 3383 trans
2328 3330 2571 3396 fluvium,
2592 3329 2912 3392 iibenetzen,

1901 3425 2104 3463 vertere
2122 3413 2176 3463 in
2198 3410 2352 3462 aliam
2369 3409 2619 3480 linguam.
2640 3408 2913 3459 Posterius

1901 3508 2023 3542 vere
2042 3489 2267 3556 coaluit,
2287 3500 2340 3540 et
2356 3489 2659 3560 praepositio
2684 3498 2916 3539 accentu

1903 3582 2072 3633 caret3
2096 3571 2241 3641 prius
2261 3587 2373 3620 non
2391 3568 2542 3632 item,
2564 3568 2661 3618 etsi
2678 3567 2914 3618 vicissim

1904 3664 2153 3704 accentus
2176 3647 2324 3701 verbi
2340 3658 2503 3700 setzen
2523 3648 2635 3699 fere
2654 3660 2736 3698 est
2753 3645 2915 3698 oblit-

1903 3743 2116 3782 temtus.
2137 3727 2302 3782 Simili
2321 3745 2535 3799 quoque
2553 3725 2715 3778 modo
2733 3727 2788 3777 in
2809 3727 2915 3777 He·

1901 3808 2092 3862 braicis
2142 3806 2413 3859 vocabulis
2437 3844 2454 3870 ,
2505 3824 2600 3878 per
2653 3804 2915 3858 lineolam.

1900 3885 2166 3958 makkeph
2194 3887 2522 3956 conjunctis,
2551 3886 2696 3955 prius
2724 3883 2917 3954 abjicit

1903 3977 2197 4017 accentum.
2215 3965 2374 4016 Plane
2390 3966 2567 4035 igitur,
2583 3980 2915 4034 quamquam

1900 4042 2173 4109 modeste,
2211 4042 2425 4094 damnat
2449 4041 2668 4112 Quintil.
2703 4059 2914 4094 morem

1902 4122 2152 4176 acuendae
2183 4121 2377 4174 ultimae
2409 4124 2464 4174 in
2493 4121 2713 4184 cineum,
2748 4138 2916 4191 quem

1900 4201 2063 4277 paulo
2106 4220 2259 4258 secus
2298 4199 2555 4256 intellexit
2587 4200 2809 4254 Vossius
2855 4201 2916 4252 in
