3200 5150
676 507 1330 578 INSTITUTIONIS
1365 505 1622 576 ORATf
1661 502 1821 574 LIB.
1861 506 1929 588 1,
1978 524 2030 575 t.
2325 503 2406 595 57

312 635 563 735 magis,
595 637 784 735 quod
810 637 1086 708 minora
1109 635 1319 708 etiam
1346 633 1622 707 facilius
1653 633 1957 706 minores
1983 620 2376 733 percipiunt
2387 661 2407 721 ;

311 772 376 822 et
395 809 412 840 ‚
443 773 519 823 ut
537 779 824 851 corpora
850 752 939 823 ad
964 750 1303 851 quosdam
1332 748 1819 822 membrorum
1845 746 2062 820 flexus
2089 745 2410 836 formari,

310 866 445 937 nisi
477 887 744 956 tenera,
779 892 925 938 non
960 886 1280 965 possunt,
1314 865 1409 936 sic
1443 864 1717 936 animos
1749 884 2035 961 quoque
2065 860 2152 932 ad
2188 859 2430 960 plera-f

313 1006 451 1078 que
486 980 796 1054 duriores
828 981 1041 1052 robur
1070 980 1306 1081 ipsum
1336 980 1520 1053 facit.
1559 981 1671 1051 An
1693 978 2062 1078 Philippus
2090 975 2414 1049 Macedo·
2456 987 2524 1040 23

312 1120 491 1167 num
526 1122 642 1168 rex
662 1095 1056 1168 Alexandro
1082 1095 1227 1168 filio
1253 1120 1379 1167 suo
1405 1095 1634 1195 prima
1661 1093 2044 1165 litterarum
2070 1089 2417 1164 elementa

308 1210 483 1282 tradi
518 1212 605 1283 ab
636 1210 998 1284 Aristotele
1018 1268 1042 1300 ,
1078 1236 1362 1283 summo
1395 1210 1545 1311 ejus
1578 1209 1788 1282 aetatis
1819 1207 2268 1309 philosopho,
2302 1233 2416 1279 vo-

309 1312 547 1401 luisset
558 1358 576 1418 ;
613 1350 733 1401 aut
764 1328 879 1400 ille
909 1328 1319 1427 suscepisset
1344 1327 1478 1400 hoc
1508 1326 1860 1415 officium,
1888 1324 1945 1398 si
1979 1351 2128 1397 non
2159 1323 2417 1397 studio·

314 1468 472 1512 rum
513 1442 745 1533 initia,
777 1464 845 1517 et
876 1470 917 1516 a
955 1443 1453 1543 perfectissimo
1488 1468 1770 1542 quoque
1804 1439 2065 1540 optime
2105 1439 2415 1529 tractari,

312 1576 380 1627 et
412 1557 755 1654 pertinere
784 1559 873 1630 ad
902 1585 1260 1631 summam
1292 1557 1690 1631 credidisset
1714 1555 1783 1628 ¹?
1807 1557 2189 1654 Fingamus
2212 1553 2421 1655 igitur
2460 1565 2527 1634 24

311 1670 786 1743 Alexandrum
845 1672 991 1744 dari
1039 1674 1242 1745 nobis
1298 1673 1709 1772 impositum
1766 1671 2068 1770 gremio,
2119 1670 2417 1768 dignum

309 1807 499 1857 tanta
546 1814 712 1858 cura
753 1787 1131 1877 infantem,
1177 1814 1614 1886 quamquam
1657 1812 1825 1858 suus
1869 1785 2123 1884 cuique
2166 1784 2419 1883 dignus

311 1921 441 1990 est,
472 1901 821 2000 pudeatne
852 1928 967 1973 me
998 1901 1072 1972 in
1103 1901 1266 2000 ipsis
1300 1901 1529 1972 statim
1561 1890 1923 1973 elementis
1948 1899 2156 1971 etiam
2188 1898 2421 1971 brevia

313 2014 611 2085 docendi
645 2034 1027 2087 monstrare
1054 2014 1513 2115 compendia?
1537 2017 1783 2113 Neque
1817 2013 2008 2087 enim
2037 2012 2213 2084 mihi
2242 2011 2419 2085 illud

313 2126 556 2198 saltem
576 2140 605 2171 ²
640 2126 901 2225 placet,
937 2129 1129 2228 quod
1164 2129 1313 2203 fieri
1348 2129 1421 2200 in
1452 2128 1774 2229 plurimis
1801 2128 2037 2217 video,
2064 2148 2142 2200 ut
2170 2125 2420 2199 littera-

313 2267 471 2312 rum
505 2242 798 2314 nomina
822 2263 890 2315 et
914 2265 1347 2334 contextum,
1376 2244 1565 2343 prius
1590 2269 1805 2343 quam
1832 2244 2123 2331 formas,
2152 2243 2418 2341 parvuli

312 2354 599 2427 discant.
624 2356 874 2428 Obstat
900 2356 1034 2430 hoc
1059 2358 1398 2457 agnitioni
1430 2385 1704 2449 earum,
1728 2383 1873 2429 non
1897 2356 2418 2430 intendentibus

314 2496 477 2542 mox
523 2470 847 2544 animum
900 2472 988 2545 ad
1039 2473 1222 2573 ipsos
1271 2474 1519 2547 ductus
1544 2472 1618 2564 ³,
1671 2472 1845 2545 dum
1888 2470 2413 2545 antecedentem

312 2641 545 2712 quodam
569 2644 767 2710 amice,
791 2646 1188 2717 conjunctivum
1215 2646 1316 2697 im-

312 2722 532 2793 perfecti
564 2722 722 2795 hujus
757 2743 868 2776 non
902 2742 1016 2777 esse
1048 2724 1187 2790 loci,
1215 2726 1317 2778 nisi

1405 2644 1603 2699 Saltem
1624 2663 1747 2697 cum
1766 2646 2047 2714 negatione
2067 2647 2415 2717 conjunctum

1407 2721 1553 2797 apud
1589 2738 1830 2778 nostrum
1866 2742 2004 2795 saepe
2041 2738 2120 2776 est
2154 2743 2251 2796 pro
2291 2744 2426 2777 ne...-

307 2802 448 2853 fone
481 2813 611 2853 recte
647 2802 958 2875 explicueris
991 2822 1112 2855 cum
1142 2803 1313 2856 laude.

310 2883 511 2949 Agetur
542 2878 608 2931 de
638 2899 702 2932 ea
726 2900 782 2932 re
812 2881 880 2932 ad
908 2883 961 2947 1,
993 2882 1057 2946 8,
1088 2881 1156 2948 5,
1189 2901 1317 2954 opus

310 2968 398 3009 est.
424 2959 541 3009 Jam
571 2958 869 3029 diligentius
894 2961 1143 3032 inspectis
1172 2960 1317 3013 libris

311 3052 534 3109 apparet
553 3038 698 3091 Bodl.
723 3038 853 3092 dans
866 3039 1095 3111 fecerat,
1118 3055 1170 3093 et
1187 3043 1319 3093 Tar-

311 3120 476 3169 visina
505 3115 690 3189 (¹482)
711 3120 932 3191 feceret,
969 3119 1112 3172 unde
1139 3139 1318 3173 veram

311 3195 486 3249 efficio
512 3199 853 3270 scripturam:
869 3199 1072 3272 fecerit.
1094 3228 1160 3239 —
1177 3200 1320 3250 Fece-

313 3288 408 3328 rat.
448 3278 606 3330 Cfflv.
652 3308 725 3317 —
755 3279 983 3345 Fecert‘t,
1022 3279 1110 3331 alii
1148 3279 1317 3332 multo

312 3354 508 3428 plures.
541 3359 632 3410 En.

392 3455 434 3488 1.
471 3437 780 3490 Credidisset.
806 3437 982 3504 Idem,
1010 3439 1099 3510 qui
1125 3435 1315 3505 modo,

311 3532 396 3566 me
423 3514 729 3582 admonuit,
753 3516 1077 3569 credidissent
1101 3536 1215 3569 esse
1239 3516 1317 3568 le-

311 3593 543 3664 gendum
559 3635 576 3662 ,
621 3595 815 3668 plurali
858 3614 1096 3649 numero.
1146 3596 1314 3649 codd.

316 3672 541 3743 quidem·
554 3689 606 3725 et
626 3673 745 3726 edd.
768 3677 822 3728 in
843 3695 1073 3729 errorem
1092 3695 1319 3730 consen-

312 3754 467 3804 tiunt.
494 3755 758 3821 Omissus,
782 3756 864 3808 vel
889 3759 1126 3822 evanuit,
1151 3759 1207 3809 in
1228 3776 1319 3809 ve-

311 3845 423 3883 tere
444 3832 700 3903 scriptura
716 3852 855 3905 apex·
869 3837 922 3887 in
936 3856 978 3887 e.
991 3836 1319 3890 —Coedidis-

309 3923 400 3964 set.
432 3912 583 3964 Certe
616 3915 926 3968 concinnius
958 3917 1285 3970 credidissent
1296 3941 1316 3979 ,-

314 3989 408 4043 sed
441 3990 564 4042 ferri
596 4005 772 4063 potest
804 3991 960 4046 lectio
998 3995 1313 4060 credidisset,

314 4085 365 4123 et
390 4072 575 4136 Lagina
600 4085 705 4138 est,
724 4086 784 4125 ut
805 4071 1070 4127 multoties
1090 4074 1315 4129 vidimus

314 4168 399 4223 ap.
427 4147 681 4203 Caesarem
704 4167 959 4204 nostrum.
986 4156 1076 4205 En.

387 4248 435 4284 2.
455 4231 637 4304 Neque
653 4232 793 4285 enim
813 4231 947 4287 mihi
964 4231 1100 4286 illud
1115 4232 1313 4288 saltem.

1405 2805 1617 2878 quidem
1634 2825 1684 2857 v.
1705 2823 1752 2855 c.
1775 2802 1878 2856 hoc
1897 2806 2017 2876 ipso
2035 2806 2207 2874 capite
2220 2843 2237 2871 ,
2258 2804 2301 2876 §.
2325 2806 2413 2870 31,

1406 2885 1441 2936 Ι.
1466 2887 1533 2951 V,
1570 2902 1616 2950 t,
1646 2885 1835 2950 33V1‚
1868 2902 1930 2948 2,
1967 2885 2186 2952 19;V1,
2216 2884 2283 2951 4,
2319 2884 2411 2946 ι5ς

1405 2965 1487 3031 X,
1515 2981 1577 3029 α,
1611 2961 1856 3028 153x11‚
1890 2980 1983 3028 ιι,
2015 2978 2111 3027 ιι,
2141 2976 2193 3016 et
2221 2965 2275 3015 in
2304 2965 2413 3016 De-

1406 3042 1617 3095 elamm.
1633 3040 1852 3110 Quintil.
1871 3041 1931 3106 3,
1952 3062 2004 3113 p.
2028 3039 2134 3112 (ed.
2157 3042 2295 3113 Rip.)
2314 3042 2408 3108 44:

1414 3143 1436 3166 οι
1456 3123 1647 3191 Neque
1678 3119 1767 3172 illa
1798 3118 1963 3171 libido
1996 3118 2196 3172 saltem.
2220 3144 2244 3167 ιι
2276 3119 2410 3172 Ibid.

1408 3199 1553 3252 Decl.
1571 3203 1639 3264 V,
1653 3218 1706 3270 p.
1733 3199 1854 3249 108:
1879 3221 1901 3244 a
1917 3200 2030 3250 Nec
2046 3197 2151 3249 hoc
2164 3197 2363 3251 saltem.
2384 3224 2408 3246 η

1408 3280 1583 3347 Quam
1626 3280 1884 3330 rationem
1919 3277 2125 3329 facilius
2162 3296 2413 3351 asseque-

1406 3378 1544 3426 mur,
1573 3362 1619 3412 si
1645 3361 2091 3430 reputaverimus,
2121 3359 2329 3432 quidem
2359 3363 2414 3414 in

1407 3460 1527 3491 ne...
1549 3439 1758 3512 quidem
1778 3441 1953 3510 ipsum
1977 3456 2092 3491 esse
2115 3438 2246 3490 nihil
2270 3438 2412 3492 aliud

1406 3521 1508 3572 nisi
1525 3518 1733 3583 saltem,
1755 3519 1935 3571 Graece
1952 3515 2026 3583 ‘7¹'-
2052 3517 2215 3588 Quod
2234 3532 2410 3571 autem

1407 3599 1546 3651 enim
1575 3601 1753 3671 posuit
1776 3598 1830 3649 h.
1861 3597 1894 3649 l.
1924 3596 1981 3649 id
2004 3597 2073 3649 ad
2094 3600 2410 3651 sententiam

1408 3679 1639 3749 aliquam
1661 3675 2081 3747 intelligendam,
2104 3677 2275 3730 verbis
2300 3695 2408 3729 non

1408 3775 1706 3829 expressam
1721 3795 1738 3822 ,
1775 3758 1958 3809 referri
1994 3754 2168 3808 debet.
2210 3759 2284 3808 Ea
2320 3754 2408 3806 hic

1407 3834 1669 3908 ejusmodi
1687 3836 1796 3887 fere
1814 3837 1909 3887 sit:
1936 3834 2114 3885 Habeo
2133 3843 2306 3884 autem
2330 3844 2410 3884 ta-

1410 3916 1482 3967 lia
1495 3954 1512 3981 ,
1551 3933 1669 3989 quoe
1712 3924 1988 3969 monstrem
2004 3950 2020 3978 ,
2065 3912 2372 3984 compendia
2388 3952 2404 3977 ,

1405 4014 1529 4047 nam
1556 3993 1693 4048 illud
1711 3995 1885 4045 statim
1905 3991 2038 4044 mihi
2053 3991 2287 4064 displicet
2303 4007 2404 4046 etc.

1405 4104 1477 4115 —-
1494 4077 1816 4126 contextum.
1834 4072 2031 4125 seriem
2045 4110 2062 4137 ‚
2094 4086 2146 4124 et
2173 4073 2405 4144 positum

1404 4173 1460 4209 tn
1488 4152 1790 4225 alphabeto,

1478 4233 1527 4287 3.
1543 4233 1756 4286 Ductus·
1773 4234 1987 4286 Formas
2008 4250 2068 4286 ac
2087 4232 2305 4304 figuras,
2327 4247 2408 4300 et,
