3200 5150
765 475 901 543 226

1337 476 1430 540 M.
1470 475 1702 540 FABII
1742 474 2303 558 QUINTILIANI

664 626 729 681 ¹9
761 597 847 670 tis
882 622 953 669 se
986 616 1053 669 et
1084 595 1452 697 geometris
1485 597 1711 669 multa
1743 597 1908 670 dicit
1940 598 2228 672 dedisse.
2265 599 2476 672 Unde
2514 603 2724 675 etiam
2760 602 2881 677 ille

761 740 917 787 mos
936 769 955 802 ‚
975 734 1051 785 ut
1068 713 1139 784 in
1162 712 1488 785 conviviis
1508 734 1663 812 post
1677 740 1944 786 coenam
1968 715 2532 788 circumferretur
2551 717 2732 816 lyra3
2755 746 2880 792 cu-

761 829 873 929 jus
888 856 1113 928 quum
1135 854 1207 900 se
1233 828 1642 928 imperitum
1663 828 2172 902 Themistocles
2193 831 2550 903 confessus
2572 854 2778 922 esset,
2799 856 2881 906 ut

657 978 724 1014 20
757 943 985 1016 verbis
1019 943 1376 1016 Ciceronis
1402 958 1421 988 ¹
1462 967 1643 1035 utar,
1680 944 1950 1019 habitus
1982 963 2076 1019 est
2109 948 2467 1018 indoctior.
2510 948 2648 1020 Sed
2683 970 2874 1021 vete-

761 1086 921 1131 rum
943 1086 1227 1158 quoque
1247 1062 1737 1132 Romanorum
1762 1060 1988 1161 epulis
2010 1061 2181 1134 fides
2211 1089 2289 1133 ac
2319 1061 2522 1133 tibias
2540 1063 2877 1138 adhibere

759 1174 975 1247 moris
1013 1175 1179 1246 fuit:
1212 1201 1446 1247 versus
1484 1203 1768 1276 quoque
1803 1176 2458 1249 Saliorumhabent
2497 1205 2782 1251 carmen
2804 1192 2873 1251 ²:

758 1316 916 1389 quae
959 1316 1186 1388 quum
1230 1289 1472 1362 omnia
1505 1290 1644 1362 sint
1675 1319 1717 1363 a
1749 1294 1989 1364 Numa
2026 1319 2185 1390 rege
2220 1291 2568 1381 instituta,
2602 1291 2879 1366 faciunt

756 1405 1256 1495 manifestum,
1311 1434 1400 1479 ne
1450 1406 1583 1478 illis
1640 1408 1970 1507 quidem,
2015 1409 2137 1508 qui
2188 1409 2393 1482 rudes
2439 1437 2516 1482 ac
2559 1409 2876 1483 bellicosi

753 1518 1102 1610 videntur,
1123 1549 1365 1596 curam
1397 1523 1732 1612 musices,
1755 1546 2094 1623 quantam
2123 1524 2243 1596 illa
2271 1524 2650 1623 recipiebat
2680 1547 2873 1615 aetaS‚

643 1663 711 1699 ει
754 1636 1077 1708 defuisse.
1131 1638 1455 1738 Denique
1509 1639 1582 1711 in
1630 1639 2080 1738 proverbium
2133 1667 2358 1740 usque
2401 1642 2814 1714 Graecorum
2840 1641 2873 1687 3

753 1750 1183 1825 celebratum
1212 1775 1349 1842 est,
1374 1755 1698 1829 Indoctos
1719 1784 1763 1827 α
1787 1759 2005 1829 Musis
2036 1773 2244 1857 atque
2270 1784 2315 1828 α
2352 1756 2654 1830 Gratiis4
2684 1755 2882 1831 abes-

646 1894 712 1931 22
750 1895 837 1940 se.
866 1870 1139 1942 Verum
1165 1866 1383 1967 quid⁵
1409 1896 1490 1941 ex
1521 1895 1602 1941 ea
1624 1871 1900 1969 proprie
1933 1890 2119 1970 petat
2145 1873 2428 1943 futurus
2456 1892 2707 1961 orator,
2735 1872 2878 1944 dis-

827 2081 874 2116 1.
917 2065 1186 2116 Ciceronis.
1220 2065 1437 2118 Tuscul.
1472 2067 1759 2137 Disputatt.

746 2142 772 2193 Ῑ
786 2179 804 2208 ,
830 2159 886 2192 2:
908 2141 1028 2192 vide
1048 2139 1115 2191 de
1138 2159 1287 2192 more
1310 2142 1537 2193 canendi
1559 2145 1615 2193 in
1641 2162 1763 2193 con-

637 2208 646 2217 ’
746 2223 895 2273 viviis
920 2218 1097 2274 eumd.
1122 2219 1213 2271 lib.
1241 2221 1332 2287 lv,
1359 2238 1407 2272 2.

823 2321 873 2355 2.
892 2302 1105 2356 Habent
1116 2320 1340 2353 carmen.
1360 2303 1652 2375 Suspiceris
1669 2302 1758 2356 hic

745 2401 956 2434 carmen
978 2381 1270 2451 significare
1293 2381 1484 2433 modos
1507 2384 1761 2450 musicos,

747 2463 851 2512 nisi
873 2460 1011 2510 forte
1038 2457 1294 2530 quidquid
1320 2472 1486 2511 metro
1511 2462 1763 2512 constric-

749 2554 864 2594 tum
887 2555 1057 2608 esset,
1081 2539 1265 2593 fidium
1290 2555 1343 2594 et
1366 2539 1614 2593 tibiarum
1638 2559 1763 2594 con-

746 2624 928 2675 centui
971 2621 1293 2674 destinatum
1332 2623 1538 2693 putavit
1575 2622 1758 2690 Quint.

752 2701 970 2753 Car-men
996 2713 1200 2766 autern,
1224 2702 1332 2752 sive
1351 2711 1596 2767 metrum,
1615 2700 1761 2771 quod

745 2778 1008 2832 haberent
1028 2798 1210 2831 versus
1235 2778 1522 2844 Saliorum,
1543 2792 1655 2831 erat
1678 2798 1763 2830 ve-

746 2871 833 2909 tus
866 2857 998 2910 illud
1030 2858 1364 2925 Saturnium,
1397 2857 1571 2909 solum
1605 2877 1759 2909 usur·

744 2950 840 3010 pat
958 2939 1241 3006 Romanis,
1275 2951 1560 3009 antequam
1588 2937 1756 2989 heroo

743 2957 1012 3071 veri-[titos
1031 3018 1282 3071 donasset
1303 3020 1521 3072 Ennius.
1533 3020 1761 3070 Versum

745 3098 1050 3151 Saturnium
1087 3111 1329 3150 constare
1368 3096 1593 3148 dimetro
1628 3099 1761 3148 iam-

743 3175 870 3229 bico
904 3175 1247 3244 catalectico,
1286 3190 1338 3228 ot
1371 3175 1719 3249 ithyphallico
1742 3215 1759 3243 .‚

746 3274 844 3308 seu
867 3255 1034 3307 tribus
1059 3253 1299 3307 trochaeis
1315 3293 1332 3320 ‚
1356 3255 1630 3324 ingeniose
1655 3253 1757 3305 do-

743 3348 832 3387 cet
862 3334 1005 3404 larga
1040 3334 1402 3406 exemplorum
1434 3336 1591 3405 copia
1622 3336 1756 3386 Her-

743 3430 970 3464 mannus
999 3411 1067 3464 de
1100 3416 1274 3466 metris
1295 3452 1312 3478 ‚
1343 3434 1397 3484 p.
1434 3413 1538 3479 403
1573 3431 1757 3483 seqq.‚

747 3494 841 3565 qui
876 3505 1053 3544 tamen
1089 3493 1230 3545 idem
1268 3496 1380 3565 ejus
1419 3494 1570 3544 metri
1608 3511 1756 3544 surn-

739 3591 882 3624 mam
893 3585 944 3623 et
953 3571 1113 3644 plane
1122 3571 1389 3623 horridam
1400 3571 1663 3624 licentiam
1678 3590 1755 3623 os-

740 3652 930 3706 tendit.
947 3654 1016 3703 At
1033 3651 1152 3704 vide
1174 3650 1217 3721 §.
1241 3652 1305 3703 32
1327 3671 1339 3701 τ
1372 3672 1396 3696 κ
1415 3669 1568 3703 suum
1591 3648 1757 3720 quod-

748 3754 773 3779 «
795 3732 918 3784 dam
941 3748 1147 3782 carmen
1168 3753 1190 3777 n
1221 3748 1328 3802 quo
1353 3729 1411 3781 fit
1433 3732 1559 3782 item
1578 3731 1755 3782 verisi-

741 3812 889 3878 mile,
899 3828 1104 3864 carmen
1121 3808 1227 3861 dici
1240 3829 1338 3881 pro
1350 3809 1516 3860 modis
1531 3808 1750 3860 musicis.

816 3892 867 3946 3.
883 3889 1271 3944 Proverbium...
1289 3891 1601 3943 Groecorum.
1617 3890 1759 3959 Qua·

739 3970 792 4025 le
815 3970 921 4024 hoc
944 3969 1282 4044 proverbium
1306 3983 1469 4037 esset,
1494 3968 1639 4042 apud
1665 3988 1757 4041 pa-

729 4050 1162 4123 ‚roemiographos
1200 4049 1436 4119 aliosque
1470 4051 1752 4120 scriptores

744 4127 937 4182 diserte
973 4128 1222 4181 traditum
1263 4148 1374 4179 non
1415 4128 1608 4180 inveni.
1650 4129 1752 4179 Ze-

743 4207 936 4262 nobius
962 4207 1176 4280 quidem
1198 4220 1252 4260 et
1277 4208 1639 4276 Diogenianus
1670 4208 1751 4259 in·

1854 2079 1935 2119 ter
1956 2067 2235 2140 proverbia
2259 2082 2568 2120 recensent:
2596 2066 2873 2136 Λιιξιοθρίοσ

1853 2143 2190 2215 ἐμουσᾶτιροι,
2217 2145 2312 2198 sed
2333 2144 2441 2198 hoc
2466 2166 2578 2198 rem
2601 2164 2711 2197 non
2737 2164 2877 2198 con-

1851 2224 1986 2290 ficit,
2011 2244 2187 2297 neque
2209 2238 2290 2276 tot
2315 2224 2418 2277 alia
2442 2227 2766 2296 scriptorum
2788 2224 2879 2276 lo-

1850 2323 1931 2369 ca,
1952 2304 2047 2356 ubi
2061 2307 2332 2357 Musarum
2350 2318 2403 2356 et
2416 2304 2717 2356 Gratiarum
2733 2321 2876 2356 con-

1853 2385 2073 2434 sortium
2087 2381 2396 2435 hominibus
2412 2381 2585 2434 doctis
2601 2381 2871 2434 tribuitur.

1851 2460 2180 2513 Camerarius
2215 2459 2357 2513 unde
2392 2479 2487 2512 sua
2522 2460 2744 2512 haberet
2771 2478 2875 2513 ne-

1853 2558 1956 2612 que
1994 2543 2106 2614 ipse
2144 2539 2273 2593 dixit
2288 2579 2306 2608 ‚
2339 2557 2512 2611 neque
2551 2538 2641 2592 alii
2679 2542 2878 2611 quaesi-

1849 2634 2037 2672 verunt
2054 2658 2071 2686 ‚
2118 2632 2171 2671 et
2215 2632 2394 2691 potest
2439 2618 2605 2671 videri
2652 2618 2719 2670 de
2768 2637 2872 2670 suo

1851 2713 2182 2751 commentus
2206 2717 2283 2750 ea.
2308 2696 2500 2750 Scribit
2520 2710 2699 2749 autem
2720 2695 2838 2750 haec
2856 2720 2870 2749 :

1855 2801 1879 2827 α
1906 2779 2128 2845 ’Λμουσοι
2154 2782 2295 2832 enim
2320 2777 2636 2830 dicebantur
2659 2778 2739 2828 κειὶ
2763 2794 2871 2843 χα-

1855 2882 1878 2906 «
1898 2859 2029 2928 ρίστων
2070 2859 2193 2926 δίχα.
2214 2884 2235 2905 n
2291 2857 2484 2929 quibus
2528 2876 2684 2924 mox,
2720 2857 2871 2910 velut

1846 2937 2306 3009 indignabundus,
2328 2936 2543 3010 subjicit
2569 2960 2591 2983 κ
2612 2937 2642 2988 2¹2⁸
2659 2938 2742 2988 οὐκ
2761 2930 2869 3004 οἶΔΓ

1855 3040 1877 3063 α
1900 3014 1928 3067 δ’
1939 3056 1956 3083 ‚
1983 3039 2047 3070 τι.
2076 3043 2098 3065 ιο
2131 3020 2402 3069 Postrema
2430 3018 2700 3069 Gesnerus
2726 3016 2869 3070 male

1847 3100 2054 3168 accepit
2068 3117 2166 3170 pro
2178 3110 2330 3170 parte
2345 3096 2627 3168 proverbii.
2640 3099 2870 3168 Apposi-

1849 3178 2108 3228 tissimum
2128 3176 2196 3228 ad
2212 3175 2530 3246 Quintiliani
2548 3177 2868 3228 sententiam

1850 3269 1928 3307 est
1950 3254 2322 3307 Plutarcheum
2350 3254 2510 3322 illud,
2531 3253 2679 3326 quod
2702 3255 2868 3306 refert

1845 3336 2123 3400 Erasmus,
2143 3337 2197 3385 in
2212 3336 2315 3386 vita
2336 3333 2578 3399 Romuli,
2598 3353 2652 3405 p.
2685 3334 2783 3398 26,
2807 3335 2865 3384 B.

1846 3413 1914 3465 de
1938 3415 2110 3466 Sextio
2141 3412 2279 3487 Sylla
2307 3412 2730 3482 Carthaginiensi
2760 3412 2867 3463 οὔτε

1840 3494 2028 3559 μουσῦν
2050 3492 2153 3544 οὖτα
2171 3493 2381 3560 χαρίτων
2404 3490 2587 3546 {ms-230
2609 3487 2739 3556 iuzif.
2761 3490 2869 3544 Sed

1845 3586 2055 3644 poterat
2075 3592 2148 3624 sic
2165 3571 2314 3644 loqui
2331 3573 2491 3623 etiam
2503 3609 2520 3636 ‚
2537 3573 2629 3641 qui
2646 3589 2867 3641 prover·

1844 3650 1991 3702 bium
2030 3650 2131 3703 tale
2160 3649 2231 3701 ob
2262 3649 2448 3701 oculos
2477 3668 2587 3700 non
2620 3647 2863 3700 haberet.

1844 3732 2088 3782 Fortasse
2115 3730 2220 3797 Qu.
2251 3729 2466 3780 nonnisi
2493 3725 2561 3780 de
2583 3727 2866 3779 vocabulis

1844 3811 1956 3862 istis
1978 3810 2255 3860 tritissimis
2270 3808 2437 3860 Graeci
2457 3809 2714 3860 sermonis
2734 3806 2867 3872 εἶχα-

1845 3910 1935 3957 pte,
1963 3877 2191 3954 ἄμουσός,
2218 3889 2485 3958 cogitavit.

1914 3967 1965 4035 4.
2000 3967 2053 4018 Α
2089 3966 2296 4019 Gratiis.
2328 3970 2390 4020 R.
2420 3966 2552 4020 Cod.
2592 3985 2611 4018 1
2648 3979 2700 4017 et
2729 3964 2862 4018 edit.

1843 4049 2057 4119 Camp.,
2088 4066 2120 4098 α
2159 4047 2371 4100 Groecis:
2406 4065 2522 4118 quae
2556 4045 2713 4097 lectio
2749 4064 2868 4098 non

1842 4127 2044 4180 absona
2068 4125 2289 4179 videtur.
2315 4128 2409 4178 En.

1913 4204 1962 4260 5.
2008 4205 2201 4262 Verum
2243 4206 2406 4279 quid,
2444 4216 2540 4259 etc.
2583 4205 2863 4259 Hactenus
