3200 5150
623 460 1276 530 INSTITUTIONIS
1312 461 1567 528 ORAT.
1607 462 1769 529 LIB.
1808 464 1940 545 111,
1982 464 2043 529 3.

2248 469 2368 546 421

288 585 579 659 elocutio
614 586 857 674 fuerit,
905 607 981 657 ut
1016 590 1661 686 pronunciationem
1695 612 1976 685 quoque
2007 573 2136 658 vel
2163 584 2379 686 pluri·
2489 674 2493 678 ,

292 728 495 773 mum
515 727 596 773 ex
614 727 696 774 eo
716 700 1020 772 mutuari
1041 721 1305 800 putem.
1326 699 1543 792 Quod
1562 699 1697 773 hoc
1716 700 2047 773 audacius
2062 700 2377 790 dixerim,

291 814 484 913 quod
513 814 587 887 in
616 812 1148 887 Partitionibus¹
1189 819 1503 887 oratoriis
1532 813 1624 887 ad
1661 814 1974 904 easdem,
2005 815 2090 886 de
2123 814 2381 915 quibus

293 956 499 1028 supra
527 929 790 1002 dictum
816 949 946 1020 est,
972 929 1286 1029 quinque
1303 929 1629 1029 pervenit
1653 950 1919 1030 partes;
1954 955 2125 1001 nam
2154 956 2383 1028 quum

291 1045 659 1145 dupliciter
684 1046 996 1145 primum
1022 1046 1385 1136 divisisset,
1409 1046 1483 1119 in
1513 1047 1985 1119 inventionem
2011 1066 2217 1147 atque
2242 1046 2383 1118 elo-

294 1160 690 1249 cutionem;
747 1186 853 1232 res
903 1187 982 1235 ac
1030 1160 1550 1260 dispositionem
1598 1161 2025 1251 inventioni,
2062 1160 2273 1232 verba
2317 1180 2386 1233 et

294 1275 949 1375 pronunciationem
976 1273 1349 1349 elocutioni
1379 1274 1606 1367 dedit;
1641 1274 2100 1376 quintamque
2135 1274 2386 1348 consti-

293 1390 494 1478 tuit²‚
520 1416 1011 1480 communem,
1037 1417 1115 1463 ac
1141 1391 1332 1463 velut
1354 1389 1713 1463 custodem
1736 1392 2097 1482 omnium,
2122 1416 2387 1464 memo-
2457 1480 2474 1493 .

294 1503 491 1575 riam.
532 1502 730 1576 Idem
770 1502 842 1576 in
887 1501 1591 1604 Oratore³,'quinque
1636 1503 1842 1578 rebus
1884 1526 2193 1578 constare
2234 1502 2404 1578 elo-'

294 1617 655 1717 quentiam
701 1617 910 1710 dicit3
953 1619 1028 1691 in
1077 1619 1332 1717 quibus
1372 1640 1610 1719 postea
1647 1618 1911 1719 scriptis
1952 1620 2196 1693 certior
2231 1617 2388 1720 ejus

289 1732 627 1805 sententia
661 1754 781 1806 est.
811 1736 970 1806 Non
1001 1735 1236 1806 minus
1270 1735 1446 1806 mihi
1479 1734 1716 1836 cupidi
1750 1733 2065 1807 novitatis
2094 1732 2388 1834 alicujus

292 1847 615 1921 videntur
633 1848 880 1939 fuisse,
905 1849 1029 1949 qui
1057 1849 1461 1951 adjecerunt
1480 1851 1824 1940 ordinem,
1851 1876 2077 1950 quum
2101 1848 2393 1949 disposi-

299 2061 464 2113 quens
475 2083 493 2111 ‚
511 2057 572 2096 ut
589 2044 807 2098 deberet
824 2047 1052 2118 reperire
1071 2049 1300 2118 primun

299 2123 427 2193 quid
459 2123 691 2191 diceret,
721 2124 916 2178 deinde
947 2127 1158 2179 inventa
1187 2144 1301 2179 non

298 2200 469 2252 solum
495 2201 707 2270 ord-ine,
731 2204 824 2256 sed
847 2207 1006 2257 ctiam
1027 2218 1300 2258 momento

299 2279 532 2351 quodam
572 2295 731 2352 atque
762 2283 960 2349 judicio
995 2280 1301 2357 dispensare

298 2371 458 2429 atque
481 2359 780 2431 disponere.
802 2362 969 2413 Tun.

377 2456 421 2490 1.
449 2436 656 2490 Pania.
681 2440 739 2492 C.
773 2456 821 2505 1,
843 2439 890 2510 §.
919 2439 969 2493 3.
998 2439 1301 2511 Dejudicio

299 2515 425 2569 ibid.
443 2535 491 2570 c.
508 2516 561 2585 3,
574 2518 624 2588 S.
643 2520 701 2583 83
718 2538 764 2570 c.
785 2535 866 2590 17,
880 2520 928 2587 s.
942 2517 1027 2571 58.
1042 2520 1136 2572 Or.
1152 2538 1199 2575 c.
1220 2517 1300 2572 15.

373 2615 422 2649 2.
457 2599 808 2671 Quintumque
829 2597 1106 2651 constituit.
1127 2601 1303 2652 anic.

301 2675 540 2746 quintam
554 2694 762 2749 quoque
772 2676 1038 2728 constituit
1045 2696 1165 2729 cum
1177 2677 1308 2729 mul-

302 2755 370 2803 tis
385 2767 438 2803 et
450 2754 616 2804 codd.
633 2767 689 2805 et
706 2752 827 2806 edd.
843 2754 1018 2807 Guelf.
1035 2753 1128 2806 dat
1144 2756 1307 2826 quin-

305 2842 413 2882 tam
428 2831 618 2884 solum.
633 2835 824 2886 -ΒΚ
849 2850 895 2900 1,
913 2852 940 2885 2
955 2873 972 2902 ,
988 2833 1019 2886 5
1035 2847 1095 2885 et
1112 2835 1304 2901 Cum,

304 2910 543 2984 quintam
565 2927 787 2984 quoque.
812 2915 904 2965 Eu.

377 2990 428 3043 3.
456 2989 606 3042 Idem
634 2990 690 3040 in
717 2999 933 3041 omtore.
962 2989 1137 3043 Guelf.
1170 2988 1305 3041 idem

306 3088 470 3145 quum
513 3070 568 3120 iu
610 3077 825 3120 oratore:
864 3067 1026 3121 Goth.
1069 3080 1123 3120 et
1160 3069 1305 3120 Jens.

306 3150 441 3223 (tac.
470 3149 664 3221 Gesn.)
691 3150 813 3201 item
841 3149 898 3200 in
926 3159 1155 3213 oratore,
1186 3165 1310 3200 cum

271 3234 282 3244 '
310 3229 429 3283 edd.
465 3229 879 3282 ente.Stoerium
913 3227 1191 3294 omnibus,
1220 3229 1311 3297 qui

309 3313 509 3384 primus
534 3310 686 3361 idem.
718 3307 821 3362 Sed
844 3320 923 3361 est
946 3325 1092 3360 error
1113 3309 1168 3359 in
1190 3305 1311 3357 leu-

310 3388 489 3442 dando
507 3389 643 3442 libro
662 3410 677 3453 3
696 3389 816 3440 vide
838 3400 976 3440 noue
1001 3388 1175 3439 finem.
1200 3385 1312 3439 Etsi

313 3472 452 3522 euim
475 3472 531 3521 in
553 3479 754 3520 oratore
769 3470 918 3539 ipso,
940 3485 987 3518 c.
1017 3465 1176 3537 14-17
1195 3466 1309 3516 init.

312 3562 589 3620 percenset
605 3548 917 3619 eloquentiae
934 3558 1111 3617 partes
1122 3581 1140 3610 ,
1159 3545 1217 3597 fit
1235 3557 1315 3595 tu-

314 3643 438 3678 men
459 3625 591 3678 illud
613 3627 889 3680 obscurius
915 3638 968 3678 et
988 3624 1316 3677 desideratur

316 3721 566 3756 numerus
586 3723 791 3771 earum,
813 3708 903 3776 qui
923 3707 978 3757 in
1003 3705 1168 3756 altero
1191 3703 1314 3754 loco

320 3795 398 3836 est
412 3801 687 3854 expressus
703 3805 717 3834 ε
740 3802 900 3855 quare
913 3797 1139 3837 erratum
1153 3795 1287 3854 puto
1298 3818 1315 3846 ,

319 3880 431 3914 non
457 3860 671 3932 quidem
699 3862 766 3914 ab
793 3865 943 3934 ipso,
967 3861 1071 3913 *sed
1097 3881 1128 3914 a
1155 3861 1318 3913 libra-

319 3944 439 4009 riis,
459 3943 549 4012 qui
569 3943 707 3994 inter
728 3941 783 3992 in
810 3953 865 3992 et
895 3941 1106 3992 Oratore
1128 3943 1320 3992 omise-

321 4023 426 4075 rint
445 4021 586 4074 boect
615 4020 751 4074 libris
771 4019 862 4085 de,
891 4020 1159 4091 quomodo
1185 4020 1321 4073 solet

320 4100 593 4172 designare
605 4100 986 4153 honoiem-onis
999 4117 1320 4170 opus‚quum

326 4182 498 4252 ipsum
530 4180 726 4235 diserte
762 4189 1155 4233 commemorat.
1184 4178 1321 4230 Vide

1385 2047 1464 2114 11,
1494 2063 1589 2114 12,
1618 2044 1806 2114 53111,
1834 2046 1901 2113 4,
1927 2062 1990 2110 23
2018 2045 2099 2111 X,
2128 2043 2193 2110 5,
2225 2062 2272 2098 2.
2306 2045 2398 2099 Sic

1387 2130 1643 2200 seriptum
1664 2127 1856 2194 finisse,
1875 2127 2033 2178 etiam
2052 2124 2159 2177 hoc
2179 2123 2396 2191 suadet,

1388 2205 1535 2279 quod
1547 2207 1810 2277 sequitur:
1834 2205 1889 2256 in
1902 2204 2100 2277 quibus.
2123 2206 2238 2256 Hoe
2255 2205 2398 2257 enim

1388 2287 1602 2339 nonnisi
1637 2296 1879 2337 contorte
1911 2283 2152 2338 retuleris
2184 2281 2251 2335 ad
2284 2282 2395 2334 duo

1388 2369 1488 2418 ista
1521 2366 1717 2436 scripta
1744 2363 2049 2416 Ciceronis:
2084 2361 2400 2415 Pan-titiones

1391 2456 1444 2496 et
1485 2436 1769 2496 Orator-mi.
1812 2444 2001 2511 Neque
2037 2439 2214 2491 obstat
2249 2434 2398 2510 quod

1391 2523 1493 2588 lx,
1512 2522 1563 2589 3,
1582 2538 1680 2594 9ο,
1704 2520 1972 2574 Oratorem
1998 2538 2021 2564 ι
2034 2531 2222 2592 postea
2238 2518 2398 2590 scrip-

1399 2623 1424 2650 ι
1440 2617 1555 2655 tum
1573 2624 1596 2650 ιο
1631 2601 1883 2673 appellat.
1911 2598 1991 2651 Ibi
2018 2601 2157 2652 enim
2185 2616 2309 2651 cum
2326 2596 2400 2648 Ιί-

1393 2682 1503 2732 bris
1523 2678 1590 2730 de
1603 2679 1829 2734 Oratore
1850 2691 2150 2749 comparat,
2167 2675 2255 2728 hie
2274 2694 2400 2728 cum

1393 2757 1705 2812 Rhetoricis.
1732 2758 1969 2828 Apparet
1989 2769 2164 2808 tamen
2186 2754 2294 2806 hoc
2314 2756 2400 2825 ip-

1396 2855 1455 2890 so
1479 2848 1629 2888 tanto
1650 2835 2008 2898 manifestim,
2041 2837 2097 2886 in
2119 2832 2404 2886 Rhetoricis

1394 2915 1563 2968 ullum
1586 2911 1730 2965 aliud
1754 2930 1918 2984 opus,
1943 2929 2102 2984 quam
2127 2912 2402 2964 Inventio-

1394 2995 1500 3059 m‘s,
1527 3009 1863 3062 nequaquam
1885 3009 2046 3063 posse
2066 2991 2316 3062 intelligig
2340 3002 2403 3042 ut

1395 3073 1596 3125 mir‘eris
1619 3071 1911 3122 Gesner-um
1929 3071 2205 3140 agnovisse
2223 3069 2413 3121 locum·

1398 3170 1428 3204 a
1447 3148 1780 3219 Quintiliano
1803 3147 2160 3219 improbatum
2186 3149 2241 3199 in
2270 3149 2406 3200 Ora-

1399 3240 1507 3282 tore
1546 3226 1730 3299 (putat
1764 3228 1905 3279 enim
1939 3227 1993 3277 in
2034 3247 2056 3271 ι
2075 3224 2357 3276 Rhetoricis
2375 3243 2401 3273 ι

1397 3308 1476 3380 (S.
1496 3305 1561 3379 6)
1577 3307 1770 3378 respici
1794 3306 2087 3368 Oratorem,
2114 3322 2160 3355 c.
2190 3303 2281 3370 14,
2312 3301 2407 3374 15)

1402 3403 1508 3458 quo
1555 3387 1674 3457 ipso
1714 3383 1878 3436 libros
1919 3382 1984 3433 de
2029 3383 2242 3435 Oratore
2279 3393 2411 3454 post

1404 3467 1673 3520 Oratorem
1713 3465 1936 3536 scriptos
1978 3462 2106 3514 facit
2123 3500 2141 3528 ,
2182 3460 2411 3514 turbatis

1399 3557 1702 3617 temporum
1754 3539 2061 3596 rationibus.
2119 3537 2409 3610 Quomodo

1401 3643 1524 3677 vera
1555 3625 1813 3696 scriptura
1847 3624 1902 3676 in
1933 3623 2060 3674 vitio
2092 3622 2196 3673 isto
2227 3618 2406 3672 Guelf.

1401 3722 1523 3756 cum
1551 3702 1742 3769 lateat,
1771 3700 2016 3774 equidem
2044 3719 2156 3754 nou
2189 3711 2409 3770 exputo.

1403 3782 1575 3833 Etiam
1599 3783 1777 3833 Turic.
1794 3814 1815 3846 5
1845 3780 1979 3831 idem
2013 3780 2069 3830 in
2103 3780 2316 3831 Oratore
2330 3815 2346 3841 ,
2378 3793 2410 3826 a

1408 3858 1641 3913 secunda
1660 3877 1835 3912 manu.
1856 3888 1928 3898 -
1944 3859 2014 3909 In
2038 3858 2265 3911 Oratore.
2282 3858 2412 3907 Rec-

1407 3951 1460 3992 te
1486 3955 1670 3992 monet
1697 3939 1987 4004 Gesner-us,
2010 3936 2115 3988 hoc
2144 3938 2199 3988 iu
2226 3934 2362 3987 libro
2386 3935 2410 3986 Ι

1409 4017 1475 4069 de
1510 4018 1736 4071 Oratore
1776 4017 2027 4082 inveniri,
2069 4033 2113 4066 c.
2159 4014 2221 4067 31
2242 4053 2260 4081 ‚
2296 4031 2413 4064 ver-

1409 4114 1498 4151 sus
1522 4097 1680 4148 finem
1702 4115 1813 4149 nou
1834 4097 1888 4149 in
1917 4096 2142 4150 Oratore.
2157 4092 2292 4146 Vide
2316 4093 2409 4144 ini-

1406 4177 1545 4228 tium
1567 4187 1721 4228 notae.
