3200 5150
648 422 1219 491 INSTITUTION
1228 421 1299 488 IS
1336 422 1590 489 ORAT.
1635 422 2181 489 PROOEMIUM.
2373 426 2459 515 39

372 572 620 647 parva,
653 572 809 646 quae
842 546 1033 646 prius
1066 544 1435 634 discimus,
1466 544 1739 635 studia,
1775 543 1913 617 sive
1947 571 2092 618 non
2125 543 2213 617 ad
2249 570 2459 622 suurn

371 661 714 760 pertinere
738 660 1056 735 officium
1080 659 1372 760 opinati,
1393 659 1679 759 quando
1698 658 1924 732 divisae
1951 659 2459 790 professionum

370 777 551 852 vices
570 798 824 868 essent3
852 804 1015 866 seu,
1040 776 1231 877 quod
1256 776 1658 906 proximum
1679 802 1873 866 vero,
1902 774 2218 848 nullam
2198 775 2460 876 ingenii

369 913 722 993 sperantes
748 892 1038 992 gratiam
1065 893 1246 965 circa
1273 918 1413 981 res,
1444 890 1711 964 etiamsi
1737 888 2188 979 necessarias,
2218 889 2461 991 procul

367 1027 609 1081 tamen
643 1007 733 1080 ab
766 1007 1216 1080 ostentatione
1248 1006 1538 1107 positas:
1566 1027 1647 1078 ut
1668 1032 1962 1106 operum
1983 1004 2250 1106 fastigia
2275 1032 2462 1105 spec·

369 1140 629 1212 tantur,
655 1121 869 1196 latent
898 1121 1380 1195 fundamenta.
1407 1124 1594 1222 Ego,
1620 1147 1844 1223 quum
1873 1117 2052 1193 nihil
2075 1119 2458 1193 existimem

368 1236 498 1313 arti
523 1237 828 1311 oratoriae
849 1236 1194 1328 alienum,
1216 1236 1367 1310 sine
1392 1264 1533 1338 quo
1559 1236 1709 1310 fieri
1728 1256 2067 1309 oratorem
2093 1262 2239 1311 non
2263 1262 2459 1335 posse

368 1351 737 1424 fatendum
772 1373 905 1445 est,
944 1379 1077 1426 nec
1110 1352 1201 1427 ad
1237 1332 1448 1425 ullius
1481 1352 1579 1425 rei
1613 1379 2007 1443 summam,
2045 1350 2176 1424 nisi
2213 1376 2461 1452 praece·

370 1464 747 1540 dentibus
729 1466 972 1558 mitiis,
1007 1466 1387 1567 perveniri;
1430 1467 1521 1539 ad
1556 1466 1831 1539 minora
1872 1465 2074 1558 illa1,
2112 1465 2270 1557 sed,
2305 1492 2462 1567 quae

369 1581 427 1654 si
455 1580 799 1682 negligas,
825 1610 969 1657 non
1002 1583 1086 1657 sit
1118 1583 1500 1686 majoribus
1533 1582 1725 1657 locus
1742 1638 1763 1673 ,
1793 1582 2150 1655 demittere
2175 1607 2296 1653 me
2315 1607 2460 1652 non

371 1697 746 1771 recusabo:
782 1724 912 1771 nec
938 1697 1159 1788 aliter,
1184 1725 1398 1798 qua-m
1433 1696 1488 1771 si
1522 1695 1702 1770 mihi
1727 1695 2030 1768 tradatur
2057 1693 2461 1768 educandus
2509 1748 2518 1761 .

370 1832 618 1903 orator,
650 1812 875 1885 studia
898 1812 1047 1914 ejus
1072 1814 1375 1885 formare
1408 1812 1497 1884 ab
1531 1809 1824 1883 infantia
1856 1809 2208 1910 incipiam.
2244 1807 2461 1900 Quod

371 1953 572 2027 opuS,
592 1925 921 2003 Marcelle
937 1925 1224 2015 Victori,
1249 1924 1375 1999 tibi
1404 1924 1749 1998 dicamus:
1777 1948 2019 2024 quem,
2042 1949 2266 2022 quum
2292 1921 2463 1994 ami-

370 2039 729 2112 cissimum
750 2040 984 2130 nobis,
1009 2062 1163 2113 tum
1200 2039 1451 2113 eximio
1484 2039 1868 2113 litterarum
1903 2064 2140 2110 amore
2170 2036 2462 2137 flagran-

371 2175 513 2227 tem
534 2210 555 2246 ,
584 2180 726 2228 non
757 2177 1037 2255 propter
1060 2155 1206 2229 haee
1238 2155 1450 2229 modo
1479 2156 1949 2257 (quamquam
1979 2173 2143 2227 sunt
2170 2153 2461 2251 magna)

372 2268 862 2369 dignissimum
893 2270 1026 2344 hoc
1055 2291 1320 2344 mutuae
1346 2270 1525 2344 'inter
1556 2297 1684 2342 nos
1716 2267 2005 2341 caritatis
2039 2265 2328 2367 pignore
2347 2264 2462 2368 ju-

370 2382 775 2458 dicabamus
792 2415 812 2476 3
832 2385 954 2458 sed
977 2385 1168 2484 quod
1191 2385 1576 2460 erudiendo
1596 2405 1761 2458 nato
1781 2397 1814 2453 .²
1838 2369 1992 2472 tuo,
2013 2382 2213 2482 cujus
2236 2380 2463 2481 prima

371 2520 526 2573 aetas
554 2498 584 2544 ³
611 2500 1061 2574 manifestum
1089 2501 1214 2574 iter
1236 2500 1324 2573 ad
1349 2499 1613 2603 ingenii
1639 2499 1885 2572 lumen
1908 2494 1942 2560 4
1963 2495 2289 2590 ostendit,
2315 2523 2462 2570 non

370 2702 487 2763 εἵως
515 2700 721 2755 dativus
751 2716 831 2758 est
864 2706 920 2757 in
951 2704 1207 2777 perfectis.
1238 2706 1372 2759 Inde

370 2792 548 2832 nutem
582 2799 682 2853 pro
718 2781 905 2833 deinde
940 2782 1086 2853 quod
1121 2784 1370 2856 frequens

370 2858 515 2930 apud
563 2861 782 2912 Livium.
816 2860 935 2913 Vid.
985 2862 1253 2918 Drakenb.
1303 2865 1371 2918 ad

366 2940 476 2991 Liv.
503 2940 664 3004 XLII,
689 2937 785 3005 55,
809 2939 859 2991 6.

448 3035 465 3069 1
478 3057 491 3069 .
504 3017 716 3070 Minora
731 3015 842 3070 illa.
854 3017 1028 3071 Guelf.
1042 3022 1246 3092 Μῄονα
1257 3020 1368 3075 illa.

369 3096 453 3149 Sic
472 3097 632 3149 etiam
644 3099 700 3149 in
713 3098 821 3151 suis
835 3098 1138 3150 inveniebat
1150 3101 1343 3169 Regius
1354 3139 1371 3167 ‚

372 3177 463 3246 qui
485 3177 741 3238 correxit3
766 3175 862 3229 sed
883 3178 1009 3234 satis
1032 3177 1184 3230 multi
1201 3177 1369 3231 codd.

370 3258 483 3328 ejus
509 3255 930 3310 emendationem
951 3271 1265 3328 agnoscunt.

444 3354 492 3388 2.
513 3337 669 3388 Nato.
695 3338 905 3412 Negant
928 3348 1112 3390 natum
1134 3356 1233 3411 pro
1243 3334 1370 3410 filio

370 3413 438 3466 ab
468 3414 580 3467 aliis
610 3434 767 3486 quam
789 3417 962 3489 poetis
990 3414 1125 3480 dici3
1146 3417 1370 3487 Regium

372 3508 547 3546 autem
564 3496 619 3547 in
638 3497 745 3549 suis
763 3495 831 3548 ad
850 3456 1232 3565 Quintilianum
1251 3514 1373 3568 pro-

368 3567 625 3626 blematis
648 3572 911 3648 (Dialoqo
951 3577 1065 3629 sine
1105 3575 1270 3629 dubio
1307 3574 1372 3630 de

370 3649 673 3721 quibusdam
695 3652 1012 3722 Quintiliani
1035 3652 1183 3720 locis,
1204 3659 1373 3709 Vene-

370 3729 482 3793 tiis,
517 3728 670 3798 1490,
693 3728 874 3803 edito)
896 3751 1187 3785 memorare
1209 3732 1372 3790 codi-

370 3825 520 3873 cem,
557 3806 651 3860 ubi
690 3809 830 3862 Getoe
862 3810 1050 3866 viderit
1078 3830 1178 3886 pro
1212 3822 1368 3878 nato,

369 3886 532 3940 refert
548 3885 795 3940 Pithoeus.
811 3888 1052 3943 Debebat
1070 3891 1254 3944 saltem
1273 3908 1370 3963 pro

376 3968 519 4022 Getoe
552 3965 711 4020 scribi
749 3966 940 4034 Gauo,
969 3970 1115 4042 quod
1148 3972 1375 4024 fortasse

372 4061 682 4119 corruptum
715 4049 965 4102 fueritin
993 4060 1187 4123 gnato,
1228 4060 1370 4104 nato.

375 4125 507 4180 vide
534 4144 582 4179 v.
611 4145 657 4180 c.
685 4128 794 4181 Cic.
824 4125 896 4181 ad
919 4128 1036 4181 niv.
1060 4130 1115 4195 1,
1142 4145 1194 4197 9.
1222 4129 1371 4181 Leuc.

1460 2716 1566 2759 tuo.
1601 2718 1740 2759 nost.
1760 2705 1849 2757 VI.
1872 2704 2094 2756 Prooem.
2124 2718 2176 2771 9.
2209 2701 2309 2773 Qu.
2337 2703 2458 2764 mei.

1460 2787 1514 2839 Si
1535 2784 1674 2840 ullus
1699 2781 1829 2836 Cod.
1855 2782 2121 2854 preferret
2143 2780 2276 2847 hoc,
2300 2800 2460 2840 nemo

1461 2863 1615 2917 facile
1636 2862 2037 2933 contempserim
2055 2873 2374 2932 quamquam
2391 2859 2461 2914 de

1462 2961 1559 2995 usu
1588 2941 1682 2994 ino
1708 2939 1797 2993 τοῦ
1819 2951 1971 2992 natus
2002 2940 2215 2992 nonnisi
2242 2940 2459 3012 poetico

1458 3040 1569 3074 non
1593 3032 1674 3072 est
1695 3019 1939 3071 confecta
1962 3037 2062 3072 res.

1531 3100 1582 3152 3.
1607 3102 1760 3171 Cujus
1772 3098 1945 3170 prima
1964 3108 2099 3151 σίας.
2120 3094 2240 3150 scil.
2260 3114 2324 3150 en
2344 3115 2460 3168 que

1461 3175 1789 3229 evidentibus
1817 3174 2024 3228 indiciis
2052 3174 2285 3227 ostendit
2314 3174 2459 3229 hune

1457 3268 1833 3330 perventurum
1849 3254 1918 3307 ad
1936 3254 2320 3327 eloquentiam,
2345 3273 2459 3327 φιτ,

1458 3350 1539 3390 est
1557 3337 1754 3408 ingenii
1769 3335 1965 3392 lumen.
1990 3334 2060 3387 Ut
2075 3335 2213 3388 enim
2235 3334 2460 3388 hominis

1457 3416 1609 3469 decus
1640 3415 1940 3489 ingenium,
1975 3415 2047 3467 sic
2077 3415 2274 3488 ingenii
2305 3415 2460 3488 ipsius

1457 3496 1636 3550 lumen
1650 3506 1724 3547 est
1734 3493 2043 3567 eloquentia.
2064 3495 2207 3547 Brut.
2228 3495 2314 3565 59.
2330 3497 2456 3550 nox..

1528 3575 1581 3643 4.
1607 3573 1948 3647 Manifestum
1969 3575 2068 3626 iter
2079 3572 2151 3625 ad
2168 3571 2366 3650 ingenii
2383 3572 2460 3636 114-

1459 3673 1596 3707 men.
1631 3655 1755 3708 Non
1787 3653 1888 3705 fuit
1920 3652 2257 3706 observatum
2286 3655 2342 3705 in
2365 3651 2458 3704 Al·

1459 3733 1583 3787 dina
1601 3729 1838 3786 secunda
1853 3729 2153 3806 diligentius
2170 3731 2455 3806 recognita,

1459 3825 1520 3865 ut
1537 3811 1746 3884 praefert
1765 3810 1948 3863 titulus
1971 3812 2097 3863 anni
2125 3808 2286 3876 1⁵21,
2307 3827 2452 3864 esse:

1458 3890 1796 3963 manifestum
1821 3892 1944 3963 jam
1994 3889 2193 3963 ingenii
2240 3888 2453 3954 lumen,

1461 3988 1626 4042 quum
1655 3971 1712 4022 in
1742 3971 1919 4040 priore
1950 3970 2076 4020 anni
2114 3966 2246 4035 1514
2278 3971 2344 4022 sit
2373 3988 2456 4022 re

1459 4060 1632 4120 cepta.
1670 4049 1731 4099 ln
1765 4046 2111 4100 Almelovenii
2144 4047 2341 4101 Codice
2381 4050 2460 4100 iti·

1459 4126 1583 4182 dem
1605 4145 1677 4178 m.
1705 4125 1903 4201 ingenii
1923 4124 2122 4195 lumen,
2145 4130 2342 4182 omisso
2368 4127 2465 4193 iter
