3200 5150
855 488 985 575 274
1416 479 1514 549 M.
1551 476 1781 544 mnu
1817 475 2374 561 ommuni

849 604 1102 680 teneris
1136 602 1366 677 adhue
1401 600 1660 702 plantis
1697 600 1962 676 siccum
2001 620 2070 673 et
2105 601 2256 673 sine
2296 600 2595 673 humore
2635 599 2787 676 ullo
2825 627 2940 677 so-

781 755 819 810 9
850 722 1028 795 lum.
1062 719 1235 792 Inde
1279 718 1461 792 fiunt
1490 716 1798 790 humiles
1830 715 2056 788 statim
2076 772 2096 807 ,
2135 736 2204 789 et
2232 714 2422 789 velut
2455 735 2710 790 terram
2740 745 2940 819 spec-

846 853 1102 925 tantes,
1141 834 1263 934 qui
1304 831 1483 906 nihil
1522 858 1734 932 supra
1778 829 2270 931 quotidianum
2310 855 2712 904 sermonem
2751 832 2945 906 attol—

846 952 988 1025 lere
1022 951 1364 1023 audeant·
1410 946 1669 1021 macies
1710 946 1843 1019 illis
1867 965 2012 1078 ‘pro
2048 946 2373 1035 sanitate,
2412 965 2481 1020 et
2510 945 2772 1079 judieii·
2792 947 2944 1022 loco

845 1066 1214 1141 infirmitas
1247 1085 1391 1153 est;
1436 1085 1503 1136 et
1543 1063 1719 1135 dum
1761 1062 1922 1135 satis
1952 1082 2202 1163 putant
2240 1062 2402 1134 vitio
2443 1087 2712 1152 carere,
2753 1063 2830 1136 in
2875 1064 2944 1136 id

844 1183 1082 1284 ipsum
1118 1179 1439 1253 incidunt
1462 1178 1749 1270 vitium,
1790 1177 1983 1278 quod
2012 1177 2380 1251 virtutibus
2411 1199 2670 1251 carent.
2707 1180 2946 1271 Quare

844 1296 1023 1370 mihi
1056 1322 1146 1369 ne
1181 1294 1539 1366 maturitas
1575 1292 1865 1393 quidem
1905 1293 2056 1392 ipsa
2090 1292 2402 1382 festinet,
2438 1317 2571 1366 nec
2609 1314 2843 1367 musta
2874 1294 2946 1367 iu

842 1411 1003 1485 lacu
1031 1410 1259 1484 statim
1291 1431 1561 1483 austera
1592 1410 1768 1483 sint:
1809 1409 1905 1482 sic
1939 1431 2009 1483 et
2033 1433 2258 1483 annos
2285 1411 2581 1502 ferent¹,
2619 1427 2690 1484 et
2718 1431 2946 1484 vetus-

745 1559 810 1602 ιο
842 1546 978 1599 tate
1006 1526 1392 1628 proficient.
1427 1527 1533 1598 Ne
1562 1523 1741 1596 illud
1767 1524 2055 1624 quidem
2090 1523 2285 1623 quod
2311 1523 2825 1598 admoneamus
2846 1524 2948 1597 in-

839 1640 1139 1741 dignum
1183 1661 1319 1732 est,
1367 1637 1651 1739 ingenia
1688 1663 2071 1739 puerorum
2116 1636 2340 1710 nimia
2380 1638 2660 1711 interim
2708 1663 2947 1712 emen·

840 1757 1134 1829 dationis
1174 1755 1523 1826 severitate
1568 1752 1905 1841 deficere3
1942 1777 2111 1825 nam
2154 1772 2223 1826 et
2264 1752 2670 1853 desperant,
2710 1775 2785 1827 et
2819 1755 2945 1827 do-

838 1869 1025 1959 lent,
1068 1889 1137 1942 et
1174 1867 1547 1941 novissime
1590 1865 1929 1957 oderunt,
1971 1886 2072 1956 et,
2120 1867 2314 1966 quod
2357 1867 2665 1940 maxime
2706 1889 2944 1960 nocet,

738 2011 797 2058 u
841 1984 1017 2058 dum
1053 1983 1295 2057 omnia
1326 1982 1615 2069 timent,
1648 1979 1828 2052 nihil
1860 2001 2224 2054 conantur.
2262 1981 2480 2073 Quod
2509 1981 2718 2055 etiam
2751 1983 2948 2056 rusti-

839 2101 936 2173 cis
969 2120 1220 2173 notum
1245 2110 1386 2169 est²
1407 2150 1428 2184 ‚
1456 2094 1580 2196 qui
1613 2094 1980 2167 frondibus
2010 2095 2262 2169 teneris
2296 2121 2442 2169 non
2476 2117 2727 2196 putant
2755 2099 2950 2172 adhi-

836 2215 1149 2289 bendam
1191 2238 1335 2287 esse
1372 2212 1628 2285 falcem
1649 2266 1669 2301 ,
1702 2212 1870 2311 quia
1909 2212 2364 2286 reformidare
2399 2214 2669 2288 ferrum
2708 2215 2948 2289 viden-

739 2365 804 2412 ια
840 2354 977 2425 tur,
1010 2353 1079 2405 et
1118 2330 1509 2403 cicatricem
1562 2329 1886 2402 nondum
1928 2328 2070 2429 pati
2111 2354 2332 2429 posse.
2375 2330 2752 2405 Jucundus
2790 2359 2946 2433 ergo

840 2468 995 2519 tum
1044 2445 1346 2519 maxime
1392 2442 1598 2516 debet
1643 2470 1788 2516 esse
1829 2466 2229 2544 praeceptor,
2274 2467 2355 2517 ut
2399 2446 2748 2537 remedia,
2797 2474 2947 2548 quoe

843 2561 1107 2663 alioqui
1151 2583 1401 2636 natura
1447 2582 1615 2635 sunt
1654 2588 1933 2663 aspera,
1977 2560 2178 2636 molli
2227 2559 2495 2639 manu³
2548 2561 2943 2641 leniantur:

843 2678 1128 2750 laudare
1164 2677 1434 2778 aliqua;
1470 2678 1662 2750 ferre·
1689 2677 2053 2777 quaedam3
2083 2699 2355 2752 mutare
2394 2679 2603 2753 etiam
2624 2739 2645 2772 ,
2683 2681 2968 2769 reddita,

845 2820 974 2868 cur
1016 2793 1088 2866 id
1139 2796 1259 2867 fiat
1299 2795 1597 2886 ratione3
1644 2793 2082 2885 illuminare,
2126 2794 2636 2896 interponendo
2684 2798 2948 2900 aliquid

844 2909 978 2982 sui.
1019 2912 1553 3010 Nonnunquam
1595 2909 1730 2982 hoc
1772 2935 2055 3010 quoque
2090 2911 2219 2983 eri't
2250 2910 2462 3001 utile,
2497 2932 2672 2985 totas
2715 2912 2946 3012 ipsum

846 3024 1102 3101 dictare
1154 3023 1512 3114 materiem,
1560 3052 1734 3125 quas
1786 3046 1854 3098 et
1902 3025 2212 3098 imitetur
2254 3024 2507 3127 puer4,
2556 3047 2624 3099 et
2668 3026 2946 3101 interim

747 3161 810 3215 13
848 3159 1213 3241 tamquam
1239 3166 1399 3212 suas
1426 3161 1634 3212 amet.
1661 3142 1752 3212 At
1771 3141 2000 3213 sitam
2024 3140 2386 3242 negligens
2419 3141 2482 3215 ei
2509 3140 2776 3241 stylus⁵
2801 3145 2949 3217 fue·

924 3350 970 3385 ι.
1004 3331 1186 3387 Annos
1208 3332 1402 3406 ferent.
1431 3336 1629 3387 Vinum
1660 3333 1854 3388 dicitur
1939 3335 2225 3409 estvirgil.
2243 3336 2576 3408 Georgich,
2597 3335 2942 3404 362‚etc.En.

846 3429 1014 3464 annos
1037 3412 1207 3485 serre,
1240 3414 1387 3485 quod
1422 3418 1769 3467 inveteratum
1801 3428 1854 3469 et
2013 3416 2063 3468 3.
2090 3414 2252 3467 Molle·
2272 3432 2454 3468 manu.
2479 3416 2541 3468 R.
2573 3432 2594 3469 t
2612 3455 2630 3485 ,
2658 3415 2766 3470 levi
2785 3434 2946 3471 manu

846 3489 1047 3543 diutius
1071 3507 1391 3545 asservatum
1414 3512 1524 3545 non
1549 3492 1851 3565 degenerat.
1941 3512 2005 3546 ac
2025 3492 2194 3546 molli.
2219 3496 2312 3547 En.

843 3572 1121 3625 contrario
1173 3572 1364 3625 dicitur
1410 3574 1591 3625 vinum
1633 3574 1852 3647 fugere,
2013 3572 2065 3640 4.
2089 3572 2230 3643 Quas
2249 3584 2303 3625 et
2323 3572 2608 3625 imitetur...
2629 3583 2790 3626 amet.
2811 3574 2943 3626 Inoeb

846 3652 994 3723 quod
1020 3654 1161 3704 aetati
1186 3651 1323 3705 cedit
1354 3665 1407 3706 et
1439 3656 1632 3705 sensim
1659 3672 1852 3726 vapes-
1937 3651 2035 3703 n'm
2051 3689 2069 3717 ,
2108 3651 2283 3705 donec
2319 3653 2552 3704 imitatus
2589 3652 2750 3704 fuerit
2789 3653 2885 3706 has
2912 3671 2940 3704 ι

845 3734 933 3784 cit.
958 3732 1126 3784 Tuan.
1936 3733 2187 3800 magistro
2212 3733 2479 3805 profectas
2507 3735 2753 3785 mter-ias
2769 3772 2787 3797 ,
2817 3733 2871 3785 h.
2898 3752 2936 3784 e.

918 3829 965 3863 α.
997 3809 1150 3881 Quod
1165 3810 1322 3862 etiam
1343 3810 1539 3863 rusticis
1558 3820 1740 3861 notum
1760 3822 1849 3866 est.
1936 3809 2348 3865 declamationes
2362 3816 2610 3881 integras,
2624 3813 2826 3865 amabit
2841 3829 2940 3879 eas,

838 3884 1132 3943 columella
1159 3908 1371 3963 quoque
1391 3892 1658 3963 praecipit,
1685 3908 1850 3962 quum
1936 3902 2205 3962 tamquam
2231 3908 2352 3944 suas
2368 3930 2384 3959 ‚
2410 3894 2608 3964 quippe
2629 3891 2733 3944 sibi
2758 3911 2789 3945 a
2813 3911 2939 3965 pr:-

838 3983 990 4021 erunt
1038 3984 1227 4021 tenerae
1272 3969 1465 4042 plantae
1485 4009 1500 4037 ‚
1547 3970 1626 4021 vel
1679 3973 1847 4023 teneri
1935 3983 2154 4042 ceptore
2176 3968 2419 4022 donatas.

836 4050 994 4098 etiam
1018 4051 1250 4101 tut-iones
1276 4051 1458 4101 vitium
1475 4088 1492 4115 ‚
1522 4052 1565 4101 si
1595 4049 1722 4120 quid
1745 4068 1845 4101 au·
2006 4047 2055 4101 5.
2087 4049 2218 4101 Tam
2243 4048 2508 4123 neqliqens
2528 4047 2706 4120 stylus.
2734 4047 2871 4102 vide
2892 4049 2936 4113 1,

834 4124 1109 4175 ferendum
1145 4129 1243 4191 eit,
1272 4127 1615 4198 pampinetur
1642 4144 1839 4193 manu,
1938 4144 1958 4180 ι
1976 4168 1993 4194 ,
2017 4128 2081 4181 28
2102 4150 2115 4180 ε
2147 4149 2170 4175 σι
2189 4127 2421 4203 (stylus)
2439 4128 2584 4182 mdis
2609 4142 2662 4181 et
2686 4130 2936 4181 confusus

831 4218 940 4252 uon
975 4203 1132 4254 etiam
1157 4204 1322 4273 ferm.
1350 4206 1518 4258 Tuan.
1541 4232 1617 4246 --
1637 4207 1839 4260 Notum
1935 4230 1959 4254 ι
1977 4207 2252 4261 intellectu
2289 4220 2446 4260 caret.
2470 4231 2494 4258 a
2536 4211 2725 4281 Neque
2761 4222 2932 4261 tanen
