3200 5150
673 510 1323 579 INSTITUTIONIS
1359 508 1616 577 ORAT.
1655 512 1816 577 Lm.
1858 511 1990 591 ΙΙΙ,
2031 514 2093 580 6.

2298 513 2422 603 457

339 653 590 725 satore,
639 660 782 707 non
820 661 862 706 a
899 660 1036 707 reo.
1093 634 1332 725 Quid?
1369 633 1557 733 quod
1600 633 1848 706 eadem
1891 635 2176 734 quaestio
2209 654 2431 736 potest
2470 646 2533 699 ¹8

336 749 669 823 eumdem
703 748 811 821 vel
841 769 1309 822 accusatorem
1339 750 1596 837 facere,
1627 748 1735 819 vel
1768 748 2011 820 reum?
2042 750 2181 843 Qui
2213 765 2429 822 artem

337 865 667 936 ludicram
695 871 1097 951 exercuerit,
1128 870 1199 935 in
1226 865 1741 964 quatuordecim
1768 868 2010 963 primis
2029 876 2046 907 ¹
2082 862 2432 936 ordinibus

332 1004 419 1049 ne
453 980 672 1051 sedeat
689 1008 716 1064 ;
758 978 880 1076 qui
921 1006 992 1051 se
1032 978 1301 1076 praetori
1348 978 1419 1049 in
1462 977 1677 1049 hortis
1721 977 2146 1066 ostenderat,
2199 1004 2430 1076 neque

332 1114 474 1164 erat
497 1094 873 1191 productus
890 1105 944 1181 ²,
968 1093 1143 1165 sedit
1163 1093 1230 1164 in
1255 1091 1782 1190 quatuordecim
1810 1091 2195 1163 ordinibus.
2218 1093 2430 1164 Nem·
2473 1124 2536 1178 ¹9

327 1232 416 1307 pe
464 1208 753 1279 intentio
798 1227 934 1296 est,
970 1208 1213 1280 Artem
1267 1206 1601 1278 ludicram
1633 1211 1988 1279 exercuisti
2004 1236 2029 1292 ;
2073 1205 2426 1305 depulsio,

328 1321 490 1392 Non
520 1320 831 1393 exercui-²⁸
866 1337 1083 1394 artem
1119 1321 1489 1405 ludicram;
1514 1321 1837 1420 quaestio,
1882 1321 2070 1416 Quid
2102 1326 2187 1394 sit
2213 1339 2429 1395 artem

331 1431 662 1505 ludicram
682 1435 1036 1507 exercerc?
1057 1435 1128 1508 Si
1148 1434 1583 1507 accusabitur
1601 1433 1914 1508 theatrali
1934 1432 2164 1534 lege4,
2192 1434 2430 1536 depul-

403 1628 422 1662 1
435 1651 446 1662 .
469 1612 925 1682 Quarum-decim...
944 1612 1220 1679 ordt'nt‘bus,
1240 1615 1332 1684 qui

324 1703 448 1742 sunt
466 1691 698 1762 equitum
722 1691 878 1743 ludos
898 1695 1249 1763 spectantium
1268 1712 1332 1744 ex

324 1767 441 1839 lege
469 1771 659 1822 Roscia
689 1768 960 1836 theatrali,
987 1769 1055 1821 de
1085 1789 1188 1841 qua
1212 1771 1330 1824 vide

321 1850 443 1900 Ern.
462 1848 603 1901 Clav.
620 1850 725 1902 Cic.
744 1848 1018 1907 etRuhnk.
1037 1849 1105 1901 ad
1115 1850 1245 1902 vell.
1267 1854 1328 1916 11,

322 1928 408 1979 32.
441 1930 673 1999 Apparet
697 1947 831 2000 quos
856 1928 961 1981 hoc
985 1928 1189 1981 honore
1217 1933 1329 2001 pri-

321 2008 451 2056 varit
491 2007 547 2057 L.
597 2006 740 2059 Otho
787 2010 1009 2061 Roscius
1050 2009 1160 2060 Cic.
1203 2007 1328 2059 Phi-

321 2081 450 2154 lipp.
481 2102 538 2149 2,
571 2084 660 2149 18,
684 2086 822 2137 inter
845 2104 979 2157 quos
1004 2098 1152 2138 erant
1181 2087 1327 2158 infa-

320 2180 425 2213 mes
459 2181 699 2234 qnoque;
739 2164 963 2236 infames
993 2180 1204 2234 autem,
1235 2168 1329 2238 qui

319 2251 415 2292 art.
444 2240 626 2294 ludier.
654 2260 812 2296 exerc.

333 2334 338 2341 ·
393 2338 440 2373 a.
457 2322 526 2371 In
546 2320 738 2375 hortis.
748 2324 1074 2395 .produetus.
1091 2278 1327 2396 Apparet

303 2416 475 2464 «ειιιιι,
502 2401 590 2451 cui
620 2401 1022 2471 quatuordecim
1048 2400 1324 2455 ordinibus

317 2477 406 2531 hic
429 2479 774 2547 interdicitur,
796 2484 919 2533 artis
938 2481 1234 2554 periculum
1253 2482 1327 2532 fe·

318 2560 452 2612 cisse
477 2560 711 2633 quidem,
740 2575 1009 2634 tamquam
1033 2565 1089 2615 in
1112 2581 1324 2615 scenam

318 2656 497 2690 coram
517 2640 720 2711 populo
738 2642 1100 2713 proditurum,
1117 2641 1238 2707 sed,
1253 2643 1326 2693 si-

317 2734 379 2766 ve
393 2717 748 2788 improbatum
764 2738 794 2770 a
807 2733 1030 2791 praetore
1041 2758 1058 2784 ,
1075 2722 1181 2771 sive
1196 2737 1320 2772 casu

320 2795 550 2865 quodam
578 2797 929 2868 impediente,
961 2817 1070 2851 non
1099 2800 1263 2851 fuisse
1292 2817 1323 2850 a

315 2873 522 2945 populo
547 2887 869 2945 spectantum
891 2896 1051 2948 quare
1070 2880 1244 2948 potuit
1269 2880 1323 2928 in

317 2969 595 3025 utramque
622 2970 826 3026 partem
851 2957 1135 3028 disputari,
1161 2970 1219 3009 ut
1240 2957 1324 3009 vel

317 3047 748 3086 annumeraretur
757 3033 1206 3100 hisuionibus,vel
1222 3038 1324 3087 exi·

315 3125 546 3166 meretur
563 3131 746 3165 eorum
765 3132 1004 3166 numero.
1023 3113 1324 3166 Adiivirum

314 3193 678 3245 doctissimum
727 3192 974 3246 Car-olum
1024 3195 1320 3263 Angustum

314 3273 696 3341 Boettigerum,
721 3284 779 3323 ut
802 3270 1085 3338 discerem,
1114 3290 1183 3325 an
1207 3290 1320 3324 ma-

314 3352 515 3403 nifestis
529 3364 764 3402 veterum
778 3350 909 3402 locis
926 3362 1210 3415 constaret,
1227 3369 1322 3421 pe-

313 3429 536 3481 riculum
558 3429 878 3500 agendarum
899 3429 1195 3481 fabularum
1213 3430 1322 3481 fac-

314 3520 429 3558 tum
451 3527 565 3560 esse
587 3527 767 3560 coram
786 3508 1207 3578 magistratibus,
1228 3511 1340 3582 qui‘

314 3584 469 3637 ludos
509 3601 769 3638 curarent.
807 3590 1057 3656 Negavit,
1099 3606 1188 3652 se,
1230 3589 1321 3657 qui

313 3661 418 3713 hoc
441 3662 634 3715 diserte
664 3664 924 3730 traderet,
951 3668 1205 3737 reperisse
1233 3664 1318 3715 ul-

314 3740 452 3804 lumg
475 3759 650 3811 neque
669 3745 885 3810 mirum,
906 3703 1010 3796 hoe
1029 3744 1189 3797 semel
1209 3745 1318 3794 for·

315 3834 454 3873 tasse
502 3838 600 3872 nec
645 3824 746 3872 nisi
792 3823 964 3875 obiter
1001 3825 1281 3894 perstringi
1300 3862 1318 3889 ,

316 3918 479 3973 quum
496 3917 579 3950 res
599 3902 806 3952 scenica
829 3902 1152 3969 gravioribus
1172 3901 1316 3972 apud

314 3982 581 4031 Romanos
604 3978 948 4049 scriptoribus
972 3998 1178 4051 semper
1200 3981 1315 4031 des-

313 4060 511 4129 picatui
527 4057 729 4108 fuisset.
753 4059 795 4108 E
807 4072 990 4109 nostro
1005 4072 1179 4110 tamen
1195 4058 1315 4110 loco

314 4135 369 4187 id
390 4150 505 4187 tuto
527 4134 904 4207 posse-colligi.
934 4135 1137 4188 Deinde
1166 4135 1316 4188 able·

227 4287 234 4294 ·
314 4217 452 4283 gavit
465 4232 547 4267 me
562 4213 630 4268 ad
641 4213 886 4281 Plinium,
897 4215 961 4267 fl.
973 4216 1038 4268 N.
1051 4214 1314 4283 mvn,

1422 1631 1481 1679 2,
1526 1631 1577 1684 7,
1619 1612 1713 1664 ubi
1755 1628 2075 1664 memoratur
2121 1612 2429 1667 atheatmm

1425 1693 1735 1763 «peculiare
1770 1706 1911 1744 trans
1941 1691 2175 1744 Tiberim
2212 1693 2267 1744 in
2305 1693 2429 1744 hor-

1425 1794 1448 1816 «
1469 1772 1531 1825 tis
1534 1808 1662 1823 .....
1700 1770 1847 1842 quod
1883 1790 1913 1823 a
1948 1771 2154 1844 populo
2188 1771 2427 1843 impleri,

1424 1864 1691 1903 :canente
1738 1870 1832 1917 se,
1879 1850 2006 1902 dum
2052 1852 2419 1923 Pompeiano»

1416 1928 1666 2001 (maximo
1689 1929 1918 2002 theatro)
1944 1928 2250 2001 «proeludit,
2268 1933 2426 1982 etiam

1422 2030 1444 2054 ιι
1463 2010 1664 2061 Neroni
1693 2010 1818 2062 satis
1847 2022 2002 2061 esset.
2026 2032 2048 2055 ιι
2079 2008 2302 2079 intelligi
2326 2027 2425 2062 au-

1415 2100 1519 2139 tem
1546 2086 1691 2160 apud
1708 2089 1892 2157 Quint.
1913 2086 2185 2139 hominem
2207 2086 2425 2140 meliore

1415 2165 1538 2217 loeo
1563 2180 1775 2231 natum,
1806 2164 1987 2235 quales
2015 2178 2141 2218 tunc
2170 2167 2422 2237 temporis

1415 2242 1663 2295 ludorum
1695 2242 1871 2295 studio
1902 2244 2159 2295 insanisse
2185 2257 2424 2311 constat,

1413 2322 1571 2375 facile
1598 2322 1729 2374 mihi
1756 2322 2040 2395 persuadet
2062 2326 2125 2375 V.
2150 2323 2209 2375 C.
2235 2336 2423 2375 testem

1415 2403 1582 2454 citans
1614 2402 1853 2454 Juvenal.
1883 2404 2030 2468 vul,
2067 2403 2315 2456 181-210.
2342 2402 2422 2455 lbi

1415 2496 1659 2550 quoque,
1680 2499 1729 2530 v.
1768 2480 1865 2550 ¹94
1883 2518 1899 2546 ,
1926 2481 2160 2552 pmtons
2189 2482 2421 2546 mentio,

1415 2575 1574 2630 quem
1592 2557 1694 2610 sub
1712 2557 2116 2631 imperatoribus
2135 2557 2292 2612 ludos
2313 2558 2422 2613 edi-

1413 2640 1552 2693 disse
1571 2654 1794 2713 apparet
1810 2641 1988 2694 multis
2005 2655 2242 2694 veterum
2259 2642 2391 2694 locis
2402 2679 2419 2709 ,

1411 2733 1471 2771 ut
1499 2722 1642 2772 Suet.
1674 2724 1795 2772 Ner.
1823 2740 1869 2772 c.
1899 2737 1982 2772 2¹.
2007 2723 2206 2791 Digest.
2234 2721 2268 2771 l.
2294 2723 2418 2787 XL,

1415 2801 1490 2851 tit.
1534 2818 1596 2865 2,
1629 2798 1728 2870 leg.
1765 2818 1828 2871 7²
1868 2822 1891 2846 ιι
1914 2818 2132 2870 quum...
2171 2799 2419 2851 ludorum

1419 2879 1626 2946 «gratia
1646 2877 1899 2948 prodierit
1913 2888 2171 2949 proetor»,
2191 2890 2245 2928 et
2262 2880 2421 2949 inpri-

1413 2959 1510 3008 mis
1539 2956 1685 3028 apud
1711 2958 1937 3009 Dionem
1960 2914 2231 3022 Cassiuin,
2252 2958 2417 3010 veluti

1411 3034 1501 3086 lib.
1539 3036 1673 3101 LlV,
1708 3051 1826 3105 cap.
1868 3052 1931 3101 2,
1972 3054 2025 3106 p.
2064 3038 2230 3087 Reim.
2271 3036 2412 3105 731:

1408 3114 1568 3170 Τοῖς...
1555 3115 1872 3183 .πμιτηοῖ’ς
1893 3110 1981 3170 ‘nic
2002 3111 2287 3184 οιιηιῖριις
2308 3111 2417 3167 σά·

1412 3213 1498 3250 σας
1515 3190 1801 3261 opeda-⁶220.
1831 3194 1892 3244 It.
1917 3191 2179 3245 Plutarch.
2205 3197 2262 3246 in
2286 3196 2415 3246 Bru-

1412 3287 1496 3338 to,
1519 3292 1572 3344 p.
1600 3274 1704 3343 988
1729 3275 1805 3325 D·
1794 3312 1805 3323 .
1829 3292 1975 3341 σιμ.
1991 3293 2081 3326 τοι
2104 3289 2255 3327 αλλων
2279 3294 2419 3342 πμ·

1407 3352 1576 3417 τυγὸι.
1594 3390 1607 3402 .
1622 3387 1636 3402 .
1653 3387 1666 3400 .
1697 3348 1887 3418 δίωγμα,
1912 3347 1994 3400 καὶ
2013 3348 2325 3416 μοιομείχους.
2339 3386 2355 3402 .
2367 3388 2382 3403 .
2399 3392 2411 3404 .

1409 3428 1687 3481 ineman.
1715 3431 1775 3479 lt.
1800 3448 1854 3499 p.
1881 3429 1987 3497 993
2006 3431 2074 3479 F=
2099 3427 2196 3485 Τὲς
2213 3427 2411 3486 θεας...

1409 3524 1563 3568 netum
1587 3510 1860 3577 στρατηγῶ
1882 3509 2180 3575 expetatis:
2203 3528 2318 3582 quae
2341 3509 2416 3562 lo-

1408 3605 1471 3639 ca
1493 3587 1822 3639 demonstrat
1845 3589 1928 3638 Pe.
1956 3586 2125 3639 Faber
2141 3589 2195 3639 in
2214 3589 2415 3642 Semes·

1409 3664 1603 3730 tribus,
1627 3664 1716 3716 lib.
1743 3669 1791 3730 1,
1815 3683 1932 3736 cap.
1961 3681 2044 3716 ao.

1479 3744 1530 3798 3.
1557 3743 1833 3816 Delmino,
1855 3746 1977 3796 Non
1996 3746 2211 3796 exercui.
2233 3747 2409 3797 Tun-ie.

1406 3825 1520 3896 dep.
1551 3825 1651 3876 erit
1676 3824 1747 3874 rei
1773 3826 1897 3875 Non
1925 3841 2083 3875 exerc.
2112 3842 2233 3875 cum
2262 3824 2408 3876 Bodl.

1408 3917 1459 3955 et
1479 3904 1561 3955 ed.
1583 3902 1748 3956 Andr.
1769 3920 1867 3973 per
1883 3918 2111 3953 errorem
2128 3902 2325 3954 librarii
2344 3902 2412 3955 ad

1406 3999 1530 4031 mox
1550 3982 1827 4051 sequentia
1855 3979 2158 4032 aberrantis.

1475 4058 1527 4123 4.
1558 4057 1826 4109 Theatrali
1848 4054 1972 4128 lege.
1998 4060 2188 4110 Roscia
2208 4059 2321 4124 illa,
2341 4059 2411 4112 de

1407 4154 1510 4206 qua
1548 4136 1709 4190 modo
1749 4137 1949 4205 egimus
1969 4172 1987 4200 ,
2018 4135 2100 4187 lex
2132 4136 2408 4207 aliquoties

1403 4215 1507 4268 fuit
1531 4228 1809 4283 renovata,
1833 4227 1893 4268 ut
1916 4227 1970 4269 et
1991 4213 2060 4268 ab
2082 4216 2200 4289 ipso
2222 4217 2410 4270 Domi-
