3200 5150
878 536 1005 618 354

1437 534 1531 598 M.
1570 532 1803 598 rann
1838 504 2396 617 Qm'u‘rmsm

799 673 832 726 5
868 677 1298 760 potestatem.
1330 655 1498 747 Quo
1526 654 1815 757 quidem
1845 654 2060 729 modo
2086 682 2217 730 nec
2246 656 2459 729 duces
2487 676 2696 730 erunt
2726 657 2947 752 utiles,

868 800 1000 848 nec
1021 772 1453 873 magistratus
1470 830 1489 864 ‚
1509 798 1641 845 nec
1663 769 2043 863 medicina,
2065 796 2195 845 nec
2214 770 2364 872 ipsa
2383 771 2688 872 denique
2706 774 2951 875 sapien·

866 891 1001 979 tia;
1045 914 1213 962 nam
1255 910 1324 961 et
1363 887 1504 960 dux
1544 886 1932 969 Flaminius
1956 899 2020 977 ²,
2071 908 2140 960 et
2188 886 2528 977 Gracchi,
2572 888 2948 980 Saturnini,

867 1005 1178 1080 Glauciae
1195 1017 1250 1093 ²,
1279 1003 1716 1103 magistratus
1733 1062 1753 1095 ,
1784 1003 1947 1076 etin
1973 1000 2304 1089 medicis³
2326 1030 2629 1093 venena,
2656 1004 2826 1078 etin
2852 1004 2953 1095 iis,

861 1186 986 1234 nes,
1010 1171 1054 1220 si
1077 1168 1213 1219 forte
1235 1184 1334 1238 pro
1357 1178 1613 1217 renovato
1640 1163 1747 1217 hoc
1770 1163 1868 1217 de·
1902 1220 1923 1245 υ

859 1264 1006 1302 creto
1019 1248 1299 1302 Athenaeus
1310 1245 1446 1299 male
1460 1248 1725 1317 acceperit
1739 1258 1867 1297 tunc

859 1330 1073 1382 demum
1098 1327 1315 1379 factum.

940 1425 959 1459 ι
972 1448 983 1459 .
1005 1404 1310 1459 flaminius.
1331 1404 1413 1456 De
1433 1420 1497 1455 eo
1517 1402 1757 1473 loquitur
1775 1401 1864 1473 qui

860 1486 930 1541 ad
957 1485 1130 1538 lacum
1151 1483 1569 1556 Thrasymenum
1597 1483 1767 1532 victus
1797 1479 1864 1531 ab

857 1564 1119 1619 Annibale
1142 1565 1400 1632 insignem
1422 1578 1552 1633 pop.
1579 1561 1732 1611 Rom.
1758 1557 1865 1610 cla-

857 1646 981 1697 dem
1005 1641 1193 1696 attulit.
1219 1643 1267 1693 Is
1285 1639 1607 1709 caeteroquin
1625 1636 1794 1689 malus
1812 1650 1867 1689 et

854 1724 1185 1807 perniciosus
1210 1721 1337 1772 civis
1358 1719 1474 1770 fuit.
1501 1718 1593 1769 En.

932 1821 980 1856 2.
1033 1800 1265 1853 Glaucioe
1309 1797 1652 1869 maqistratus.
1699 1793 1861 1848 Goth.

852 1894 979 1956 post
1000 1881 1139 1933 hanc
1157 1897 1343 1931 vocem
1363 1877 1546 1930 inserit
1568 1892 1737 1948 eqm,
1763 1892 1862 1947 pro

855 1981 965 2034 quo
999 1961 1135 2014 Alm.
1177 1974 1230 2011 et
1260 1960 1436 2011 Tur-ic.
1473 1955 1678 2007 habent
1709 1972 1859 2027 gere,

853 2038 997 2093 unde
1020 2040 1350 2091 Burmannus
1375 2030 1710 2106 conjiciendo
1737 2032 1863 2083 effe-

853 2122 926 2173 cit
940 2135 1144 2191 qessere.
1171 2117 1236 2168 Et
1255 2126 1336 2166 est
1353 2130 1479 2165 sane
1501 2110 1645 2182 quod
1664 2110 1860 2162 haereas

850 2202 908 2253 in
930 2199 1229 2261 locutione,
1255 2212 1359 2265 qua
1387 2206 1562 2245 certus
1585 2190 1750 2243 homo
1776 2191 1859 2242 di-

850 2282 989 2333 citur
1001 2277 1358 2349 maqistratus,
1377 2289 1542 2344 quum
1558 2270 1672 2323 fere
1689 2270 1862 2340 digni—

849 2372 931 2411 tas
971 2354 1318 2425 intelligatur,
1353 2368 1466 2403 non
1505 2349 1689 2400 homo.
1728 2350 1861 2402 Sunt

847 2449 1027 2488 tamen
1049 2431 1197 2497 loca,
1221 2428 1315 2481 ubi
1338 2428 1491 2479 aliam
1518 2426 1860 2496 significatio·—

850 2516 974 2569 nem'
1013 2515 1097 2566 vix
1135 2526 1392 2582 agnoscas
1413 2546 1431 2574 ,
1471 2519 1532 2558 ut
1572 2508 1756 2559 Cicero
1778 2502 1859 2559 ‘in

848 2601 997 2651 Verr.
1023 2596 1120 2659 ΙΙΙ,
1142 2593 1206 2644 82
1227 2613 1238 2642 ε
1273 2612 1294 2636 α
1315 2590 1491 2643 Secuti
1515 2600 1639 2641 sunt
1663 2589 1861 2639 avario-

857 2699 880 2723 α
898 2694 981 2727 res
1001 2674 1332 2742 magistratus
1355 2693 1378 2716 n
1404 2685 1464 2720 ea
1483 2671 1626 2720 enim
1646 2668 1860 2719 avaritia

851 2768 931 2807 est
956 2752 1186 2803 hominis
1213 2749 1442 2819 gerentis
1466 2748 1859 2816 magistratum,

847 2852 962 2887 non
981 2829 1275 2901 dignitatis,
1292 2826 1563 2899 quomodo
1583 2840 1697 2877 tum
1718 2822 1861 2876 recte

848 2910 1174 2980 intelligitur,
1187 2925 1350 2978 quum
1358 2924 1407 2957 v.
1422 2923 1466 2957 c.
1480 2901 1860 2975 tribuniplebis

848 2992 1099 3044 dicuntur
1125 3009 1150 3034 α
1168 2987 1438 3058 imperiosi
1460 2981 1809 3054 magistra-tus.
1831 3005 1854 3030 ι

847 3072 934 3125 Sic
958 3081 1010 3121 et
1035 3069 1146 3120 Liv.
1175 3065 1345 3117 xxm
1364 3102 1382 3130 ,
1414 3079 1502 3129 ιο,
1529 3061 1591 3114 5:
1626 3083 1648 3107 ιι
1668 3063 1860 3132 Egres-

856 3173 879 3196 α
899 3166 1047 3202 sus...
1071 3146 1404 3215 mag-istratus
1425 3139 1683 3193 consedit.
1707 3163 1730 3188 ι
1755 3139 1862 3193 Sal·

846 3246 914 3280 va
946 3237 1125 3278 autem
1158 3223 1264 3274 hac
1297 3221 1603 3286 locutione,
1639 3221 1861 3271 concin—

849 3310 971 3359 nior
988 3304 1187 3369 oratio,
1213 3302 1257 3352 si
1277 3299 1354 3351 nil
1375 3311 1499 3370 post
1522 3300 1738 3350 uomina
1757 3300 1859 3350 ista

858 3407 881 3431 ι
905 3381 1140 3436 Glaucioe
1155 3403 1179 3426 n
1228 3377 1531 3450 subjicitur,
1574 3393 1741 3446 quum
1790 3393 1858 3429 ne

851 3463 920 3518 ad
961 3460 1334 3514 *Pleminius-
1370 3456 1740 3530 quidemysed
1774 3458 1858 3524 in-

849 3540 1196 3613 telligendum
1235 3535 1519 3607 utrobique
1545 3535 1665 3605 fisi!
1682 3573 1699 3600 ,
1730 3534 1860 3606 fue·-

850 3634 991 3678 runt.
1029 3651 1101 3661 —
1136 3603 1234 3672 m
1272 3619 1433 3670 Cmr.
1470 3615 1636 3667 habet
1672 3615 1861 3668 Glauci

849 3720 992 3777 eqere
1015 3700 1357 3773 maqistmtus.
1381 3698 1663 3748 Burmann.
1690 3697 1860 3768 suspi-

851 3794 1004 3834 catur
1017 3777 1205 3833 Glauci
1216 3792 1397 3832 cessere
1408 3774 1751 3847 maqistratus.
1762 3776 1855 3826 En.

850 3860 1157 3916 liminius.
1174 3899 1184 3911 .
1201 3895 1213 3909 .
1230 3896 1241 3907 .
1286 3855 1534 3908 Glaucioe.
1572 3854 1859 3906 Flaminius

851 3953 990 3997 nott
1009 3937 1266 3992 vecordiae
1289 3936 1397 3987 dux
1419 3934 1682 3986 ad‘lacum
1697 3933 1862 3987 Thra·

852 4037 1128 4095 symenum
1178 4031 1362 4070 contra
1404 4014 1752 4067 Hannibalem
1800 4033 1859 4068 re

853 4100 992 4154 male
1018 4112 1164 4171 gesta
1191 4098 1363 4169 periit.
1392 4095 1501 4148 Liv.
1532 4096 1709 4161 XXII,
1740 4095 1855 4165 3-7.

851 4179 1213 4234 Gracchorum
1259 4197 1342 4230 res
1389 4175 1533 4249 apud
1580 4173 1859 4227 Freinshe-

852 4262 1017 4310 mium
1041 4275 1104 4310 ex
1133 4254 1436 4308 auctoribus
1465 4267 1726 4325 congesta
1753 4253 1858 4326 legi

1956 1179 2182 1237 possunt
2224 1182 2347 1218 cum
2387 1166 2565 1219 fructu
2602 1163 2733 1218 libb.
2772 1168 2949 1234 Lvm,

1954 1246 2088 1311 ux,
2105 1246 2214 1312 LX,
2228 1246 2358 1298 LXI.
2376 1246 2504 1299 Luc.
2520 1245 2774 1318 Appuleii
2786 1247 2953 1300 Satur-

1954 1327 2067 1378 nini
2083 1325 2201 1377 trib.
2219 1325 2364 1398 pleb.
2382 1339 2435 1378 et
2448 1327 2505 1378 C.
2525 1324 2726 1381 Servilii
2739 1326 2951 1380 Glaucia

1954 1406 2190 1477 praetoris
2206 1404 2335 1457 ibid.
2354 1403 2448 1457 lib.
2465 1405 2660 1472 LXIX,
2676 1417 2730 1457 et
2744 1418 2955 1477 tangun-

1953 1494 2041 1535 tur
2076 1485 2196 1535 fuse
2242 1500 2274 1536 a
2313 1485 2571 1537 OEcerone
2611 1502 2712 1557 pro
2752 1484 2950 1537 Rabirio

1953 1561 2234 1634 perduelli.

2025 1640 2076 1692 3.
2111 1640 2343 1694 Medicis.
2384 1640 2468 1692 Sic
2500 1638 2671 1694 Codd.
2710 1654 2952 1712 quantum

1952 1718 2110 1773 video
2135 1736 2350 1788 omues,
2370 1738 2535 1792 quare
2553 1738 2651 1773 nec
2671 1736 2834 1774 ausus
2851 1740 2954 1774 sum

1955 1799 2238 1854 sollicitare
2260 1800 2576 1873 quidquam
2602 1813 2848 1854 caeterum
2865 1803 2954 1854 mi-

1953 1898 2011 1932 re
2047 1880 2230 1933 favens
2267 1894 2393 1933 vett.
2435 1880 2558 1934 edd.
2594 1879 2954 1955 plerarumque

1954 1961 2224 2031 scripturae
2271 1959 2542 2012 medicinis
2560 1998 2578 2025 ,
2628 1978 2742 2031 quae
2794 1974 2847 2013 et
2887 1972 2957 2013 est

1949 2039 2094 2095 Jens.
2118 2037 2254 2110 (tac.
2279 2038 2493 2113 Gesn.).
2518 2038 2718 2097 Tarvis.
2745 2059 2857 2093 non
2879 2059 2954 2092 ac·

1949 2118 2090 2172 cedit
2116 2118 2269 2191 (vide
2296 2120 2371 2187 11,
2396 2117 2459 2185 5,
2490 2119 2581 2187 16,
2615 2120 2836 2191 notam)
2868 2139 2955 2173 ne·

1951 2214 2056 2269 que
2091 2200 2312 2250 Veneta.
2352 2196 2456 2250 Sed
2497 2196 2628 2253 daut
2669 2198 2954 2264 medicinis,

1947 2290 2138 2349 praeter
2150 2278 2453 2329 Burmanno
2468 2279 2758 2331 recensitas
2770 2316 2788 2346 ,
2809 2280 2952 2330 Rusc.

1948 2354 2074 2406 Bad.
2091 2356 2242 2407 Cerv,
2263 2355 2330 2406 Et
2348 2372 2672 2427 magnopere
2684 2394 2701 2423 ,
2717 2358 2775 2408 ni
2793 2355 2957 2421 fallor,

1948 2431 2215 2485 claudicat
2255 2445 2490 2505 recepta.
2532 2434 2664 2501 Quae
2706 2436 2851 2486 enim
2887 2447 2957 2485 est

1948 2513 2279 2564 concinnitas
2305 2532 2318 2562 ε
2361 2513 2418 2563 in
2461 2511 2582 2584 ipsis
2624 2509 2963 2586 philosophis

1949 2590 2123 2664 (quos
2144 2594 2275 2644 mira
2297 2588 2537 2663 quaedam
2558 2592 2794 2665 putabas
2814 2595 2960 2644 virtu·

1949 2671 2016 2721 tis
2038 2668 2310 2743 exempla)
2327 2668 2809 2742 deprehenduntur
2824 2669 2958 2740 flagi·

1951 2750 2019 2800 tia
2035 2770 2050 2812 ;
2069 2767 2271 2801 venena
2293 2750 2546 2812 autemin
2566 2748 2810 2801 manibus
2831 2748 2961 2820 (opi-

1950 2830 2073 2900 nor)
2101 2826 2458 2892 medicorum3
2486 2845 2608 2881 nam
2645 2851 2668 2875 ιι
2687 2830 2746 2881 in
2774 2830 2958 2902 ipsiu,

1951 2906 2166 2976 eodem,
2184 2926 2290 2981 quo
2306 2907 2716 2981 inphilosophis
2742 2909 2934 2980 flagitia
2946 2948 2966 2975 ,

1950 3003 2144 3054 sensu,
2174 2986 2281 3039 dici
2321 2989 2523 3058 nequit.
2560 2989 2745 3059 Longe
2778 2987 2959 3040 melius

1950 3078 2127 3117 autem
2147 3064 2487 3138 philosophos
2503 3065 2665 3138 (vivas
2690 3069 2849 3138 quasi
2867 3068 2961 3118 vir·

1949 3144 2110 3217 tutes)
2131 3161 2374 3218 oppones
2396 3145 2667 3198 medicinis
2683 3146 2897 3216 (salutis
2915 3157 2964 3197 et

1947 3226 2063 3276 vitae
2082 3223 2485 3294 instrumentis).
2507 3225 2600 3277 Est
2620 3236 2804 3278 tamen
2820 3222 2960 3297 quod

1948 3321 2269 3356 consensum
2292 3303 2529 3356 fortasse·
2543 3302 2817 3357 cohibeat.
2850 3306 2967 3357 Me-

1947 3383 2134 3436 dicinoe
2173 3382 2404 3458 (plurali
2439 3386 2666 3437 maxime
2702 3384 2962 3456 numero)

1947 3481 2046 3534 pro
2095 3462 2359 3528 remediis,
2398 3461 2796 3516 medicamentis
2814 3502 2834 3528 ,
2869 3462 2965 3515 ho·

1947 3539 2132 3593 diemo
2170 3543 2324 3593 nimis
2365 3559 2525 3594 sensu
2558 3540 2662 3594 dici
2695 3542 2963 3596 videntur.

1947 3622 2056 3673 (Ἑρ.
2086 3618 2154 3673 de
2180 3623 2274 3676 Or.
2304 3621 2382 3688 11,
2418 3621 2522 3674 83:
2563 3645 2587 3668 ι
2607 3623 2701 3675 nis
2732 3635 2963 3694 quatuor

1955 3724 1977 3750 α
1997 3706 2171 3755 causis
2216 3702 2437 3756 totidem
2478 3702 2753 3756 medicina·
2791 3722 2967 3776 oppo-

1955 3804 1978 3828 κ
1998 3796 2211 3834 nuntur.
2235 3805 2257 3829 ιο
2288 3781 2418 3834 ΡῙίΠ.
2446 3783 2512 3833 Η.
2536 3784 2602 3834 N.
2623 3782 2877 3850 XXVIII,
2908 3798 2927 3832 1
2950 3803 2961 3830 ε

1954 3883 1977 3908 α
1998 3859 2307 3932 (Animalia)
2325 3861 2576 3933 profuere
2592 3859 2885 3913 medicinas
2898 3878 2968 3912 re·

1953 3962 1977 3987 κ
1997 3938 2328 4010 periendo....
2356 3952 2408 3991 et
2431 3936 2737 4012 prebendo.
2764 3963 2790 3988 n
2822 3940 2964 3993 Idem

1947 4015 2304 4091 xxm‚54‚p.
2321 4019 2434 4090 Bip.
2462 4017 2590 4070 133:
2613 4017 2963 4071 medicinas...

1954 4121 1976 4145 ι
1997 4096 2132 4150 mala
2147 4097 2363 4151 habent.
2381 4122 2405 4145 ιο
2425 4101 2491 4151 Et
2506 4100 2581 4151 sic
2595 4100 2803 4170 passim
2824 4097 2970 4171 apud

1942 4175 2091 4230 hunc
2120 4180 2462 4249 scriptorem;
2492 4177 2587 4231 sed
2612 4176 2774 4231 video
2793 4219 2811 4248 ,
2839 4177 2967 4252 quid

1947 4255 2109 4330 objici
2130 4258 2317 4329 possit.
