3200 5150
831 527 961 606 242

1396 519 1491 583 Μ.
1531 516 1762 582 FABII
1799 516 2355 600 QUINTILIANI

828 644 994 719 Vidi
1024 642 1281 717 multas
1301 698 1320 733 ,
1348 667 1650 742 quorum
1680 636 2045 739 supercilia
2065 651 2082 684 ¹
2126 640 2213 713 ad
2249 640 2557 740 singulos
2589 642 2775 716 vocis
2803 669 2914 718 co-

827 781 1031 833 natus
1068 758 1524 831 allevarentur
1539 769 1593 846 ²,
1632 754 1930 827 aliorum
1963 755 2362 843 constricta,
2394 755 2689 828 aliorum
2723 758 2913 830 etiam

830 873 1261 963 dissidentia,
1297 898 1523 973 quum
1563 869 1775 942 altero
1813 869 1887 940 in
1931 869 2253 942 verticem
2288 870 2684 961 tenderent,
2721 873 2916 946 altero

720 1016 781 1056 ιι
825 1014 1025 1088 paene
1083 986 1326 1059 oculus
1382 985 1528 1084 ipse
1581 1005 2036 1083 premeretur.
2096 985 2465 1056 Infinitum
2522 1008 2757 1059 autem
2782 1043 2803 1077 ,
2851 1010 2919 1060 ut

826 1130 988 1174 mox
1019 1102 1331 1173 dicemus
1347 1096 1403 1189 ³,
1431 1099 1507 1169 in
1537 1097 1645 1169 his
1677 1124 1960 1198 quoque
1998 1098 2205 1171 rebus
2229 1121 2673 1172 momentum
2701 1120 2833 1190 est3
2860 1121 2919 1171 et

723 1248 782 1286 ια
825 1218 1001 1290 nihil
1048 1235 1268 1317 potest
1303 1215 1614 1316 placere,
1650 1214 1840 1313 quod
1874 1241 2018 1286 non
2054 1213 2268 1289 decet.
2303 1214 2530 1287 Debet
2560 1214 2768 1287 etiam
2806 1215 2918 1287 do-

822 1360 976 1405 cere
1013 1330 1401 1421 comoeduS,
1438 1330 1794 1432 quomodo
1831 1331 2259 1402 narrandum
2283 1385 2302 1418 ,
2343 1357 2483 1429 qua
2519 1330 2604 1401 sit
2634 1330 2920 1403 auctori-

821 1468 956 1519 tate
1000 1447 1483 1536 suadendum,
1519 1473 1660 1546 qua
1707 1443 2167 1517 concitatione
2213 1466 2582 1543 consurgat
2618 1445 2756 1533 ira,
2805 1444 2915 1544 qui

822 1560 1088 1634 flexus4
1117 1563 1354 1635 deceat
1378 1560 1919 1633 miserationem.
1957 1559 2173 1663 Quod
2198 1559 2292 1631 ita
2323 1554 2584 1658 optime
2606 1561 2844 1650 faciet,
2867 1559 2917 1632 si

821 1698 1040 1750 certos
1085 1705 1164 1750 ex
1206 1676 1558 1749 comoediis
1603 1676 1887 1774 elegerit
1933 1676 2160 1765 locos,
2208 1696 2273 1747 et
2317 1673 2405 1745 ad
2446 1673 2578 1746 hoc
2619 1675 2919 1746 maxime

716 1803 780 1856 13
821 1792 1145 1882 idoneos,
1176 1792 1245 1862 id
1287 1812 1423 1881 est,
1453 1789 1889 1863 actionibus⁵
1930 1789 2210 1863 similes.
2248 1789 2472 1863 Iidem
2507 1809 2741 1860 autem
2780 1815 2916 1860 non

711 1915 715 1919 ’
820 1906 909 1979 ad
938 1906 1554 2007 pronunciandum
1591 1906 1804 1977 modo
1839 1888 2224 1996 utilissimi,
2258 1931 2502 1976 verum
2538 1902 2638 1975 ad'
2662 1930 2917 2003 augen-

819 2022 984 2093 dam
1018 2048 1300 2120 quoque
1327 2020 1800 2118 eloquentiam
1830 2021 2131 2092 maxime
2157 2017 2663 2093 accommodati
2690 2040 2914 2090 erunt.

714 2144 778 2213 ¹4
816 2138 905 2208 Et
937 2136 1120 2224 haec,
1158 2132 1379 2206 dum⁶
1413 2134 1696 2207 infirma
1730 2157 1886 2207 aetas
1921 2134 2185 2236 majora
2229 2161 2373 2206 non
2418 2135 2683 2233 capiet:
2716 2155 2919 2207 caete-

817 2279 1017 2341 rum,
1049 2276 1287 2350 quum,
1304 2248 1531 2347 legere
1567 2249 1908 2322 orationes
1943 2250 2353 2349 oportebit7,
2389 2276 2613 2348 quum
2639 2247 2919 2322 virtutes

817 2392 1061 2438 earum
1078 2365 1231 2465 jam
1258 2364 1502 2436 sentiet
1520 2419 1537 2453 ,
1572 2385 1726 2436 tum
1754 2364 1930 2436 mihi
1961 2365 2252 2465 diligens
2278 2363 2527 2463 aliquis
2553 2389 2631 2436 ac
2657 2365 2918 2464 peritus

815 2483 1114 2570 assistat;
1164 2507 1393 2579 neque
1445 2480 1675 2552 solum
1724 2477 2018 2553 lectione
2071 2483 2362 2573 formet,
2411 2507 2655 2551 verum
2705 2481 2917 2552 etiam

813 2591 1115 2669 ediscere
1150 2596 1364 2668 electa
1397 2623 1479 2667 ex
1511 2596 1620 2668 his
1649 2619 1850 2697 cogat
1871 2653 1889 2688 ‚
1925 2619 1992 2671 et
2024 2624 2110 2670 ea
2142 2597 2367 2689 dicere
2400 2617 2699 2669 stantem
2736 2597 2925 2671 clare.

897 2822 942 2860 ι.
986 2807 1345 2880 Super-cilia...
1388 2809 1813 2863 allevarentur....

811 2887 1156 2940 constricta...
1210 2887 1518 2941 dissidentia.
1571 2887 1816 2941 Allevata

808 2964 1080 3035 supercilia
1095 2970 1348 3019 nitentem
1369 2966 1675 3034 ostendunt,
1692 2986 1817 3039 qua·

810 3046 858 3095 si
892 3062 1140 3114 magnum
1179 3045 1307 3116 quid
1343 3059 1395 3098 et
1432 3050 1623 3098 serium
1661 3062 1812 3118 agat,

810 3135 1091 3174 oratorem.
1145 3124 1228 3176 Sic
1273 3123 1381 3174 fere
1426 3124 1812 3177 Demosthenes

806 3199 1112 3254 AEschinem
1167 3203 1392 3270 exagitat
1415 3240 1432 3267 ,
1484 3206 1814 3256 severitatem

806 3281 995 3330 miram
1013 3279 1377 3345 affectantem,
1392 3300 1444 3351 p.
1467 3280 1661 3332 Reiskii
1679 3282 1780 3348 442
1795 3320 1811 3348 ,

805 3351 892 3410 etsie
928 3354 1054 3422 ὀφρῦς
1087 3352 1336 3406 ivimus.
1376 3359 1654 3410 Constricta
1691 3373 1814 3411 sunt

806 3432 993 3484 eadem
1018 3453 1131 3504 quae
1155 3445 1431 3487 contracta.
1446 3475 1461 3500 ,
1485 3437 1606 3489 vide
1624 3439 1723 3505 XI,
1749 3439 1809 3506 3,

806 3529 905 3582 79,
924 3512 1017 3563 uhi
1030 3513 1135 3565 hoc
1148 3515 1249 3565 Iroe
1268 3514 1529 3567 tribuitur.
1552 3517 1809 3569 Dissiden-

803 3590 878 3642 tia
906 3589 1071 3644 habes
1100 3592 1244 3664 apud
1273 3595 1378 3646 Cic.
1399 3632 1415 3659 ‚
1445 3613 1598 3665 quem
1630 3594 1807 3648 locum

801 3682 927 3740 apte
951 3671 1078 3720 citat
1098 3672 1257 3722 Gesn.
1272 3711 1288 3738 ,
1311 3674 1366 3723 in
1389 3673 1578 3724 Pisone
1603 3672 1678 3744 (c.
1706 3675 1770 3746 6)
1792 3699 1804 3727 x

807 3767 831 3792 ι
851 3745 1016 3798 altero
1042 3745 1110 3799 ad
1130 3748 1358 3802 frontem
1380 3751 1618 3818 sublato,
1639 3751 1803 3805 altero

804 3845 829 3870 α
850 3824 919 3876 ad
936 3839 1170 3878 mentum
1185 3826 1433 3899 depresso
1456 3831 1752 3902 supercilio.
1776 3857 1798 3880 n

875 3923 921 3956 2.
951 3904 1332 3958 Allevarentur.
1360 3907 1534 3960 Guelf.
1563 3909 1802 3962 allevan-

799 3981 888 4034 tur
903 4003 1025 4036 cum
1042 3984 1202 4037 Goth.
1222 4000 1272 4038 et
1287 3991 1437 4040 Voss.
1459 4007 1506 4041 2.
1527 3990 1798 4062 Displicet.

794 4090 866 4103 -—-
890 4062 1020 4115 Cod.
1046 4066 1107 4117 R.
1143 4083 1189 4131 1,
1211 4064 1520 4119 allevantur.
1546 4071 1638 4121 En.

1979 2809 2029 2876 4.
2061 2807 2276 2873 Hexus,
2306 2810 2396 2880 qui
2424 2821 2503 2860 est
2529 2809 2673 2860 vocis
2691 2846 2709 2874 .,
2738 2826 2923 2880 oppo-

1904 2891 2047 2941 nitur
2062 2887 2455 2960 quodammodo
2470 2888 2792 2954 auctoritati,
2808 2907 2924 2960 quae

1902 2982 2106 3020 rectum
2130 2969 2303 3040 poscit
2329 2985 2536 3018 sonum.

1976 3043 2024 3100 5.
2050 3046 2367 3119 Actionibas.
2390 3047 2429 3097 Ι.
2453 3064 2497 3097 e.
2522 3046 2695 3096 causis
2718 3046 2779 3097 in
2798 3046 2923 3097 foro

1902 3127 2133 3198 agendis
2156 3129 2234 3179 De
2255 3144 2433 3178 earum
2453 3139 2638 3178 natura
2655 3125 2783 3178 vide
2803 3128 2923 3179 Jus-

1903 3209 2084 3259 tiniani
2109 3209 2272 3258 Instit.
2300 3209 2353 3258 in
2377 3205 2512 3257 libro
2540 3219 2750 3276 quarto.

1972 3287 2022 3337 6.
2060 3289 2131 3338 Et
2163 3286 2269 3338 hoec
2305 3286 2449 3337 dum.
2489 3285 2664 3338 Guelf.
2704 3287 2789 3338 Et
2830 3285 2927 3337 hoc

1902 3362 2046 3414 dum.
2091 3365 2268 3416 Placet
2308 3365 2448 3430 fere,
2488 3383 2651 3436 quum
2696 3367 2925 3416 nonnisi

1899 3462 2064 3510 unum
2083 3443 2187 3495 hoc
2209 3458 2452 3514 tangatur
2468 3445 2536 3498 de
2556 3445 2689 3496 locis
2710 3463 2928 3498 comoe-

1898 3522 2101 3574 diarum
2126 3521 2393 3592 eligendis.

1971 3620 2017 3671 7.
2045 3602 2215 3670 Quam
2239 3601 2457 3674 [εμπ-ε...
2480 3602 2751 3674 oportebit.
2779 3604 2925 3655 Hoc-

1896 3681 2012 3731 cine
2027 3682 2185 3749 igitur
2200 3680 2340 3751 apud
2357 3683 2766 3749 grammaticum
2793 3683 2931 3734 fiet?

1892 3759 2059 3821 Puto;
2098 3757 2191 3809 scd
2232 3762 2343 3830 ejus
2381 3761 2593 3810 nonnisi
2624 3771 2924 3831 poetarum

1893 3852 2003 3890 crat
2032 3840 2308 3890 enarratio.
2338 3837 2471 3888 Vide
2501 3840 2553 3904 1,
2583 3838 2649 3904 4,
2682 3857 2712 3891 2
2735 3878 2756 3906 ,
2791 3855 2851 3893 et
2878 3844 2929 3907 1,

1892 3918 1923 3970 8
1949 3918 2235 3987 integrum,
2257 3917 2348 3969 ubi
2368 3916 2514 3968 nulla
2534 3931 2827 3971 oratorum
2850 3920 2927 3972 le-

1888 3994 2180 4066 gendorum
2210 3999 2425 4048 mentio.
2463 3998 2690 4049 Comoedi
2722 4013 2927 4052 autem

1888 4072 2128 4126 docentis
2165 4090 2340 4147 partes
2379 4095 2494 4127 esse
2531 4075 2687 4127 credo
2709 4115 2732 4142 ‚
2784 4078 2929 4130 dum

869 4141 920 4194 3.
944 4143 1078 4193 Mox
1098 4141 1338 4198 dicemus.
1364 4147 1422 4199 L.
1448 4148 1547 4217 XI,
1573 4166 1620 4202 c.
1648 4148 1707 4218 3,
1731 4148 1798 4202 de
1885 4155 1939 4204 iu
1976 4158 2300 4225 grammatici
2345 4155 2615 4227 disciplina
2653 4174 2926 4209 versatur

794 4221 1253 4291 pronunciatione.

1884 4251 2043 4306 puer;
2060 4253 2168 4287 non
2182 4237 2457 4308 proprium
2472 4238 2518 4287 ei
2533 4234 2646 4287 dari
2660 4249 2925 4312 tempus.
