3200 5150
684 510 1338 579 INSTITUTIONIS
1374 511 1629 579 ORAT.
1669 513 1831 579 LIB.
1871 516 1936 594 I,
1976 514 2038 582 6.
2285 518 2406 608 169

316 661 434 708 cus
451 648 469 681 ¹
486 692 507 723 ‚
548 636 749 734 quia,
791 637 1045 708 umbra
1081 662 1373 736 opacuS,
1416 663 1669 735 parum
1715 636 1984 710 luceat?
2024 658 2091 711 et
2126 636 2404 730 ludus2,

313 751 480 848 quia
506 750 590 822 sit
618 750 1020 850 longissime
1046 752 1135 822 ab
1167 751 1327 824 lusu
1344 750 1417 822 3?
1447 773 1515 823 et
1528 755 1706 824 Ditis
1718 749 1774 840 4,
1802 753 1968 851 quia
1991 753 2284 826 minime
2309 757 2407 826 di-

313 891 424 938 ves
437 865 473 934 P
498 865 800 939 etiamne
821 865 1165 939 hominem
1184 864 1554 965 appellari,
1589 865 1756 966 quia
1776 866 1862 938 sit
1881 864 2090 939 humo
2106 865 2134 912 ⁵
2162 868 2408 940 natus?

311 1066 531 1135 Badius,
554 1069 681 1121 item
700 1087 731 1120 a
748 1067 1015 1121 Gothano.
1041 1070 1312 1123 Silentium

311 1166 496 1199 eorum
515 1186 533 1215 ,
585 1150 676 1220 qui
730 1149 1069 1200 contulerunt
1088 1187 1105 1215 ,
1156 1152 1314 1201 etiam

309 1229 462 1278 Voss.
507 1244 692 1278 omnes
707 1263 724 1291 ,
765 1227 1079 1279 Beruensem
1094 1265 1111 1292 ,
1151 1229 1316 1279 Joan-

306 1323 528 1357 nensem
547 1307 608 1356 iis
628 1322 806 1357 carere
827 1306 1104 1374 significat.
1130 1304 1210 1356 Illi
1234 1316 1314 1356 ta-

308 1402 431 1435 men
473 1400 572 1453 ego
615 1385 826 1435 nonnisi
868 1383 933 1436 de
965 1387 1119 1435 Voss..
1167 1402 1195 1437 2
1212 1422 1229 1450 ,
1262 1396 1316 1436 et

305 1464 600 1514 Joannensi
636 1462 962 1515 crediderim.
989 1466 1142 1516 Voss.
1186 1480 1205 1515 1
1226 1500 1244 1528 ,
1281 1463 1315 1515 3

307 1555 362 1595 et
397 1544 546 1596 Bern.
586 1544 741 1604 nimis
779 1560 902 1594 cum
933 1541 1107 1595 Guelf.
1144 1542 1317 1595 solent

304 1622 497 1674 facere.
517 1622 697 1673 Tui-ic.
721 1622 927 1673 omissis
943 1620 1038 1676 τοῖς
1057 1631 1161 1673 et...
1183 1621 1317 1673 voli-

304 1718 396 1773 pes
429 1690 629 1753 inserit
648 1702 826 1772 spuria
861 1703 979 1752 ista.
1015 1699 1280 1774 Gryphius
1298 1739 1317 1767 ,

309 1782 507 1851 quique
545 1798 611 1833 eo
643 1792 768 1835 sunt
797 1780 1150 1847 recentiores,
1182 1798 1316 1832 con·

307 1870 510 1910 stanter
530 1856 774 1909 videntur
797 1860 1036 1910 omisisse
1059 1857 1318 1911 alienissi-

307 1955 451 1988 mam
478 1938 822 1999 sententiam3
852 1956 1024 2008 neque
1052 1951 1194 2004 erat,
1222 1956 1318 1990 eur

308 2015 609 2070 Obrechtus
648 2018 798 2087 quasi
834 2016 1161 2088 postliminio
1198 2035 1316 2070 eam

307 2095 635 2158 restitueret;
662 2096 706 2147 si
727 2096 951 2149 maxime
967 2097 1031 2149 in
1053 2098 1317 2165 Argento-

306 2175 502 2226 ratensi
535 2191 634 2226 suo
665 2173 982 2227 inveniebat.
1018 2177 1317 2226 Immutavit

308 2265 488 2304 tamen
513 2251 602 2304 ille
629 2270 952 2325 magnopere
968 2292 986 2319 ,
1008 2252 1077 2304 de
1100 2256 1316 2326 conjec-

309 2344 455 2395 tura,
480 2332 686 2402 opinor.
711 2330 887 2384 Libuit
911 2331 1016 2384 hoc
1038 2331 1202 2404 paulo
1223 2351 1319 2384 co-

309 2413 513 2482 piosius
538 2429 830 2483 exponere,
855 2425 914 2464 ut
935 2413 1136 2464 tirones
1160 2411 1319 2465 habe·

310 2503 428 2541 rent
466 2492 804 2544 manifestum
840 2490 1032 2561 glossae
1063 2492 1318 2562 longioris

311 2569 639 2643 exemplum,
660 2571 1027 2643 discerentque
1047 2574 1205 2624 etiam
1223 2573 1320 2625 Co-

312 2648 518 2703 dicibus
548 2649 815 2716 diffidere,
841 2669 1006 2721 quum
1040 2653 1191 2704 nimis
1220 2650 1317 2703 ab-

311 2727 471 2780 surda
494 2728 796 2800 praeferunt.
813 2729 947 2782 Vide
970 2742 1153 2782 notam
1177 2730 1245 2782 ad
1268 2733 1318 2796 1,

314 2804 381 2870 5,
412 2824 511 2876 29,
539 2807 718 2879 quia...
748 2806 879 2859 alias
907 2818 1101 2859 rectum
1131 2819 1218 2861 est.
1248 2837 1320 2847 --

312 2882 744 2935 Additamentum
777 2903 937 2955 supra
968 2888 1186 2938 citatum
1220 2886 1318 2938 ha·

314 2961 444 3014 bent
466 2964 528 3015 R.
563 2980 581 3013 1
612 2975 666 3014 et
686 2963 846 3015 Can.
1037 2999 1058 3008 -

371 3051 438 3094 '1.
482 3042 664 3094 Lucus.
707 3044 766 3094 In
809 3041 1149 3113 proverbium
1188 3043 1319 3096 abiit

315 3121 429 3174 hoee
452 3119 781 3193 etymolog-ize
804 3122 954 3171 ratio.
977 3122 1144 3190 AEque
1163 3123 1318 3174 mira-

314 3199 477 3252 bilem
493 3218 643 3271 paene
661 3199 854 3272 probat
871 3201 1037 3250 Varro
1058 3198 1125 3249 de
1147 3199 1204 3248 L.
1230 3202 1288 3251 L.
1301 3238 1319 3266 ,

316 3297 370 3350 p.
395 3279 456 3344 8,
478 3276 572 3329 ubi
594 3277 778 3329 coelum
802 3295 833 3329 a
856 3275 1099 3341 celando,
1129 3297 1152 3321 ι
1174 3277 1321 3346 quod

322 3377 348 3401 α
370 3370 610 3428 apertum
632 3371 728 3410 est.
751 3380 774 3404 n
803 3358 883 3410 De
905 3357 1023 3427 ipso
1050 3368 1226 3428 etymo
1244 3357 1320 3408 vi-

318 3432 386 3486 de
409 3433 591 3487 lexica.

393 3531 441 3565 2.
468 3514 655 3568 Ludus.
684 3512 1061 3584 intelligendus
1082 3514 1242 3583 igitur
1264 3514 1317 3566 h.

318 3593 353 3644 l.
376 3606 466 3644 aut
483 3593 826 3662 gladiatorius
846 3608 936 3648 aut
949 3593 1232 3646 litterarius
1248 3593 1323 3648 lu.-

320 3669 441 3748 dus,
463 3672 568 3738 Qui
590 3671 694 3724 hoe
719 3687 958 3746 etymon,
982 3686 1170 3745 praeter
1187 3675 1321 3742 Qu.,

317 3750 535 3802 referret
549 3786 566 3813 ,
590 3749 764 3803 adhuc
787 3755 1054 3804 neminem
1073 3754 1269 3804 inveni.

393 3827 444 3879 3.
485 3824 566 3877 Ab
606 3827 737 3879 lusu..
776 3829 952 3882 Guelf.
990 3844 1045 3881 et
1077 3833 1252 3884 Turic.
1288 3850 1324 3882 a

323 3904 457 3957 lusu.
494 3904 655 3958 Goth.
699 3906 830 3976 (tac.
866 3907 1059 3980 Gesn.)
1093 3910 1158 3961 ab
1194 3928 1319 3974 usu,

324 4003 448 4037 eum
468 3988 620 4037 Voss.
659 4002 705 4053 ι,
729 3987 778 4038 3.

409 4064 460 4129 4.
507 4063 655 4116 Ditis.
707 4065 785 4116 Ita
827 4064 1001 4118 Guelf.
1050 4081 1103 4119 et
1145 4069 1321 4120 Turio.

326 4161 450 4195 cum
485 4142 724 4215 plurimis
757 4143 924 4196 Codd.
960 4157 1012 4196 et
1044 4144 1162 4198 edd.
1196 4159 1320 4199 vett.

327 4221 410 4274 sie
452 4223 831 4293 argumentatio
869 4241 898 4277 a
934 4221 1125 4276 divitiis
1160 4226 1328 4297 petita

1401 1069 1586 1122 melius
1610 1069 1885 1141 procedit,
1912 1087 2067 1141 quam
2091 1071 2146 1122 in
2169 1070 2409 1141 vulgata,

1403 1167 1516 1219 quae
1554 1151 1714 1201 etiam
1748 1147 1891 1219 apud
1926 1148 2250 1214 Gesnerum,
2285 1150 2410 1210 Dis,-

1401 1230 1537 1280 ..ειη
1560 1241 1615 1280 et
1636 1227 1832 1281 Valerii
1854 1227 2027 1281 Flacci
2051 1211 2124 1295 11,
2150 1230 2281 1297 296,
2304 1229 2411 1281 ἀίω

1400 1305 1569 1359 solum
1597 1306 1806 1359 facilius
1834 1306 2067 1360 deducas
2092 1326 2123 1359 a
2147 1308 2238 1359 tali
2265 1326 2411 1359 mas-

1404 1386 1599 1438 culino.
1622 1387 1795 1439 Docet
1819 1399 1996 1438 autem
2018 1387 2241 1439 formam
2264 1388 2410 1439 inso-

1405 1464 1681 1516 lentiorem
1699 1482 1876 1517 veram
1895 1465 2102 1518 Servius
2122 1464 2191 1517 ad
2204 1465 2409 1518 AEneid.

1404 1545 1506 1609 Vl,
1534 1543 1652 1613 273.
1681 1545 1748 1596 Et
1774 1561 1948 1614 pauca
1976 1561 2102 1595 sane
2126 1541 2245 1595 loca
2269 1542 2415 1617 apud

1406 1623 1638 1695 optimos
1654 1624 1937 1694 scriptores
1953 1620 2047 1675 ubi
2060 1625 2413 1677 nominativus

1405 1700 1641 1771 legatum
1669 1702 1938 1754 Ausonius
1967 1699 2181 1771 quidem
2205 1701 2415 1772 aliquo·-

1406 1780 1502 1831 ties
1524 1778 1621 1831 Dis
1640 1780 1696 1830 in
1718 1779 1977 1843 carmine,
1998 1777 2164 1839 sedet
2184 1778 2287 1843 dis,
2313 1798 2413 1850 pro

1406 1856 1545 1909 dives
1583 1857 1904 1929 appellativo
1922 1895 1940 1923 ,
1980 1855 2126 1928 apud
2165 1860 2373 1910 Terent.
2394 1896 2416 1924 ,

1404 1934 1634 2007 Adelph.
1649 1938 1746 2002 ,V,'
1776 1952 1823 2003 1,
1847 1936 1896 1988 8.
1913 1934 2047 1987 Vide
2068 1938 2178 1988 VV.
2204 1937 2318 1988 DD.
2344 1934 2414 1987 ad

1404 2015 1614 2066 Petron.
1628 2052 1645 2080 ,
1664 2032 1711 2067 c.
1740 2031 1760 2067 1
1773 2033 1866 2081 πο,
1886 2014 1979 2067 ubi
1993 2014 2128 2067 Ditis
2141 2025 2294 2087 pater
2307 2034 2416 2067 rec-

1404 2106 1460 2143 to
1498 2110 1628 2145 casu
1662 2096 1720 2146 in
1750 2112 1923 2146 versu.
1953 2124 2025 2134 —-
2045 2094 2180 2149 Ditis
2212 2093 2417 2148 habent

1401 2173 1463 2237 R.
1501 2190 1548 2237 1,
1581 2190 1643 2238 2,
1673 2172 1738 2239 3,
1765 2174 1925 2226 (ἔῃσι).
1963 2175 2035 2225 At
2063 2174 2209 2225 Cur.
2244 2188 2298 2226 et
2327 2173 2411 2226 ed.

1402 2249 1605 2316 Hack.,
1641 2251 1750 2303 Dis.
1790 2254 1883 2304 Eo.
1916 2281 1990 2291 —
2015 2252 2224 2304 Ditis...
2257 2252 2413 2305 dives.

1405 2328 1540 2383 Vide
1564 2331 1773 2382 initium
1791 2343 1947 2384 notoe.
1977 2329 2062 2384 Ab
2081 2333 2210 2403 ipsis
2229 2345 2418 2383 contra

1406 2409 1597 2463 divitiis
1644 2428 1840 2464 nomen
1886 2414 2077 2484 repetit
2122 2414 2304 2466 Cicero
2348 2411 2416 2466 de

1407 2491 1528 2545 Nat.
1552 2490 1709 2542 Deo'r.
1731 2493 1806 2558 11,
1829 2509 1922 2561 29,
1949 2494 2040 2562 qui
2058 2493 2263 2545 confert
2280 2493 2417 2546 Grae-

1408 2586 1594 2620 corum
1619 2565 1893 2623 Πλούτωνα..
1916 2572 1980 2623 Et
2002 2569 2156 2623 bonis
2182 2591 2309 2625 sane
2331 2591 2417 2624 ar-

1406 2649 1673 2717 gumentis
1728 2646 2078 2720 spanhemius
2133 2648 2202 2701 ad
2254 2652 2413 2703 Arist.

1406 2727 1618 2780 Plutum
1654 2744 1777 2798 727,
1815 2727 2074 2794 ostendit,
2111 2729 2417 2784 confudisse

1407 2804 1673 2856 interdum
1685 2818 1888 2857 veteres
1908 2819 2188 2877 utrumque
2207 2808 2344 2860 Pluti
2364 2822 2417 2860 et

1408 2884 1648 2937 Plutonis
1672 2903 1886 2938 nomen.
1909 2885 2043 2938 Vide
2067 2901 2121 2940 et
2142 2887 2417 2942 Platonem

1408 2964 1464 3015 in
1487 2962 1697 3035 Cratylo
1714 3000 1732 3029 ,
1754 2981 1809 3034 p.
1835 2963 2017 3035 Steph.
2043 2965 2166 3031 403.
2190 2969 2252 3019 A.

1480 3040 1529 3094 5.
1556 3040 1898 3092 Hominem...
1923 3040 2099 3093 humo.
2128 3045 2275 3096 Hanc
2300 3059 2413 3120 ety-

1407 3119 1697 3190 mologiam
1715 3121 1936 3173 Vossius
1954 3122 2009 3173 in
2028 3122 2415 3194 hymnologico,

1407 3217 1538 3251 voce
1576 3197 1759 3264 homo,
1789 3201 2015 3251 Varroni
2051 3198 2232 3262 tribuit
2251 3238 2268 3266 ,
2304 3220 2416 3255 non

1407 3279 1641 3332 indicato
1663 3292 1839 3330 tamen
1858 3278 2021 3345 libro,
2041 3293 2132 3331 aut
2150 3281 2416 3349 fragmen-

1408 3370 1500 3424 to,
1527 3357 1620 3409 ubi
1652 3357 1871 3428 legatur.
1906 3357 2289 3429 Alii2quoque,
2324 3363 2416 3432 qui

1408 3436 1477 3488 de
1514 3455 1576 3489 ea
1613 3451 1807 3507 agunt,
1829 3440 2209 3492 Varronianam
2242 3439 2417 3493 solent

1410 3514 1602 3568 dicere.
1646 3517 1892 3569 Meorum
1926 3534 2050 3568 vero
2088 3512 2379 3594 amicorum
2396 3555 2416 3585 ,

1409 3611 1634 3662 meaque
1657 3596 1823 3665 ipsius
1846 3594 2104 3650 industria
2125 3595 2317 3647 frustra
2340 3598 2417 3647 in·

1412 3683 1623 3740 sumpta
1644 3671 1745 3724 fuit
1766 3674 1823 3724 in
1846 3671 1966 3728 loco
1990 3675 2241 3726 Varronis
2267 3675 2417 3725 inve-

1403 3747 1639 3811 niend03
1669 3763 1721 3802 et
1741 3754 1852 3822 jam
1880 3753 1936 3803 in
1965 3770 2029 3804 eo
2062 3750 2167 3821 legi
2197 3769 2416 3823 prorsus

1413 3828 1655 3897 despero.
1682 3829 1932 3896 Accedit,
1959 3831 2102 3902 quod
2126 3832 2229 3900 Qu.
2246 3871 2263 3897 ,
2292 3851 2416 3886 mox

1405 3904 1481 3976 (§.
1506 3905 1596 3977 37)
1610 3909 1857 3959 Varronis
1878 3912 2198 3962 mentionem
2216 3911 2416 3964 faciens

1414 4004 1536 4038 cum
1557 3984 1993 4056 reprehensione,
2012 3988 2183 4042 eidem
2201 4008 2311 4044 non
2332 4008 2417 4042 as-

1413 4067 1587 4135 signat
1603 4063 1708 4116 hoc
1730 4064 1953 4118 hominis
1970 4081 2210 4139 etymon,
2241 4088 2415 4140 neque

1411 4146 1650 4217 priorum
1670 4142 1838 4195 ullum
1856 4157 1935 4196 est
1949 4143 2093 4215 apud
2105 4149 2413 4201 Varronem.

1412 4222 1636 4292 Videtur
1672 4241 1797 4294 ergo
1835 4236 2073 4297 tempore
2105 4226 2418 4295 Quintiliani
