3200 5150
655 520 1305 593 1NsT1TnTloms
1340 526 1595 595 onA‘r.
1635 528 1796 592 Lm.
1838 529 1934 608 11,
1985 554 2037 595 1.
2131 483 2144 498 ’

2266 533 2391 622 259

305 667 559 738 tantur,
595 648 837 748 quales
864 669 1027 721 sunt
1055 647 1219 722 editi
1247 674 1289 721 a
1318 647 1590 740 Quinto
1626 675 1906 749 quoque
1931 665 1950 698 ¹
1985 654 2389 728 Hortensio:

311 783 417 849 ut,
441 763 628 835 Sitne
642 770 875 864 parvis
900 769 1318 863 arqumentis
1344 765 1788 853 credendum,
1817 786 1883 838 et
1900 782 2073 867 pro²
2101 769 2387 858 testibuS,

306 897 375 947 et
407 883 478 948 in
513 893 732 966 testes,
763 879 838 949 in
872 877 1118 951 mediis
1148 877 1378 950 litium
1413 878 1742 952 medullis
1767 882 2157 954 versantur?
2177 887 2394 956 Arma
2435 913 2494 948 12

308 1011 471 1063 sunt
511 991 660 1064 haec
701 991 1227 1092 quodammodo
1269 993 1716 1094 proeparanda
1765 1021 2062 1095 semper,
2108 1019 2188 1069 ut
2233 997 2394 1091 iis³,

307 1131 533 1203 quum
568 1132 674 1179 res
708 1129 976 1205 poscet,
1016 1108 1266 1180 utaris:
1301 1135 1457 1208 quae
1490 1109 1612 1209 qui
1646 1110 1986 1207 pertinere
2020 1112 2108 1184 ad
2141 1113 2396 1185 oratio-

308 1218 527 1293 nem-4
549 1247 694 1293 non
723 1223 1028 1320 putabit,
1059 1223 1115 1294 is
1146 1248 1238 1294 ne
1269 1243 1566 1295 statuam
1595 1224 1884 1322 quidem
1915 1225 2224 1298 inchoari
2257 1245 2403 1300 cre-‘-

308 1334 462 1423 det,
491 1361 715 1434 quum
744 1334 894 1436 ejus
924 1337 1247 1409 membra
1271 1336 1661 1409 fundentur
1678 1336 1730 1409 ⁵.
1762 1337 2009 1437 Neque
2037 1340 2218 1413 hanc
2232 1339 2288 1430 ⁶3
2324 1362 2404 1413 ut

308 1448 526 1547 aliqui
556 1450 938 1548 putabunt,
964 1452 1477 1523 festinationem
1508 1477 1742 1523 meam
1768 1451 1864 1523 sic
1888 1454 2260 1552 quisquam
2292 1483 2406 1527 ca-

308 1563 718 1654 lumnietur,
747 1585 1112 1666 tamquam
1148 1592 1313 1638 eum
1334 1622 1353 1655 ,
1383 1565 1506 1665 qui
1540 1565 1625 1636 sit
1664 1564 1961 1636 rhetori?
1993 1568 2401 1658 tradenduS‚

307 1678 810 1751 abducendum
838 1683 1153 1778 protinus
1176 1708 1219 1752 a
1246 1680 1716 1777 grammaticis
1739 1699 2002 1776 putem.
2033 1681 2408 1755 Dabuntur
2449 1696 2509 1749 13

300 1792 447 1863 inis
485 1812 640 1864 tum
678 1819 961 1893 quoque
1003 1816 1322 1894 tempora
1355 1818 1520 1881 sua;
1560 1818 1792 1890 neque
1828 1792 1956 1865 erit
1979 1796 2404 1886 verendum,

294 1933 401 1981 ne
431 1905 661 1981 binis⁸
690 1909 1230 2008 praeceptoribus
1253 1926 1580 2009 oneretur
1600 1932 1811 2004 puer:
1839 1933 1985 1979 non
2012 1908 2205 1981 enim
2235 1937 2408 1983 cres-

388 2112 433 2147 1.
461 2096 654 2165 Quinto
673 2113 881 2168 quoque
897 2095 1188 2147 Hortensia.
1203 2096 1321 2147 Dis·

302 2173 473 2247 plicet
491 2191 715 2245 quoque,
735 2191 899 2244 quum
919 2172 987 2226 de
1006 2173 1119 2225 aliis
1136 2172 1319 2244 hujus-

303 2252 458 2304 modi
502 2251 746 2303 locorum
789 2252 1094 2304 auctoribus
1138 2265 1317 2304 actum

304 2352 420 2385 non
448 2332 542 2398 sit,
563 2333 666 2382 nisi
686 2332 825 2384 forte
847 2333 987 2383 inest
1013 2331 1318 2398 admiratio,

244 2462 251 2472 ,
303 2423 519 2464 tantum
549 2411 719 2461 virum
749 2423 858 2460 tam
890 2409 991 2462 levi
1023 2411 1172 2481 operi
1201 2427 1319 2462 ma·

302 2510 409 2544 nus
436 2488 749 2541 admovisse.
770 2488 904 2542 Vide
929 2490 1008 2555 11,
1031 2489 1065 2555 4
1081 2527 1098 2555 ,
1124 2505 1207 2558 27.
1232 2491 1319 2542 An

301 2589 520 2645 quoque
566 2582 750 2621 natum
793 2588 857 2621 ex
903 2568 1042 2622 male
1090 2567 1317 2641 repetito

307 2651 513 2721 Quinto
522 2651 548 2700 Ρ
559 2649 727 2702 codd.
747 2648 959 2720 quidem
973 2668 1083 2702 nou
1093 2651 1314 2702 variant.

382 2748 435 2782 α.
467 2728 574 2780 Pm
602 2727 855 2782 testibus...
886 2729 944 2780 in
972 2739 1129 2782 testes.
1158 2732 1313 2802 Ejus-

303 2807 463 2860 modi
501 2808 558 2858 iu
598 2820 875 2877 utramque
910 2819 1116 2879 partem
1157 2824 1317 2877 argu-

302 2898 491 2940 menta
504 2888 763 2938 ministrat
775 2888 932 2939 Arist.
946 2887 1047 2940 nh.
1062 2889 1104 2953 1,
1130 2904 1149 2939 ι
1160 2885 1212 2953 5,
1232 2904 1254 2938 1
1265 2905 1314 2958 7.

380 2966 436 3018 3.
471 2963 543 3015 Ut
566 2963 643 3016 iis.
676 2965 753 3016 Ita
782 2963 943 3017 Goth.
968 2963 1100 3037 (tae.
1125 2964 1318 3035 Genu.)

298 3062 439 3098 cum
467 3054 594 3095 vett.
628 3041 750 3095 edd.
782 3042 1083 3114 plerisque:
1123 3042 1202 3095 his
1230 3060 1318 3093 re-

298 3125 576 3178 centiores
586 3160 604 3191 ,
618 3135 678 3174 ut
690 3122 850 3174 Germ.
865 3159 882 3188 ,
899 3139 1010 3173 uon
1026 3140 1176 3192 teque
1190 3140 1318 3174 cou-

298 3206 600 3258 venienter.
623 3232 698 3243 —
717 3202 882 3257 silent
903 3204 1070 3254 nostri
1091 3201 1261 3255 Codd.

381 3284 438 3350 4.
460 3284 743 3335 Oratorem.
758 3284 866 3335 ΠΒ.
891 3298 937 3349 t,
955 3299 1005 3349 2,
1020 3282 1123 3334 Get
1134 3283 1317 3349 Cum,

299 3363 629 3424 orationem3
645 3376 698 3415 et
716 3380 833 3416 eam
850 3362 1130 3415 lectionem
1144 3361 1313 3415 codd.

300 3444 692 3517 plerorumque
712 3442 1062 3508 restituimus,
1085 3459 1315 3494 consen-

301 3525 477 3576 tiente
502 3523 566 3573 V.
599 3521 655 3572 C.
688 3518 865 3590 Spald.
895 3519 965 3570 At
985 3518 1105 3572 vide
1133 3519 1314 3593 hujus-

298 3618 371 3654 ce
396 3612 539 3651 noue
560 3599 736 3651 finem.
761 3602 853 3652 En.
870 3628 947 3638 -
963 3600 1226 3652 Pertinere
1246 3598 1317 3650 ad

300 3688 586 3732 oratorem.
625 3679 740 3728 Hoc
776 3676 897 3729 loco
932 3695 1046 3729 nou
1077 3690 1191 3729 erat
1220 3697 1317 3730 ne·-

298 3755 558 3830 gligeuda
586 3758 809 3808 varietas
840 3758 1106 3828 scripture
1135 3759 1323 3810 Turie:

298 3836 619 3891 orationem.
661 3834 822 3903 Quod
867 3848 1066 3905 quanto
1104 3850 1317 3908 praeetet

300 3925 533 3984 recepto
546 3950 561 3978 ‚
584 3912 741 3964 facile
760 3915 952 3966 sentias
964 3952 979 3980 ,
1000 3918 1042 3965 si
1060 3925 1280 3966 §tamam
1294 3952 1311 3979 ,

294 4013 426 4049 non
452 3990 755 4044 statuarium
771 4027 789 4055 ,
822 3996 1115 4062 comparari
1147 4006 1317 4045 atten—

296 4074 473 4128 deris.
511 4069 710 4124 Eadem
746 4068 1032 4122 similitudo
1061 4074 1318 4144 repetitur

299 4159 363 4207 in
394 4153 658 4225 prooemio
680 4148 771 4203 lib.
795 4151 921 4216 vll,
948 4150 994 4219 ς.
1025 4167 1071 4201 2.
1096 4152 1319 4203 Faciunt

300 4244 499 4287 autern
551 4248 673 4285 cum
719 4228 896 4284 Turio.
952 4225 1120 4285 codd.
1176 4228 1313 4281 Alm.

1402 2094 1595 2146 Joanu.
1618 2091 1725 2145 Bal.
1745 2095 1900 2144 voss.
1919 2079 1954 2144 ‘2
1967 2131 1984 2159 .,
2003 2092 2124 2147 edd.
2147 2109 2269 2149 ante
2285 2097 2407 2150 Ald.
2427 2127 2436 2136 ·

1406 2188 1512 2224 aec.
1538 2187 1666 2224 meae
1691 2188 1907 2237 omnen,
1931 2186 2150 2244 excepta
2182 2173 2301 2228 Ald.
2327 2194 2408 2248 pr.

1405 2247 1690 2310 Rerocavit
1716 2249 2002 2301 emtionem
2025 2250 2154 2304 Obr.
2187 2254 2335 2324 quod
2360 2268 2416 2324 et

1406 2330 1521 2399 ipse
1548 2327 1723 2380 facere
1750 2326 2012 2380 debebam
2027 2366 2045 2395 ,
2075 2329 2208 2383 nihil
2238 2350 2414 2385 mora·

1407 2420 1495 2460 tus
1548 2408 1918 2459 auctoritatem
1969 2407 2369 2483 Guelferbytaui
2395 2449 2415 2478 ,

1408 2505 1568 2557 quem
1590 2486 1802 2559 appello
1827 2487 1894 2539 ad
1919 2489 2015 2555 111,
2040 2487 2100 2555 5,
2131 2506 2221 2556 η,
2244 2492 2301 2543 in
2321 2509 2417 2543 uo-

1405 2568 1489 2620 tis.
1514 2567 1691 2621 Sum.
1716 2568 1772 2619 in
1794 2568 1970 2635 praef„
1992 2588 2049 2641 p.
2075 2569 2162 2623 81.

1476 2647 1527 2700 5.
1548 2648 1722 2717 Quum
1736 2650 1844 2721 q'us
1861 2650 2087 2701 membra
2094 2650 2411 2723 fundentur.

1402 2728 1483 2780 De
1504 2740 1678 2779 statua
1701 2727 1962 2780 metallica
1986 2728 2241 2801 loquitur,
2266 2730 2414 2803 quod

1405 2823 1543 2876 opus
1570 2806 1831 2857 fuson-ium
1863 2819 1973 2874 est,
2006 2825 2114 2860 non
2146 2809 2408 2882 sculptile.

1405 2886 1602 2936 Mosei..

1475 2963 1528 3015 6.
1570 2964 1756 3035 Neque
1799 2963 1950 3016 hanc.
1993 2966 2230 3037 Apparet
2274 2968 2418 3037 maim

1404 3045 1741 3095 continuatas
1756 3042 1861 3094 hoc
1880 3043 2001 3095 loco
2021 3045 2408 3116 paragraphos,

1406 3137 1569 3190 quum
1596 3138 1737 3173 nova
1768 3134 1822 3171 et
1849 3118 2144 3190 generalior
2174 3123 2409 3176 ordiatur

1402 3197 1711 3270 disputatio.
1747 3198 1849 3252 sed
1881 3198 2029 3250 nolui
2063 3200 2274 3253 turbare
2305 3222 2406 3255 nu-

1403 3292 1578 3331 meros
1596 3282 1706 3351 jam
1728 3290 1989 3350 receptos.

1476 3375 1525 3429 7.
1541 3356 1856 3409 deendus.
1873 3355 2047 3410 Guelf.
2068 3376 2100 3409 a
2112 3360 2279 3429 prima
2299 3377 2404 3412 ma·

1402 3452 1478 3489 nu
1503 3435 1748 3501 traditus,
1772 3439 1925 3507 cujus
1946 3440 2224 3507 postremis
2247 3438 2404 3511 sylia-

1400 3516 1485 3569 bie
1506 3518 1921 3588 superscriptum
1939 3530 2017 3568 est
2034 3515 2406 3570 ‹lendum-illud

1400 3598 1560 3648 etiam
1581 3594 1742 3648 Goth.
1769 3596 1959 3648 Joaun.
1985 3598 2139 3648 Voss.
2172 3614 2219 3664 ι,
2246 3616 2272 3649 2
2291 3635 2308 3663 ,
2338 3600 2402 3663 3,

1400 3691 1456 3728 et
1473 3675 1679 3746 aliquot
1695 3674 1817 3728 edd.
1836 3675 2098 3747 probante
2115 3690 2257 3729 recte
2274 3679 2402 3730 Ges-

1401 3774 1546 3809 nero.
1567 3756 1667 3810 Vel
1690 3773 1852 3809 sonus
1881 3759 2020 3807 enim
2042 3771 2264 3828 receptae
2291 3756 2401 3811 dis·

1400 3835 1589 3908 plicet,
1610 3849 1662 3887 et
1681 3837 1844 3904 magis
1861 3848 2276 3887 consentaneum
2295 3850 2402 3903 est,

1402 3912 1617 3966 credere
1656 3913 2010 3965 abducendum
2051 3932 2085 3965 a
2124 3933 2202 3987 qr.
2249 3924 2402 3988 post·-

1386 4010 1562 4063 ·quam
1583 3992 1798 4043 cruditus
1808 3996 1917 4063 jam
1934 3996 2002 4043 sit
2013 3991 2230 4060 rhetori,
2246 4011 2404 4065 quam

1405 4088 1569 4141 quum
1591 4069 1867 4121 trudendus
1887 4068 2079 4122 adhuc.

1476 4149 1526 4202 8.
1552 4148 1722 4213 Binis,
1753 4166 1851 4220 pro
1875 4148 2084 4202 duobus.
2112 4154 2402 4224 Utrumque

1404 4243 1582 4283 tamen
1605 4228 1991 4300 aliquantulum
2011 4229 2209 4287 differt.
2238 4236 2331 4289 ἢ».

2046 4335 2122 4389 ¹7·
2221 4336 2228 4345 ·
