3200 5150
656 471 1310 543 INSTITUTIONIS
1345 470 1605 539 ORAT.
1644 473 1805 538 LIB.
1848 475 1947 553 11,
1989 496 2092 541 20.
2296 479 2423 549 383

331 602 572 690 missa,
592 601 668 674 in
692 624 900 672 acum
923 596 1256 671 continuo
1277 609 1294 640 ¹
1328 614 1396 668 et
1411 594 1561 668 sine
1579 595 2020 669 frustratione
2040 597 2418 673 inserebat:

328 742 545 816 quem
571 741 796 815 quum
821 731 1186 812 spectasset
1210 708 1626 799 Alexander,
1654 709 1944 783 donasse
1969 710 2218 784 dicitur
2238 712 2423 814 ejus-

325 833 490 928 dem
512 830 890 931 leguminis
915 829 1153 902 modio
1176 857 1195 918 ;
1223 826 1417 928 quod
1440 826 1731 927 quidem
1753 826 2123 927 praemium
2146 828 2281 901 fuit
2301 830 2420 904 illo

324 973 532 1047 opere
553 944 1069 1045 dignissimum.
1091 942 1222 1015 His
1244 968 1376 1042 ego
1399 940 1911 1042 comparandos
1929 941 2272 1034 existimo,
2297 946 2420 1044 qui
2480 957 2519 1025 4

320 1061 395 1136 in
425 1058 1048 1135 declamationibus
1066 1113 1085 1148 ,
1111 1083 1284 1157 quas
1316 1082 1462 1130 esse
1484 1056 1751 1130 veritati
1780 1055 2276 1130 dissimillimas
2303 1086 2421 1132 vo-

318 1175 479 1250 lunt
491 1232 511 1265 ,
533 1196 803 1249 aetatem
822 1172 1048 1247 multo
1069 1171 1297 1247 studio
1314 1199 1396 1246 ac
1414 1171 1655 1247 labore
1681 1191 2129 1247 consumunt.
2148 1176 2419 1272 Verum

317 1290 467 1364 haec
482 1345 501 1380 ,
527 1316 744 1388 quam
769 1287 1126 1363 instituere
1149 1314 1518 1377 conamur,
1546 1308 1617 1361 et
1642 1287 1843 1389 cujus
1868 1287 2249 1387 imaginem
2273 1289 2424 1364 ani-

315 1432 437 1478 mo
470 1404 926 1504 concepimus
946 1458 967 1493 ,
1000 1429 1157 1502 quae
1192 1402 1384 1477 bono
1418 1402 1566 1476 viro
1599 1402 1959 1493 convenit,
1992 1429 2288 1504 quaeque
2319 1425 2421 1479 est

311 1547 475 1594 vera
490 1520 826 1594 rhetorice
840 1576 861 1610 ,
874 1520 1087 1594 virtus
1107 1519 1254 1594 erit.
1278 1520 1494 1613 Quod
1510 1519 1910 1620 philosophi
1928 1519 2216 1618 quidem
2237 1519 2417 1592 mul·
2481 1534 2515 1590 5

308 1635 398 1708 tis
421 1655 489 1709 et
514 1635 731 1709 acutis
749 1633 1330 1709 'conclusionibus
1345 1648 1374 1681 ²
1403 1634 1745 1735 colligunt
1759 1664 1779 1724 ;
1806 1631 1985 1705 mihi
2010 1658 2170 1705 vero
2203 1632 2412 1706 etiam

308 1748 626 1850 planiore
680 1750 811 1823 hac
843 1806 864 1841 ,
924 1750 1341 1850 proprieque
1403 1769 1640 1823 nostra
1681 1748 2089 1849 probatione
2142 1747 2415 1821 videtur

308 1891 458 1939 esse
496 1864 989 1966 perspicuum:
1030 1865 1119 1937 ab
1160 1863 1296 1936 illis
1334 1863 1482 1937 haec
1519 1863 1893 1938 dicuntur:
1932 1862 1993 1935 si
2030 1888 2411 1935 consonare

306 1978 442 2050 sibi
470 1978 544 2050 in
575 1978 912 2053 faciendis
940 2003 1020 2050 ac
1049 2004 1196 2051 non
1228 1978 1596 2068 faciendis,
1622 1976 1886 2050 virtutis
1911 1997 2041 2068 est,
2070 2002 2227 2076 quoe
2254 2003 2411 2076 pars

307 2092 461 2193 ejus
479 2094 1175 2193 prudentia'vocatur,
1201 2092 1450 2167 eadem
1479 2092 1555 2165 in
1579 2091 1891 2167 dicendis
1914 2119 1997 2166 ac
2010 2118 2160 2181 non
2185 2090 2413 2164 dicen·

305 2207 413 2280 dis
442 2208 590 2281 erit.
616 2209 738 2298 Et,
768 2207 825 2280 si
846 2205 1174 2280 virtutes-²³
1201 2228 1399 2296 sunt,
1424 2207 1513 2280 ad
1544 2233 1720 2306 quas
1746 2205 1950 2279 nobis
1967 2261 1987 2295 ,
2010 2206 2220 2280 etiam
2249 2227 2409 2279 ante
2474 2225 2510 2279 6

303 2349 524 2422 quam
558 2321 995 2408 doceremur,
1026 2321 1224 2395 initia
1254 2321 1579 2421 quaedam
1616 2347 1694 2394 ac
1731 2320 2005 2394 semina
2034 2340 2199 2392 sunt
2232 2347 2406 2393 con-

302 2463 494 2511 cessa
524 2458 807 2529 natura,
843 2456 924 2510 ut
950 2436 1039 2509 ad
1061 2436 1441 2537 justitiam,
1471 2435 1676 2538 cujus
1709 2435 1977 2509 rusticis
2008 2461 2291 2535 quoque
2324 2463 2403 2509 ac

301 2550 613 2625 barbaris
660 2571 944 2652 apparet
989 2549 1225 2650 aliqua
1270 2550 1502 2652 imago
1527 2582 1546 2642 ;
1594 2577 1723 2626 nos
1766 2571 1945 2625 certe
1987 2550 2082 2624 sic
2127 2577 2271 2624 esse
2311 2550 2402 2624 ab

299 2666 500 2739 initio
534 2668 867 2739 formatos
888 2723 908 2756 ,
948 2685 1027 2738 ut
1061 2689 1423 2766 possemus
1459 2691 1653 2739 orare
1692 2692 1818 2766 pro
1850 2664 2055 2740 nobis
2077 2721 2098 2755 ,
2132 2665 2401 2739 etiamsi

295 2807 399 2860 dro
433 2819 770 2860 ostentatum.
793 2806 967 2878 Vulgo
1000 2808 1136 2861 male
1168 2809 1310 2861 acci-
1395 2808 1520 2861 loco
1551 2810 1725 2878 agitur
1749 2809 1857 2860 sive
1888 2806 1959 2859 de
1984 2817 2241 2878 tempore.
2267 2809 2402 2864 Vide

296 2889 475 2961 pimus
502 2884 570 2938 de
599 2887 857 2938 foramine
885 2903 1014 2952 auus
1039 2905 1138 2957 per
1161 2886 1308 2958 quod

289 2970 438 3038 jacta
469 2964 665 3018 fuerint
693 2981 888 3035 ὅτεωι,
916 2963 1060 3034 quod
1088 2967 1308 3017 revincit

293 3044 484 3100 Belius
506 3046 563 3098 in
584 3062 716 3096 voce
739 3041 1074 3106 Macedot’ne,
1099 3055 1230 3095 notu
1250 3042 1302 3095 S.

293 3121 558 3177 Videntur
579 3140 706 3175 sane
727 3122 898 3175 cicere
919 3123 975 3173 in
996 3138 1307 3174 mucronem

296 3220 425 3256 scus
446 3206 714 3275 conjecta,
739 3202 838 3253 etsi
861 3200 1100 3265 tumre,
1124 3200 1181 3252 in
1203 3198 1304 3252 hac

295 3283 589 3348 sententia,
624 3279 788 3333 habet
826 3276 973 3350 quod
1007 3275 1302 3350 displiceat.

298 3360 559 3414 Continuo
590 3359 693 3431 (an
718 3358 964 3412 continue
977 3356 1100 3411 vide
1121 3369 1305 3412 notam

294 3438 446 3511 seq.)
472 3438 543 3492 ad
574 3441 761 3492 seriem
792 3453 1077 3508 granorum
1107 3437 1163 3488 in
1194 3453 1302 3488 una

294 3535 396 3569 acu
428 3519 888 3580 continuatorum,
926 3532 996 3567 en
1031 3512 1100 3567 ad
1123 3516 1301 3585 jactus

291 3596 747 3648 continuationem
774 3606 978 3666 spectet
992 3629 1012 3659 ,
1034 3611 1103 3645 ne
1125 3594 1302 3664 ipsum

294 3669 511 3744 quidem
545 3671 779 3726 ἆίιπίω.
816 3671 949 3725 Vide
992 3684 1046 3726 et
1081 3669 1298 3724 Culium

290 3750 519 3822 Rhodis.
552 3750 674 3804 lect.
703 3753 825 3804 Ant.
862 3768 948 3823 27,
980 3751 1070 3818 31,
1103 3753 1195 3823 qui
1222 3751 1298 3806 nil

290 3833 403 3884 fere
426 3832 527 3882 nisi
547 3831 663 3903 ipsa
686 3831 867 3899 Quint.
888 3828 1046 3883 verba
1071 3833 1239 3903 ponit.

370 3927 414 3963 ι.
442 3908 716 3963 Continuo.
741 3906 901 3961 Goth.
928 3920 982 3961 et
999 3909 1142 3961 Jens.
1164 3906 1290 3978 (tac.

287 3990 473 4054 Gesn.)
487 3987 732 4040 continue
745 4003 865 4038 cum
877 3989 1030 4037 Voss.
1051 4004 1080 4039 2
1097 3999 1151 4038 et
1168 3984 1288 4040 edd.

287 4068 553 4139 plerisque
567 4077 692 4118 vett.
709 4063 802 4117 sed
823 4078 877 4117 et
893 4063 1114 4137 Gryphii
1140 4064 1290 4131 1544.

289 4146 465 4201 Placet
496 4149 828 4212 Bur-manno,
861 4157 915 4197 et
950 4161 1061 4195 non
1087 4142 1293 4195 videtur

1396 2885 1466 2939 ad
1481 2899 1665 2938 notam
1688 2904 1806 2958 sup.
1832 2884 2086 2938 continue
2102 2882 2171 2938 de
2183 2884 2398 2941 flumine

1393 2962 1560 3017 habet
1591 2967 1761 3017 Varro
1795 2961 1864 3015 de
1893 2963 1952 3015 L.
1987 2963 2046 3015 1..
2082 2981 2136 3033 p.
2179 2980 2277 3030 η,
2307 2964 2401 3018 ubi

1391 3043 1587 3096 flustra
1603 3044 1727 3095 Ant.
1748 3041 2074 3111 Augustinus
2086 3039 2243 3113 jubet
2260 3041 2402 3112 lege·

1393 3140 1450 3175 re
1474 3121 1743 3174 continuo.
1770 3143 1844 3160 --
1869 3121 1931 3173 R.
1967 3136 2014 3185 1,
2043 3118 2102 3185 3,
2130 3121 2396 3174 continuo.

1392 3203 1455 3254 R.
1484 3217 1512 3253 2
1537 3213 1591 3253 et
1612 3200 1804 3265 cm„
1826 3199 2087 3250 warinus.
2112 3199 2204 3250 En.

1465 3295 1514 3332 2.
1537 3277 1721 3331 Acuti:
1745 3275 2171 3330 conclusionibus.
2194 3279 2396 3351 Appel-

1390 3356 1464 3411 lat
1485 3356 1680 3411 Fabius
1697 3353 2048 3408 conclusiones
2070 3370 2396 3427 srffumenta-
2452 3357 2457 3364 ’

1390 3439 1568 3490 ῑίοιιπ
1580 3435 1957 3512 syllogisticas,
1974 3453 2088 3506 qua
2106 3439 2392 3509 propositis

1389 3514 1598 3568 duabus
1650 3514 2106 3586 propositionffius
2159 3516 2391 3569 inferunt

1388 3594 1840 3667 complexionem:
1864 3593 1986 3645 talia
2005 3605 2154 3646 erant
2172 3611 2389 3647 consec—

1383 3675 1515 3726 taria
1534 3674 1850 3739 stoicorum,
1863 3684 1924 3723 ut
1936 3684 2093 3726 vocat
2104 3672 2211 3725 Cic.
2225 3710 2243 3739 ,
2259 3671 2296 3725 l.
2318 3676 2388 3728 lv

1384 3750 1456 3805 de
1471 3750 1706 3804 Finibus.
1725 3752 1891 3803 Tuan.

1453 3832 1504 3884 3.
1534 3832 1636 3896 Et,
1663 3830 1707 3883 si
1738 3830 1947 3881 virtutes
1974 3839 2123 3893 sunt,
2155 3827 2228 3880 ad
2255 3847 2385 3901 quas

1382 3911 1555 3974 nobis,
1580 3923 1681 3961 etc.
1710 3909 1873 3961 Stoici
1896 3918 1950 3959 et
1969 3905 2274 3960 Academici
2299 3908 2384 3961 di-

1381 3986 1574 4040 cebant
1589 3985 1755 4040 nobis
1764 3986 1965 4039 semina
1976 3985 2227 4037 virtutum
2246 4005 2276 4039 a
2297 4006 2385 4041 na·

1380 4080 1500 4118 turs
1519 4067 1700 4117 innata
1719 4082 1860 4131 esse,
1882 4080 1996 4135 quae
2019 4066 2064 4116 si
2084 4077 2383 4136 pateremur

1381 4143 1712 4210 adolescere,
1729 4144 1845 4215 ipsa
1864 4155 2050 4195 natura
2074 4142 2143 4195 ad
2166 4144 2383 4199 liberam

289 4238 561 4299 receptum
581 4225 703 4278 loco
727 4223 1076 4287 conveniens,
1095 4223 1202 4274 sive
1221 4220 1290 4274 de
1377 4225 1538 4276 vitam
1559 4240 1659 4276 nos
1681 4222 2009 4296 perduceret.
2028 4225 2191 4277 Tuan.
