3200 5150
643 507 1295 578 INSTITUTIONIS
1330 508 1588 575 ORAT.
1628 510 1789 574 LIB.
1831 511 1929 582 11,
1983 510 2080 577 ¹5.

2276 514 2403 603 ³³9

319 631 631 734 subjicit,
661 655 775 724 ut,
813 632 870 704 si
907 657 1052 703 non
1085 628 1828 731 persuaserit,·nomen
1866 658 2077 705 suum
2117 634 2408 710 retinere
2452 638 2461 647 “

325 774 462 821 non
485 748 718 848 possit.
739 747 1053 840 Quidam
1077 765 1505 825 recesserunt
1529 744 1621 818 ab
1652 744 2136 838 eventu,'sicut
2156 750 2414 826 Aristo·
2455 767 2515 818 13

325 862 522 954 teles,
556 865 678 966 qui
715 863 916 936 dicit¹
946 889 963 936 ε
999 860 1338 935 rhetorice
1371 878 1466 935 est
1500 867 1602 934 vis
1640 863 2032 936 inveniendi
2071 871 2307 943 omnia
2342 873 2413 940 in

325 984 633 1052 oratione
657 975 1177 1079 penuasibilim
1206 975 1328 1076 qui
1357 974 1518 1047 finis
1546 997 1617 1049 et
1642 975 1818 1049 illud
1844 976 2125 1070 vitium,
2162 971 2418 1079 dequo

326 1120 532 1193 supra
573 1094 913 1181 diximus,
946 1092 1203 1183 habet,
1243 1112 1318 1165 et
1349 1091 1654 1191 insuper,
1689 1091 1881 1191 quod
1919 1092 2096 1167 nihil
2137 1090 2272 1175 nisi
2298 1095 2420 1167 'in-

306 1184 724 1281 ‘ventionem
768 1206 1283 1307 complectitur,
1321 1233 1478 1306 qnae
1522 1206 1674 1285 sine
1711 1208 2102 1282 elocutione
2141 1236 2284 1283 non
2327 1231 2427 1284 est

327 1325 562 1397 oratio.
598 1327 1116 1423 Hermagoraess,
1145 1323 1270 1424 qui
1298 1324 1518 1397 finem
1548 1321 1702 1424 ejus
1730 1350 1874 1397 esse
1903 1325 1997 1396 ait
2019 1324 2429 1425 persuasibi·
2470 1334 2533 1399 ¹4

331 1440 487 1512 liter
502 1440 757 1527 dicem,
777 1459 844 1512 et
861 1439 1044 1533 aliis,
1065 1438 1188 1540 qui
1213 1438 1540 1511 eamdem
1559 1439 1978 1512 seutentiam
2009 1466 2154 1512 non
2180 1441 2428 1514 iisdem
2551 1444 2559 1453 ’

327 1553 611 1628 tamen-'⁹
641 1554 865 1627 verbis
887 1554 1233 1655 explicant
1257 1581 1337 1626 ac
1370 1554 1590 1625 finem
1622 1553 2307 1645 essedemonstrant,
2334 1557 2430 1628 di-

329 1670 507 1759 cere,
538 1696 696 1771 quae
725 1686 1041 1770 oporteat
1068 1676 1342 1757 omnia,
1379 1670 1478 1740 ad
1495 1669 2078 1768 persuadendum,
2110 1669 2267 1742 satis
2298 1694 2430 1743 res-

331 1812 632 1889 ponsum
658 1806 788 1874 est,
824 1813 1049 1886 quum
1073 1785 1483 1886 persuadere
1505 1810 1653 1859 non
1682 1804 1955 1855 tantum
1981 1784 2265 1857 oratoris
2289 1811 2434 1863 esse

332 1900 781 1974 convicimus,
800 1898 1053 1972 Addita
1071 1919 1237 1971 sunt
1253 1898 1362 1970 his
1383 1897 1520 1969 alia
1534 1898 1751 1987 varie3
1774 1897 2064 1997 quidam
2087 1899 2276 1971 enim
2302 1906 2438 1971 eir-
2480 1913 2542 1966 15

333 2043 414 2090 ca
442 2042 543 2089 res
565 2040 830 2104 omneS,
848 2014 1137 2115 quidam
1163 2016 1349 2087 circa
1378 2012 1611 2087 civiles
1634 2012 1848 2085 modo
1871 2013 2123 2085 versari
2150 2012 2440 2088 rhetori-

333 2157 455 2207 cen
477 2150 924 2230 putaverunt,
941 2155 1247 2230 quorum
1265 2129 1493 2207 verius
1514 2149 1752 2201 utrum
1773 2128 1889 2220 sit,
1910 2128 1983 2200 in
2005 2154 2090 2201 eo
2109 2128 2263 2201 loco
2277 2186 2298 2220 ,
2314 2131 2439 2229 qui

410 2341 454 2379 1.
481 2321 790 2389 Aristoteles,
811 2324 907 2399 qui
928 2324 1069 2377 dicit.
1091 2327 1268 2377 Turio.
1290 2339 1342 2378 et

332 2403 506 2457 Guelf.
527 2405 784 2455 ‘omittunt
807 2405 901 2476 qui
919 2421 1040 2455 cum
1061 2404 1255 2457 multis.
1271 2435 1344 2444 -—

335 2484 439 2535 RB.
477 2496 496 2535 t
514 2523 530 2549 ,
563 2499 591 2534 2
611 2523 624 2535 .
652 2481 684 2535 5
701 2520 717 2548 ,
741 2484 902 2535 Cam».
930 2485 1182 2536 omittunt
1207 2502 1344 2556 quo·-

336 2581 438 2634 que
461 2561 762 2629 relativum,
785 2574 837 2613 et
859 2563 1033 2634 reipsa
1058 2564 1230 2615 omitti
1246 2583 1343 2636 po-

331 2656 451 2695 test.
477 2645 569 2694 En.
593 2669 661 2682 -—
677 2639 989 2692 Ariswteles.
1014 2640 1169 2692 Rhet.
1195 2644 1218 2692 Ι
1233 2678 1249 2706 ,
1278 2657 1305 2691 2
1323 2680 1340 2709 ,

341 2737 360 2772 ι
383 2744 396 2772 z
428 2717 624 2783 θύνοίμις
641 2716 755 2787 cepi
782 2716 975 2770 ἴκεισιτοι
996 2720 1086 2768 ‘rob'
1103 2718 1342 2786 θέαρῖσαι

332 2797 388 2852 ‘ri
411 2793 702 2866 ae'vhxcipmv
724 2794 943 2849 oceani!-
960 2797 1094 2850 Vide
1122 2799 1170 2865 S.
1196 2798 1249 2849 3.

415 2895 465 2930 2.
499 2876 848 2947 Hermagorae.
873 2873 1008 2930 Vide
1045 2878 1099 2941 1,
1138 2876 1169 2927 5
1191 2915 1208 2943 ,
1249 2875 1338 2930 61.

333 2960 413 3012 De
431 2956 538 3008 hoc
551 2954 671 3006 vide
690 2957 708 3005 i
882 2956 925 3005 is
945 2956 1053 3006 Cic.
1072 2953 1140 3006 de
1156 2956 1265 3006 lnv.
1287 2958 1339 3022 1,

332 3037 395 3103 6,
414 3034 509 3090 ubi
526 3023 700 3085 bonus
721 2974 917 3096 iiiemr,
942 3034 1117 3084 infans
1142 3046 1337 3100 orator,

331 3114 741 3168 demonstratur.
791 3110 989 3164 Sedulo
1036 3126 1114 3163 est
1162 3130 1341 3182 segre-

332 3193 540 3265 gandus
555 3192 623 3244 ab
640 3191 805 3244 altero
815 3193 1027 3263 juniore
1038 3229 1055 3255 ,
1070 3191 1312 3243 Temnite
1322 3231 1339 3260 ,

329 3277 486 3346 cujus
515 3273 751 3324 meminit
771 3270 975 3324 Suidas.
1006 3272 1086 3322 De
1113 3284 1340 3341 utroque

331 3353 454 3406 vide
473 3355 570 3418 m,
600 3368 644 3418 ι,
674 3351 762 3424 ιβ,
790 3350 1080 3403 18.Comra
1101 3363 1342 3402 nostrum

335 3434 621 3504 Pompeius
657 3429 970 3482 declamavit
1004 3429 1211 3495 Rhodi,
1247 3448 1343 3480 au-

333 3513 514 3566 diente
536 3510 840 3564 Posidonio.
867 3507 1129 3562 Plutarch.
1156 3509 1252 3575 641
1279 3509 1337 3561 Ε.

341 3615 365 3640 u
385 3596 494 3665 q'us
509 3617 531 3639 u
547 3590 879 3644 referendum
892 3591 1137 3663 profecto
1154 3589 1222 3642 ad
1238 3590 1345 3641 rhe-

336 3671 546 3723 toricen.
562 3670 832 3721 Tribuitur
846 3683 1018 3721 tamen
1035 3667 1261 3741 hicfim's
1274 3668 1341 3721 ab

336 3754 661 3819 Hermagora
686 3753 912 3814 oratori,
937 3764 995 3801 ut
1019 3749 1252 3802 diversus
1276 3754 1344 3803 sit

337 3831 408 3884 ab
446 3833 561 3901 ipsa
600 3829 673 3879 rei
706 3826 1022 3901 definitione.
1047 3831 1182 3883 Vide
1218 3833 1339 3883 Cur.

336 3909 776 3964 fortunatianum
801 3926 886 3979 ap.
914 3908 1045 3959 pith.
1077 3929 1130 3981 p.
1158 3911 1258 3973 38;
1283 3913 1339 3961 it.

337 3991 697 4060 Augustinum
717 4007 770 4059 p.
801 4003 929 4055 290,
952 4000 1002 4038 et
1021 3988 1157 4039 Sext.
1189 3991 1340 4060 Emp.

337 4089 397 4142 p.
442 4071 562 4122 301.
602 4096 673 4108 --
708 4066 897 4120 Scribit
938 4068 1344 4118 Fortunatianus

337 4150 718 4219 Hermagoram
748 4165 856 4198 non
889 4143 1194 4218 simpliciter
1220 4165 1346 4217 pro-

1428 2323 1738 2377 suasibiliter
1752 2325 1944 2389 dicere,
1967 2322 2057 2376 'sed
2077 2337 2137 2375 ut
2153 2325 2341 2395 vitaret
2358 2343 2443 2377 ca·

1429 2403 1727 2458 villationes
1752 2402 2016 2455 addidisse
2040 2402 2216 2474 quoad
2237 2410 2443 2474 patere-

1432 2476 1522 2534 tui·
1540 2482 1614 2533 rei
1636 2493 1826 2534 natura
1848 2492 1899 2533 et
1920 2496 2151 2553 personoe
2173 2482 2401 2533 conditio
2419 2505 2434 2534 :

1429 2574 1490 2614 ut
1530 2560 1619 2615 hic
1656 2561 1896 2615 videatur
1930 2561 2123 2613 Fabius
2161 2579 2316 2632 agere
2353 2582 2442 2616 so·

1429 2642 1661 2714 phistam
1686 2656 1738 2694 et
1762 2641 1961 2712 alioqui
1985 2643 2283 2712 superiores
2306 2643 2439 2696 fine·

1431 2724 1475 2772 si
1495 2735 1637 2772 recte
1651 2720 2028 2790 intelligantur,
2043 2717 2174 2770 nihil
2192 2737 2434 2790 peccant.

1429 2799 1595 2850 Tuan.
1627 2801 1707 2851 De
1734 2800 2055 2867 Hermagora
2078 2797 2199 2848 vide
2220 2800 2437 2851 Cicero·-

1428 2895 1552 2928 nem
1576 2878 1734 2928 etiam
1757 2877 1811 2926 in
1837 2877 2025 2941 Bruto,
2050 2875 2149 2939 63,
2174 2892 2259 2945 7¹·

1498 2955 1549 3006 3.
1579 2956 1705 3006 Non
1736 2953 1911 3005 iisdem
1942 2963 2132 3004 tamen.
2167 2956 2243 3004 lta
2271 2955 2434 3011 Goth.

1427 3031 1553 3102 (tac.
1573 3033 1763 3104 Gesn.)
1784 3034 1884 3083 nisi
1904 3032 2050 3101 quod
2068 3036 2343 3084 antevertit
2365 3043 2439 3085 ta·

1427 3129 1544 3162 men
1563 3150 1580 3177 ,
1613 3130 1735 3161 eum
1756 3114 1909 3163 Voss.
1940 3128 1987 3166 2·
2018 3112 2212 3179 Regius
2240 3125 2294 3163 et
2321 3114 2437 3183 ipse

1429 3200 1603 3242 tamen
1649 3191 1847 3241 invenit
1863 3227 1881 3256 ,
1925 3189 2070 3260 quod
2116 3194 2334 3243 mutavit
2379 3194 2436 3246 in

1429 3282 1637 3322 tantum
1653 3284 1712 3322 ut
1727 3270 1941 3333 melium
1958 3289 2116 3341 quem
2130 3275 2297 3324 secuti
2312 3289 2436 3328 sunt

1428 3351 1581 3403 multi
1606 3351 1861 3416 editores,
1887 3365 1944 3402 ut
1967 3353 2156 3417 Gesn.,
2183 3366 2236 3404 et
2257 3353 2436 3408 defen·

1429 3429 1564 3483 dunt
1600 3430 1801 3501 aliquot
1833 3429 2002 3483 codd.
2017 3470 2034 3496 ,
2071 3434 2125 3483 in
2161 3445 2307 3485 tanta
2343 3435 2436 3488 τὸν

1431 3521 1637 3561 tantum
1667 3524 1719 3561 et
1744 3520 1915 3562 tamen
1939 3511 2300 3566 fluctuatione.
2332 3516 2436 3568 Sed

1431 3590 1576 3644 aliud
1597 3604 1676 3644 est
1703 3599 1903 3643 tantiam
1928 3594 2033 3643 iton
2058 3592 2158 3663 (de
2185 3613 2291 3665 quo
2316 3615 2435 3668 pro-

1427 3672 1570 3723 fecto
1600 3670 1865 3741 cogitabat
1894 3671 2127 3745 Regius)
2155 3673 2298 3725 aliud
2326 3691 2434 3726 mm

1431 3760 1665 3812 tantum,
1688 3753 1920 3801 neutrius
1944 3763 2121 3823 autem
2144 3751 2231 3803 hic
2254 3751 2437 3820 iocus,

1433 3850 1594 3902 quum
1613 3849 1754 3882 mera
1768 3830 2077 3895 verborum,
2102 3849 2211 3882 non
2229 3851 2434 3899 rerum,

1431 3909 1701 3961 diversitas
1724 3908 2045 3960 ostendatur.
2068 3909 2151 3961 Sic
2168 3922 2221 3960 et
2236 3911 2359 3963 Bad.
2385 3914 2439 3968 in

1431 4001 1576 4040 nota.
1602 3990 1745 4040 Jens.
1767 3987 1890 4058 (tac.
1913 3985 2097 4058 Gesn.)
2118 3997 2293 4039 tamen
2315 4009 2442 4052 cum

1434 4065 1553 4120 edd.
1573 4082 1695 4118 ante
1712 4068 1826 4117 Bas.
1845 4064 2090 4117 omnibus
2103 4080 2293 4137 praeter
2309 4071 2437 4121 Loc.

1438 4161 1490 4198 et
1503 4148 1660 4198 Rusc.
1680 4147 1872 4197 -RR
1897 4164 1955 4212 2,
1971 4146 2032 4212 3,
2050 4155 2243 4199 tamen.
2263 4149 2369 4208 BR.
2392 4165 2439 4223 ι,

339 4230 621 4280 nunciasse
629 4228 795 4296 finem
809 4224 1096 4279 rhetorices
1112 4242 1226 4278 esse
1237 4243 1349 4296 per·
1439 4224 1498 4284 5.
1522 4227 1683 4278 Cim.
1698 4263 1716 4292 ,
1740 4227 1912 4292 Cam,
1938 4236 2160 4278 tantum.
2186 4231 2276 4283 En.

2076 4332 2157 4366 22.
