3200 5150
895 469 1022 552 488

1481 473 1576 536 M.
1621 472 1845 539 FABII
1883 474 2439 557 QUINTILIANI

894 591 1105 689 (sicut
1131 619 1411 682 omnes,
1437 594 1559 695 qui
1596 622 1711 667 me
1745 597 1961 669 secuti
1993 619 2192 688 sunt,
2227 597 2628 674 meminisse
2662 607 2926 702 possunt)

890 726 1168 780 testatus
1187 722 1234 798 ¹,
1261 729 1329 780 et
1350 707 1423 781 in
1448 708 1609 808 ipsis
1629 709 1838 783 etiam
1859 710 1992 783 illis
2011 714 2520 807 sermonibus²,
2542 742 2655 789 me
2675 716 2927 807 nolente,

891 820 1215 920 vulgatis,
1241 820 1376 896 hoc
1401 844 1639 896 tamen
1670 825 2106 926 complexuS,
2132 828 2242 901 vix
2269 829 2343 901 in
2373 828 2562 903 ulla³
2588 853 2929 905 controver-

889 934 987 1006 sia
1012 936 1474 1010 translationis
1496 959 1751 1011 statum
1780 967 1978 1040 posse
2006 944 2284 1043 reperiri
2302 1001 2322 1035 ‚
2348 966 2428 1017 ut
2450 971 2596 1019 non
2624 967 2687 1018 et
2707 946 2858 1019 alius
2875 948 2930 1020 in

889 1049 1136 1123 eadem
1164 1050 1388 1125 recte4
1415 1053 1550 1126 dici
1576 1054 1958 1147 videretur,
1984 1056 2282 1158 ideoque
2308 1086 2351 1130 a
2370 1060 2783 1160 quibusdam
2802 1089 2931 1134 eum

787 1186 857 1256 69
888 1164 1269 1239 exclusum.
1331 1171 1575 1268 Neque
1628 1171 1874 1270 ignoro
1922 1173 2144 1246 multa
2198 1175 2550 1248 transferri
2567 1232 2587 1266 ,
2635 1203 2839 1276 quum
2877 1175 2931 1248 in

888 1281 1220 1353 omnibus
1247 1284 1391 1356 fere
1422 1285 1678 1375 causis,
1714 1286 1788 1359 in
1812 1286 2074 1388 quibus
2098 1288 2423 1363 cecidisse
2440 1288 2470 1334 ⁵
2500 1290 2658 1390 quis
2682 1290 2933 1362 formula

889 1393 1162 1488 dicitur,
1197 1397 1304 1471 hae
1336 1398 1474 1471 sint
1500 1401 1915 1501 quaestiones
1929 1401 1987 1495 ⁶,
2016 1403 2134 1476 An
2163 1402 2354 1493 huic,
2390 1432 2482 1476 an
2515 1431 2673 1478 cum
2700 1403 2841 1494 hoc,
2867 1431 2933 1476 an

886 1508 1018 1583 hac
1042 1510 1212 1612 le'qe,
1240 1541 1331 1586 an
1363 1518 1555 1617 apud
1582 1516 1794 1607 hunc,
1824 1546 1917 1592 cm
1950 1517 2081 1594 hoc
2107 1535 2410 1621 tempore
2437 1521 2639 1594 liceat
2657 1521 2872 1621 aqere?
2887 1540 2936 1592 et

787 1658 857 1711 70
886 1624 943 1696 si
977 1653 1116 1725 qua
1144 1650 1308 1702 sunt
1337 1631 1520 1704 talia.
1557 1633 1694 1706 Sed
1727 1661 2071 1734 personae,
2100 1656 2451 1736 tempora,
2482 1637 2808 1725 actioneS‚
2832 1662 2936 1708 ca·

884 1761 1168 1844 teraque
1222 1767 1503 1846 propter
1548 1748 1858 1849 aliquam
1906 1777 2191 1824 causam
2240 1753 2787 1825 transferuntur⁷
2812 1782 2828 1841 ;
2868 1751 2936 1822 ita

961 1901 1004 1935 ι.
1037 1883 1282 1940 Testatus.
1312 1889 1473 1942 Goth.
1505 1893 1754 1944 omittens
1783 1892 1891 1946 hoc

885 1963 1207 2017 vocabulum
1248 1981 1352 2019 aut*
1383 1971 1654 2025 oscitantis
1694 1971 1894 2026 librarii

885 2041 1047 2095 habet
1084 2064 1346 2114 errorem,
1383 2062 1474 2101 aut
1509 2051 1648 2103 male
1684 2052 1891 2121 seduli,

886 2124 978 2191 qui
1017 2141 1402 2195 supervacuum
1443 2128 1723 2182 crediderit
1759 2131 1894 2184 alte-

886 2218 1003 2251 rum
1033 2205 1402 2275 participium,
1427 2225 1592 2278 quum
1627 2210 1893 2263 sufficeret

885 2280 1208 2352 complexus,
1239 2285 1384 2355 quod
1416 2290 1668 2359 sequitur.
1704 2293 1893 2363 Neque

885 2371 1062 2412 tamen
1082 2362 1378 2435 complexus
1394 2380 1606 2438 poterat
1623 2369 1806 2421 referri
1825 2368 1893 2422 ad

885 2455 1181 2492 sermonem
1215 2445 1584 2512 quotidianum
1614 2450 1670 2500 in
1710 2448 1896 2501 schola

887 2516 1126 2570 habitum
1138 2558 1155 2587 ,
1172 2523 1262 2593 qui
1276 2523 1584 2596 intelligitur
1596 2529 1652 2580 in
1669 2537 1889 2582 testam.

886 2597 1146 2650 Videntur
1181 2620 1365 2655 omnes
1400 2619 1654 2677 praeterea
1688 2607 1857 2661 Codd.
1875 2648 1893 2677 ‚

887 2688 941 2728 et
968 2678 1082 2749 ipse
1116 2680 1273 2731 etiam
1297 2684 1452 2735 Voss.
1488 2704 1515 2738 α
1547 2688 1683 2738 tueri
1710 2706 1896 2761 recep-

888 2769 1013 2809 tam.
1057 2789 1129 2799 —-
1172 2759 1417 2816 Testatus.
1446 2765 1616 2818 Videl.
1655 2766 1709 2819 id
1748 2768 1897 2840 quod

890 2836 1142 2889 infertur:
1179 2840 1268 2890 vix
1270 2880 1360 2893 .....
1386 2861 1531 2913 posse
1561 2845 1794 2917 reperiri,
1828 2866 1897 2900 ne

890 2915 1029 2967 forte
1059 2918 1176 2987 quis
1204 2919 1257 2970 in
1285 2922 1721 2976 antecedentibus
1751 2945 1896 2996 quae-

891 3006 1001 3060 nt,
1026 2995 1171 3065 quod
1197 3008 1400 3053 testatus
1420 3002 1580 3054 fuerit
1601 3003 1782 3072 Quint.
1803 3008 1897 3060 Vi-

892 3072 960 3125 de
982 3075 1189 3126 initium
1213 3091 1366 3130 notae.

966 3170 1015 3205 2.
1052 3154 1379 3209 Semonibus
1382 3197 1506 3210 .....
1544 3170 1735 3214 tamem
1759 3163 1894 3217 Vide

892 3250 1114 3304 prooem.
1140 3246 1235 3285 tot.
1265 3240 1468 3307 operis,
1488 3240 1537 3306 s.
1566 3257 1615 3310 7.
1645 3242 1705 3292 In
1727 3244 1896 3314 parti-

892 3312 1013 3363 cula
1037 3323 1210 3365 tamen
1232 3316 1368 3367 inest
1388 3335 1573 3369 eorum
1591 3337 1895 3375 sermonum

890 3393 1205 3463 vituperatio
1232 3415 1244 3444 ε
1290 3417 1313 3441 οι
1332 3397 1388 3448 in
1422 3396 1525 3450 illis
1561 3402 1892 3456 sermonibus

896 3491 919 3515 σι
938 3470 1062 3522 licet
1101 3472 1251 3526 valde
1292 3477 1631 3547 imperfecti&
1652 3504 1676 3528 n
1724 3483 1894 3535 Etiam

891 3547 1187 3620 complexus
1207 3551 1370 3605 habet
1391 3558 1579 3609 erroris
1608 3558 1666 3610 in
1690 3560 1801 3612 istis
1829 3559 1894 3612 li-

889 3625 997 3677 bris
1040 3625 1254 3679 admissi
1293 3632 1763 3705 significationem,
1805 3640 1893 3690 oui

891 3718 1068 3758 tamen
1104 3706 1400 3779 adjunxerit
1423 3715 1536 3782 jam
1568 3726 1682 3765 tum
1714 3716 1892 3788 aliqua

887 3803 1018 3837 verae
1041 3799 1259 3839 rationis
1283 3805 1497 3843 semma.

960 3864 1009 3916 3.
1030 3864 1086 3919 V
1082 3864 1135 3915 ἰσι-
1154 3866 1207 3916 t‘n
1228 3865 1359 3920 ulla.
1374 3871 1549 3922 Turio.
1570 3870 1683 3924 dixi
1701 3874 1755 3925 in
1776 3874 1888 3930 illa.

887 3942 1023 3995 Alm.
1063 3943 1174 3997 dixi
1206 3945 1258 3997 ἰη
1292 3945 1423 3999 ulla.
1458 3947 1598 4016 Soli,
1630 3953 1686 4002 ni
1716 3951 1888 4008 fallor.

886 4021 1019 4074 Vide
1041 4023 1204 4076 modo
1234 4024 1281 4095 ς.
1313 4025 1409 4094 66,
1439 4027 1492 4078 ἰη
1522 4028 1756 4102 quinque
1779 4050 1892 4104 spe-

886 4097 997 4150 cies.
1040 4129 1113 4140 —
1148 4105 1212 4155 R.
1261 4120 1316 4170 ι,
1359 4105 1447 4157 vix
1488 4106 1544 4158 in
1581 4107 1751 4162 nulla.
1790 4109 1885 4164 Ed.

885 4177 1042 4230 Cane.
1056 4216 1073 4246 ‚
1094 4181 1181 4233 vix
1199 4182 1254 4234 t‘n
1275 4183 1386 4236 illa.
1407 4185 1498 4238 En.

2052 1892 2104 1960 4.
2123 1892 2324 1946 Eadem
2345 1906 2491 1948 recte.
2512 1894 2935 1968 Guelferbytanus,

1980 1970 2159 2024 eadem
2189 1990 2241 2023 re
2267 1983 2423 2039 recte,
2453 1976 2689 2045 pessimo
2715 1969 2936 2045 repetendi

1979 2048 2179 2103 litteras
2204 2070 2397 2104 errore.
2423 2052 2588 2105 Goth.
2615 2053 2828 2125 (tacente
2845 2049 2937 2102 Ges·

1982 2128 2135 2200 uero)
2161 2129 2340 2182 eodem
2354 2168 2373 2196 ‚
2408 2132 2546 2184 male
2581 2147 2637 2185 et
2663 2136 2787 2205 ipse.
2810 2160 2869 2171 —
2887 2130 2938 2182 At

1982 2206 2066 2260 ed.
2079 2208 2240 2260 Cnn.
2258 2208 2423 2263 habet
2438 2213 2493 2263 ἐκ
2506 2213 2742 2264 eamdem
2756 2212 2935 2264 mh

2054 2284 2104 2339 5.
2135 2287 2389 2341 cecidisse.
2407 2330 2420 2341 .
2435 2329 2447 2341 .
2463 2328 2476 2342 .
2496 2292 2757 2364 famula.
2778 2293 2849 2345 De
2863 2289 2936 2341 hac

1982 2362 2255 2418 locutione
2287 2369 2485 2422 tirones
2512 2371 2791 2424 consulant
2813 2369 2936 2420 letica

1983 2444 2038 2495 in
2076 2444 2337 2515 formula.
2383 2451 2642 2503 Praeterea
2684 2449 2937 2503 Torrentius

1984 2539 2101 2575 eam
2134 2522 2360 2579 illustrat
2402 2527 2472 2581 ad
2510 2530 2660 2583 Suet.
2696 2526 2859 2583 Claud.
2895 2523 2938 2590 14

1980 2600 2112 2672 (non
2129 2602 2196 2670 24
2210 2617 2272 2655 ut
2285 2607 2510 2680 Burm.);
2526 2607 2940 2661 etiamn-monim

1982 2680 2048 2732 de
2076 2681 2251 2735 Verbb.
2278 2686 2458 2759 52]qu
2483 2690 2541 2740 in
2564 2690 2768 2754 cadere,
2791 2683 2939 2758 quilo·

1960 2777 2107 2811 -cum
2125 2761 2284 2814 affert
2303 2764 2638 2818 eDeclamm.
2654 2768 2823 2835 Quint.
2841 2762 2939 2826 350,

1983 2857 2039 2910 p.
2069 2840 2181 2911 Rip.
2212 2840 2345 2910 344,
2375 2861 2533 2915 quem
2562 2846 2831 2898 manifesto
2852 2858 2940 2893 enr-

1983 2930 2199 2989 ruptum
2235 2925 2443 2993 egreffl'e
2479 2937 2533 2977 et
2566 2926 2690 2997 ipso
2720 2922 2940 2978 Gronovio

1983 2996 2171 3048 melius
2211 3003 2442 3072 corrigit.
2484 3004 2572 3057 sic
2613 3006 2753 3057 enin
2788 3000 2942 3054 comti-

1984 3076 2112 3128 tuit:
2146 3098 2170 3122 ιι
2189 3090 2250 3128 ut
2266 3082 2465 3151 petitor
2486 3082 2745 3135 excidisse
2763 3075 2942 3133 fon-md·

1990 3176 2013 3201 σι
2034 3169 2087 3208 et
2127 3156 2295 3226 aliter,
2333 3179 2491 3232 quam
2532 3165 2796 3236 potuerit,
2826 3175 2941 3229 agere

1989 3255 2012 3279 α
2031 3232 2253 3290 dicatur.
2277 3262 2299 3285 ιι
2324 3241 2553 3294 Maxime
2572 3240 2682 3296 hue
2700 3237 2943 3293 fecitlnsti-

1982 3316 2209 3381 tntt.IV‚
2230 3318 2307 3368 tit.
2328 3316 2382 3384 6,
2404 3319 2447 3390 ς.
2466 3320 2564 3374 32:
2589 3345 2615 3370 ι
2634 3324 2942 3395 Siquisassem

1989 3413 2012 3438 u
2031 3394 2323 3449 intentione
2369 3416 2465 3451 sua
2509 3401 2636 3473 plus
2682 3400 2941 3472 complent*

1988 3494 2010 3516 u
2030 3473 2201 3525 fuerat
2230 3494 2386 3546 quam
2417 3479 2485 3532 ad
2512 3499 2638 3534 eum
2660 3479 2943 3554 pertinebssv

1990 3574 2013 3598 ι
2032 3569 2192 3605 causa
2221 3554 2478 3625 cadebat,
2504 3559 2561 3612 id
2590 3575 2673 3614 est
2699 3580 2804 3613 rem
2827 3559 2943 3612 amit·

1988 3651 2011 3675 ι
2033 3630 2203 3699 nebat,
2220 3653 2321 3688 nec
2341 3636 2498 3690 facile
2519 3641 2576 3690 in
2599 3642 2853 3712 integrum
2868 3653 2945 3688 ret·

1988 3729 2011 3753 ι
2029 3710 2319 3765 timebatur
2343 3734 2376 3767 a
2400 3731 2628 3788 pratove
2643 3756 2662 3786 ‚
2689 3722 2789 3772 nisi
2810 3719 2945 3769 minor

1987 3808 2011 3832 α
2031 3801 2143 3840 erat
2165 3795 2316 3844 annis
2342 3794 2426 3847 25.
2449 3819 2473 3844 ι

2050 3865 2102 3918 6.
2123 3870 2280 3923 Hoe...
2300 3876 2617 3945 quoestiones.
2635 3876 2769 3930 Vide
2789 3895 2867 3929 eas
2883 3877 2944 3945 ip-

1979 3963 2065 3999 sas
2087 3950 2232 4021 apud
2248 3953 2416 4006 Cicer.
2436 3954 2504 4008 de
2526 3958 2817 4012 Invention-
2838 3959 2879 4020 1,
2896 3956 2941 4014 ὃς

1952 4027 2103 4080 -item
2127 4028 2169 4100 §.
2198 4029 2283 4085 52.

2050 4130 2098 4183 7.
2143 4110 2560 4184 Transferatur.
2604 4118 2725 4170 Hoc
2762 4115 2943 4170 verbu!

1979 4195 2227 4246 omittunt
2248 4193 2310 4246 R.
2343 4210 2365 4248 1
2395 4208 2448 4247 et
2468 4196 2629 4250 cine.
2653 4195 2809 4250 Male.
2832 4196 2907 4248 En-
