3200 5150
652 491 1302 561 INSTITUTIONIS
1335 489 1589 557 ORAT.
1630 490 1789 555 LIB.
1829 488 1957 570 ΙΙΙ,
2000 494 2060 572 4.

2268 494 2393 579 4²7

317 617 451 690 alio
472 631 491 663 ¹
522 615 994 689 concionalem
1021 642 1147 714 pro
1186 613 1625 687 deliberativa
1655 611 1992 711 appellat,
2029 611 2159 684 hac
2187 612 2399 711 parti-

315 733 501 805 tione
535 732 839 804 contenti
868 732 1175 804 fuerunt.
1200 734 1472 802 Verum
1500 749 1568 802 et
1593 750 1744 800 tum
1774 728 2012 801 leviter
2042 748 2142 803 est
2172 748 2399 800 tenta·
2475 763 2504 798 2

315 867 506 936 tum,
544 875 708 921 cum
748 847 938 946 apud
982 849 1258 918 Graecos
1292 844 1668 943 quosdam,
1708 866 1865 915 tum
1901 842 2091 943 apud
2128 841 2404 915 Cicero-

313 988 479 1034 nem
497 975 525 1006 ²
554 962 626 1033 in
658 961 851 1034 libris
882 961 967 1033 de
997 962 1325 1050 Oratore,
1355 980 1422 1032 et
1449 959 1977 1061 nuncnmaximo
2002 979 2403 1057 temporum

315 1096 709 1148 nostrorum
751 1074 1073 1148 auctore-’⁹
1118 1103 1334 1177 prope
1376 1072 1838 1175 impulsumls,
1880 1095 1958 1147 ut
1998 1100 2142 1146 non
2190 1070 2404 1144 modo

314 1299 474 1352 quam
513 1300 580 1334 ne
616 1280 720 1332 hoc
759 1279 971 1352 quidem
1012 1274 1143 1331 mi
1177 1276 1319 1331 σίδαι

307 1361 530 1421 yertitur
541 1378 639 1431 per
652 1358 971 1411 concionale.
992 1360 1057 1410 Et
1076 1358 1180 1410 hoc
1200 1378 1320 1431 pro-

310 1457 380 1511 pe
399 1437 661 1491 vocabulo
681 1434 1012 1509 (διιμιιγορικὸν
1033 1440 1174 1493 enim
1192 1439 1321 1493 dicit

316 1530 370 1569 et
397 1516 707 1588 δημηγορίαν)
735 1519 899 1568 ιιιιιιιι·
921 1519 1035 1589 ipse
1058 1520 1319 1570 Aristote-

315 1592 425 1661 les,
457 1593 609 1647 Rhet.
645 1597 699 1661 1,
739 1613 795 1661 ι,
835 1598 1058 1663 1o;m‚
1099 1596 1198 1663 14,
1237 1614 1315 1648 ιι.

320 1634 590 1726 (micionis
613 1678 811 1727 mentio
835 1673 981 1746 apud
1002 1693 1126 1727 eum
1152 1676 1239 1741 fit,
1266 1678 1321 1743 1,

317 1751 383 1818 3,
417 1769 481 1817 2,
511 1752 603 1804 ubi
630 1753 924 1807 auditorem
962 1756 1184 1845 oratoris
1212 1713 1336 1807 dis-

313 1832 484 1902 pescit
506 1833 561 1882 in
585 1828 758 1900 δωρον
783 1847 834 1884 et
849 1851 1038 1900 πρωτην,
1063 1852 1212 1901 ιρηιον
1236 1851 1326 1883 au-

318 1922 426 1962 tem
449 1910 504 1961 in
528 1909 855 1964 ιιιιλιισιιστιῗν
880 1924 932 1963 et
955 1906 1194 1969 eaumiv.
1219 1911 1327 1963 Cu-

321 1993 410 2060 jus
430 1988 535 2039 loci
552 1991 597 2040 si
615 2008 816 2042 memor
831 1991 930 2041 fuit
944 1991 1150 2059 Quint.,
1165 2006 1329 2059 quum

321 2064 435 2117 haec
478 2066 729 2120 scriberet
749 2106 765 2134 ,
804 2068 969 2140 paulo
1011 2068 1133 2140 plue
1171 2086 1330 2138 quam

322 2144 550 2198 debebat
565 2146 688 2199 inde
702 2147 916 2217 collegit
928 2186 945 2214 ,
959 2149 1212 2200 memoria
1227 2146 1334 2199 fal-r

323 2221 491 2287 lente;
517 2224 664 2295 quod
691 2224 939 2297 equidem
958 2228 1122 2277 miror
1143 2226 1199 2277 in
1222 2234 1332 2277 tam

326 2302 574 2374 diligente
596 2307 891 2358 Aristotelis
915 2305 1131 2358 lectore.

401 2398 445 2434 ι.
467 2382 694 2436 Tantum
717 2383 840 2436 alio.
860 2384 1037 2438 Guelf.
1060 2397 1236 2437 tamen
1256 2383 1327 2435 al.

327 2479 450 2512 cum
469 2460 629 2514 Goth.
654 2476 706 2514 et
721 2466 874 2515 Voss·
907 2482 934 2516 2
949 2502 965 2530 ,
986 2464 1132 2536 quod
1148 2482 1331 2517 verum

323 2554 475 2613 puto.
511 2541 643 2595 Edd.
681 2541 893 2614 quidem
927 2561 1111 2596 omnes
1144 2560 1332 2615 recep-

326 2635 449 2671 tam.
476 2623 920 2693 Frequentiesima
947 2623 1191 2676 confusio
1208 2661 1225 2689 ,
1254 2625 1331 2690 Π,

337 2697 397 2751 15
413 2736 431 2764 ,
461 2698 539 2765 14.

404 2796 450 2830 2.
472 2778 632 2849 Apud
649 2780 958 2833 Ciceronem.
975 2783 1151 2834 Locus
1168 2793 1246 2833 eet
1260 2784 1333 2847 Π,

337 2873 399 2908 ιο
419 2875 532 2927 seq.
548 2894 566 2921 ,
590 2857 681 2908 ubi
703 2860 997 2925 Antonius,
1021 2862 1065 2912 si
1089 2862 1205 2931 quis
1226 2857 1337 2911 lau-

326 2935 491 2987 dandi
526 2937 686 2987 faciat
719 2939 994 3009 proprium
1025 2957 1193 3009 genus
1226 2937 1335 3008 (sic

330 3016 496 3080 enim,
515 3013 974 3067 demonstrativum
986 3054 1003 3080 ‚
1024 3016 1231 3069 solebat
1246 3035 1336 3088 ap-

330 3091 562 3165 pellari),
584 3107 926 3164 quotcunque
949 3093 1161 3146 dicendi
1185 3112 1336 3146 occa·

331 3174 507 3225 siones
531 3173 788 3238 existant,
816 3186 930 3236 tot,
951 3175 1057 3237 ait,
1083 3174 1337 3225 constitui

331 3269 523 3322 genera
560 3250 890 3321 eloquentia.
920 3250 1054 3303 Vide
1090 3254 1205 3322 ejus
1240 3250 1331 3303 lib.

332 3350 380 3382 c.
406 3332 440 3384 8
457 3369 473 3398 ,
506 3331 573 3398 4,
595 3332 707 3383 ιιιιι.
739 3334 816 3384 Eo
846 3330 1014 3382 tendit
1041 3332 1199 3400 igitur
1223 3329 1334 3383 haec

330 3427 583 3479 generum
596 3408 840 3461 simulata
855 3408 1242 3481 multiplicatio,
1258 3422 1337 3476 ut,

333 3501 521 3559 praeter
555 3487 942 3541 deliberativum
975 3501 1028 3540 et
1045 3487 1334 3561 judiciale,

337 3564 503 3616 ullum
549 3566 691 3619 aliud
737 3586 851 3620 esee
891 3566 1077 3636 genue'
1099 3579 1336 3637 negetur.

340 3643 632 3696 Graecorum
654 3644 883 3716 aliquot,
906 3648 996 3717 qui
1015 3646 1202 3699 similia
1220 3665 1338 3699 sen-

337 3722 526 3788 serint,
549 3724 662 3794 ipse
683 3742 805 3777 mox
827 3725 1136 3777 recensebit.

309 3849 318 3864 ,
410 3800 460 3853 3.
481 3801 718 3852 Maximo
740 3813 1026 3872 temporum
1048 3814 1338 3855 nostrorum

338 3889 560 3932 auctore.
577 3878 800 3931 Plinium
811 3916 829 3945 ,
845 3883 1053 3952 opinor,
1070 3881 1341 3953 iutelligit,

341 3959 432 4029 qui
443 3996 459 4022 ‚
475 3970 533 4008 ut
549 3958 620 4008 ait
633 3955 831 4008 Plinius
844 3958 1025 4028 junior
1043 3960 1098 4010 in
1117 3959 1340 4031 epistola

340 4035 587 4108 quadam,
598 4054 688 4088 sex
701 4035 864 4088 libros
879 4036 1237 4090 studiosorum
1248 4038 1343 4091 ho-

343 4115 428 4168 die
448 4113 777 4187 deperditos,
796 4117 852 4167 in
870 4114 1061 4187 quibus
1082 4131 1343 4171 oratorem

342 4195 676 4249 informabat.
696 4197 859 4248 Tuan.

1477 1279 1528 1346 4.
1554 1278 1867 1351 Impulsum.
1893 1278 2213 1349 Significatio
2231 1275 2408 1343 verbi,

1409 1377 1572 1430 quum
1596 1360 1880 1430 praesertim
1904 1369 2208 1430 opponatur
2235 1376 2258 1400 ο
2279 1352 2417 1405 Ievi-·

1415 1457 1437 1483 ιι
1456 1448 1535 1488 ter
1549 1447 1804 1489 tentatum
1823 1460 1845 1483 η
1862 1473 1880 1500 ‚
1898 1436 2192 1487 manifesta.
2211 1431 2412 1504 Impul—

1407 1534 1521 1568 sum
1542 1528 1650 1579 est,
1667 1513 1811 1585 quod
1831 1531 1994 1584 quum
2011 1513 2338 1565 vehementia
2360 1524 2413 1562 et

1409 1598 1620 1648 nemine
1637 1599 1748 1668 jam
1771 1596 2044 1646 resistente
2066 1591 2415 1665 persuadetur

1407 1673 1754 1739 hominibus,
1803 1672 1945 1725 unde
1994 1687 2175 1724 natum
2224 1683 2414 1723 nostru

1409 1754 1555 1805 vocis
1579 1756 2133 1825 interpretamentum,
2162 1767 2414 1820 *persua-

1419 1851 1617 1885 ιιηςιιηι
1633 1831 1825 1902 ,quod
1857 1830 1924 1883 ab
1959 1828 2130 1895 Aldo,
2164 1846 2263 1900 pro
2297 1845 2415 1877 οιιι-

1412 1914 1562 1964 ιιιιιιιι
1588 1911 1845 1963 librorum
1871 1911 2190 1981 scriptura«
2210 1908 2381 1978 impu·
2394 1940 2416 1972 ,

1415 2004 1691 2062 receptum
1725 1992 1902 2042 miror.
1946 1986 2198 2058 Exemplo
2241 2000 2418 2038 tamen

1417 2069 1552 2135 alio,
1585 2069 1677 2121 ubi
1713 2069 1892 2141 opinio
1925 2067 2133 2138 aliqua,
2164 2064 2247 2117 vel
2284 2064 2417 2116 adeo

1418 2150 1474 2200 in
1490 2166 1682 2219 genere
1702 2166 1801 2212 res,
1822 2147 2028 2199 dicatur
2044 2147 2271 2217 primum
2295 2143 2420 2195 levi·

1421 2236 1498 2277 ter
1522 2226 1739 2291 tentari,
1774 2184 1965 2277 deinde
1996 2221 2228 2296 impelli,
2257 2221 2422 2274 desti-

1421 2318 1570 2368 tuor;
1588 2323 1748 2376 quare
1764 2323 1861 2355 nec
1877 2315 2020 2355 certo
2037 2301 2393 2354 demonstrem
2403 2338 2423 2367 ,

1420 2383 1563 2436 unde
1613 2397 1798 2436 mutuo
1849 2396 2058 2455 sumpta
2112 2383 2181 2433 sit
2229 2382 2420 2450 imago.

1420 2466 1600 2533 Quum
1633 2465 1804 2533 agitur
1834 2463 1901 2514 de
1931 2463 2163 2534 pernicie
2195 2460 2423 2513 hominis

1420 2558 1513 2597 aut
1541 2544 1792 2609 civitatis,
1822 2541 2126 2595 tralatitium
2153 2542 2341 2607 etiam,
2365 2551 2426 2592 ut

1421 2623 1627 2676 dicatus
1645 2621 1927 2674 inclinatus
1945 2618 2173 2693 impelli,
2197 2619 2311 2672 scil.
2337 2638 2427 2671 ca-

1421 2720 1592 2755 surus.
1631 2700 1891 2771 Aliquid
1877 2720 1932 2752 in
1964 2718 2080 2752 eam
2114 2701 2428 2751 sententiam

1420 2779 1584 2833 habet
1609 2779 1761 2831 locus
1784 2780 2052 2831 Ciceronis
2074 2796 2173 2849 pro
2197 2776 2428 2843 Milone,

1422 2878 1469 2911 c.
1514 2858 1606 2910 13:
1648 2856 1903 2910 *Milonis
1936 2855 2275 2921 consulatue,
2303 2857 2426 2926 qui,

1431 2938 1590 2989 «vivo
1616 2935 1836 3002 Clodio,
1866 2934 2169 3007 labefactari
2190 2952 2299 2985 non
2322 2952 2425 3005 po-

1429 3037 1452 3062 ·
1467 3028 1622 3081 terat,
1632 3030 1843 3068 mortuo
1854 3015 2084 3086 denique
2095 3014 2282 3065 tentari
2289 3033 2428 3086 coep-

1429 3115 1452 3139 κ
1477 3106 1563 3145 tua
1588 3105 1684 3145 eet.
1707 3116 1731 3141 n
1758 3092 1863 3160 Sed
1885 3095 1941 3145 in
1962 3105 2146 3145 nostro
2170 3091 2291 3144 loco
2315 3102 2429 3144 ten-

1423 3170 1585 3224 tando
1624 3185 1677 3224 et
1713 3170 2027 3243 impellendo
2067 3188 2179 3223 non
2217 3169 2429 3241 quidem

1424 3250 1704 3303 destruitur
1750 3248 1948 3320 aliquid
1969 3288 1987 3316 ,
2037 3248 2131 3302 sed
2178 3248 2435 3302 extruitur

1427 3331 1612 3399 quasi,
1637 3326 1742 3380 hoc
1772 3341 1851 3381 est
1875 3340 2217 3380 asseveratur.
2252 3327 2427 3382 Simile

1427 3409 1582 3460 etiam
1598 3406 1743 3460 dicas
1756 3445 1774 3472 ,
1789 3405 1935 3478 quod
1947 3409 2003 3458 in
2014 3405 2288 3462 Thesauro
2301 3407 2429 3459 Gee-

1427 3505 1584 3540 nerus
1627 3488 1781 3539 affert
1824 3505 1889 3539 ex
1926 3489 2143 3540 Lucano
2183 3489 2252 3552 V,
2289 3486 2393 3539 330
2414 3507 2427 3537 :

1432 3588 1455 3612 α
1476 3565 1746 3638 impulsi...
1770 3567 1981 3637 praemia
2005 3565 2129 3617 belli
2150 3590 2173 3612 a
2202 3565 2295 3618 ubi
2327 3566 2429 3617 im-

1422 3644 1637 3717 pulsum
1684 3644 1874 3697 bellum
1916 3644 2143 3717 explicat
2176 3644 2430 3716 profliga-

1428 3734 1558 3775 tum.
1588 3726 1642 3777 Si
1664 3742 1839 3775 veram
1862 3723 2146 3776 locutionis
2175 3724 2431 3791 originem

1426 3803 1810 3870 demonstravi,
1833 3804 2013 3871 Quint.
2044 3800 2177 3854 nihil
2204 3799 2349 3853 aliud
2375 3803 2429 3853 in

1427 3903 1489 3936 ea
1510 3885 1797 3956 spectavit,
1819 3884 1921 3933 nisi
1940 3880 2118 3932 timide
2134 3880 2362 3931 conandi
2376 3893 2432 3932 et

1430 3962 1755 4014 vehementer
1768 3957 2070 4033 perficiendi
2091 3958 2432 4028 significatio-
2514 3973 2523 3982 ²

1430 4059 1580 4106 nem,
1612 4040 1771 4111 plane
1805 4039 2080 4092 obliterata
2108 4040 2270 4091 ruinte
2300 4041 2433 4092 ima-

1429 4120 1567 4188 gine.
1592 4117 1755 4186 Quod
1778 4117 1846 4170 ad
1871 4140 1894 4164 ο
1914 4118 2278 4170 maximum....
2305 4137 2432 4170 auc-

1438 4219 1461 4243 ·
1483 4207 1641 4249 torem
1662 4220 1684 4246 a
1715 4198 1930 4265 attinet,
1960 4196 2091 4250 mihi
2120 4197 2430 4260 Turnebus»,
