3200 5150
749 460 879 537 232

1311 466 1406 534 M.
1445 462 1675 532 FABn
1717 427 2326 551 QUINTlmANt‘

638 613 707 667 33
747 593 1066 692 assignat.
1093 591 1214 665 Est
1235 590 1442 664 etiam
1468 618 1614 663 non
1640 591 1981 663 inerudite
2005 590 2094 662 ad
2120 587 2667 662 declamandum
2691 588 2853 661 ficta

746 707 1036 781 materia
1054 766 1072 799 ,
1101 709 1174 778 in
1201 734 1339 807 qua
1373 707 1656 807 ponitur
1688 706 1944 778 tibicen
1966 719 2016 793 ¹,
2043 706 2165 804 qui
2194 703 2604 776 sacrificanti
2635 703 2857 801 Phry-

747 824 945 922 gium
963 837 990 868 ²
1019 823 1360 895 cecinerat
1378 880 1396 912 ,
1423 844 1572 895 acto
1597 821 1718 893 illo
1748 821 1819 892 in
1854 820 2196 891 insaniam
2232 840 2299 891 et
2326 846 2451 918 per
2479 817 2856 917 praecipitia

747 938 1012 1027 delato,
1057 938 1403 1026 accusari,
1434 937 1628 1036 quod
1669 964 1875 1009 causa
1916 936 2153 1007 mortis
2196 933 2563 1023 exstiterit3
2599 959 2754 1031 quae
2798 929 2857 1003 si

745 1054 885 1127 dici
919 1056 1126 1128 debet
1158 1056 1247 1127 ab
1284 1077 1587 1146 oratore,
1622 1080 1751 1125 nec
1787 1054 1922 1125 dici
1958 1052 2125 1125 citra
2160 1051 2522 1124 scientiam
2558 1049 2855 1122 musices

744 1192 999 1269 potest,
1026 1171 1385 1270 quomodo
1413 1198 1556 1242 non
1577 1228 1596 1260 ,
1627 1171 1810 1241 hanc
1841 1194 2125 1267 quoque
2155 1188 2371 1238 artem
2399 1163 2855 1236 necessariam

637 1310 708 1377 34
748 1313 890 1358 esse
913 1285 1103 1384 operi
1123 1307 1355 1357 nostro
1370 1341 1391 1373 ‚
1411 1284 1519 1357 vel
1544 1283 1767 1382 iniqui
1789 1278 2306 1354 consentiant3?
2330 1282 2411 1351 In
2436 1276 2857 1377 qeometria4

744 1421 1015 1499 partem
1061 1401 1361 1471 fatentur
1401 1426 1545 1471 esse
1591 1398 1835 1471 utilem
1880 1398 2133 1469 teneris
2172 1395 2526 1481 aetatibus;
2563 1388 2854 1493 agitari⁵

745 1542 1059 1612 namque
1080 1515 1390 1601 animos}
1413 1534 1621 1611 atque
1646 1513 1801 1585 acui
1830 1511 2145 1610 ingenia,
2171 1531 2237 1583 et
2262 1508 2681 1583 celeritatem
2704 1535 2861 1606 per-

747 1628 1054 1728 cipiendi
1101 1628 1335 1700 venire
1383 1628 1589 1718 inde,
1638 1627 2071 1701 concedunt:
2122 1626 2243 1698 sed
2287 1625 2608 1724 prodesse
2661 1650 2858 1712 eam,
2910 1715 2921 1734 ἱ

747 1772 894 1818 non
926 1765 1004 1816 ut
1042 1766 1314 1817 caeteras
1352 1767 1564 1834 arteS,
1606 1773 1831 1844 quum
1874 1765 2211 1843 perceptae
2253 1741 2426 1832 sint,
2470 1740 2591 1812 sed
2630 1767 2855 1839 quum

641 1889 709 1943 35
749 1860 1073 1951 discatur,
1109 1860 1539 1933 existimant:
1576 1887 1659 1933 ea
1690 1858 2035 1959 vulgaris⁶
2071 1857 2311 1957 opinio
2354 1877 2472 1929 est.
2518 1858 2665 1928 Nec
2708 1854 2857 1928 sine

755 2069 778 2095 ι
798 2046 1036 2099 allectat-i
1051 2085 1069 2111 ‚
1102 2064 1209 2119 quo
1241 2046 1490 2100 libentius
1521 2036 1752 2099 biham»

747 2139 812 2177 ‘ut
835 2126 894 2176 fit
917 2125 1182 2176 allectatio
1202 2126 1463 2177 cantilena
1486 2124 1552 2177 ad
1570 2144 1758 2195 sugen-

750 2205 880 2257 dum
904 2208 1129 2257 invitans
1154 2207 1424 2258 infantem.
1444 2234 1518 2246 --
1535 2205 1764 2256 Adhibe-

749 2294 854 2336 tur.
893 2284 1062 2336 Codd.
1097 2287 1204 2341 BR.
1243 2300 1298 2349 ι,
1330 2302 1393 2349 2,
1423 2285 1488 2349 3,
1517 2286 1677 2336 Cam.
1710 2297 1762 2335 et

750 2364 835 2417 ed.
877 2364 1040 2415 Hack.
1083 2364 1408 2417 adhibentur.
1432 2392 1508 2402 --
1528 2362 1762 2414 Allectu-

751 2443 902 2494 tioni.
947 2444 1108 2494 Iidem
1152 2442 1375 2494 Codices
1417 2441 1762 2494 allactationi.

752 2525 915 2577 Canta.
931 2561 946 2584 .,
970 2518 1253 2574 allectioni.
1279 2524 1370 2573 Eu.
1527 2534 1534 2539 ·

834 2620 876 2654 ι.
913 2603 1179 2656 Tibicen...
1209 2603 1454 2655 accusari.
1484 2605 1629 2668 Etsi,
1658 2603 1763 2655 Co-

752 2682 872 2735 dice
895 2682 1044 2733 nullo
1065 2683 1369 2750 addicente,
1389 2702 1554 2734 unum
1571 2682 1765 2734 Aldum

757 2762 909 2831 sequi
933 2760 1116 2830 religio
1141 2763 1272 2827 fuit,
1299 2781 1400 2834 pro
1425 2762 1607 2812 tibicen
1633 2760 1767 2812 dan-

756 2854 864 2892 tem
904 2839 1191 2903 tibicinem,
1232 2844 1550 2892 verissimam
1589 2853 1767 2890 tamen

759 2932 811 2971 et
849 2922 1200 2971 necessariam
1231 2920 1390 2971 credo
1423 2919 1565 2971 hanc
1595 2931 1766 2969 muta-

757 3001 960 3049 tionem
983 3020 994 3048 :
1025 3000 1224 3049 Ponere
1247 2998 1464 3050 verbum
1491 3010 1570 3049 est
1592 2997 1768 3067 legiti-

754 3093 904 3128 mum
927 3079 982 3128 in
1002 3076 1323 3129 thematibus
1342 3077 1634 3143 rhetorum,
1654 3076 1767 3142 ubi,

755 3149 1181 3228 impersonaliter
1204 3174 1458 3227 usurpare
1481 3156 1677 3209 debere
1701 3156 1767 3206 il-

757 3233 881 3299 lud,
907 3246 1153 3305 apparet;
1179 3233 1302 3286 licet
1324 3234 1517 3285 dicitur
1530 3237 1770 3286 nomina-

755 3315 924 3364 tivum
954 3312 1053 3363 sibi
1082 3325 1220 3364 esset
1241 3316 1565 3384 junctarum.
1597 3316 1694 3365 Hic
1723 3316 1769 3366 si

755 3394 1143 3444 nominativum
1171 3391 1350 3442 tibicen
1376 3395 1594 3452 retines..
1616 3411 1769 3462 coge·

757 3473 830 3523 ris
865 3471 1116 3544 deinceps
1147 3485 1247 3542 pro
1279 3472 1507 3522 accusari
1539 3472 1767 3524 scribere

757 3562 1055 3616 accusatus,
1081 3554 1254 3604 minus
1285 3552 1392 3603 leni
1420 3554 1765 3603 correctione.

836 3652 883 3685 2.
932 3629 1238 3704 Phryqium.
1283 3632 1534 3704 Phrygius
1577 3630 1768 3683 modus

762 3732 922 3785 quam
941 3711 1226 3765 vehemens
1248 3726 1411 3778 esset,
1437 3710 1599 3762 modo
1619 3710 1769 3763 intel·

759 3791 982 3843 Ieximus
1026 3794 1082 3842 in
1128 3793 1428 3843 narratione
1474 3789 1763 3841 lamblichi.

758 3870 1042 3924 Adhibitus
1057 3874 1286 3943 primum
1300 3871 1400 3920 fuit
1411 3867 1500 3920 hic
1520 3869 1767 3922 tibiarum

758 3964 1052 4002 concentus
1089 3952 1143 4001 in
1182 3949 1567 4002 enthusiasticis
1606 3951 1767 4001 sacris

758 4031 937 4080 matris
971 4029 1203 4102 Phrygia&
1218 4068 1234 4096 ‚
1270 4046 1362 4081 seu
1393 4028 1763 4102 Berecynthiae.

733 4106 1026 4166 „Lucianus
1055 4110 1109 4159 in
1137 4108 1491 4175 Harmonide‚
1514 4107 1618 4159 vol.
1650 4109 1762 4180 Bip.

759 4185 849 4250 lv,
889 4205 945 4258 p.
996 4186 1111 4257 ¹37²
1153 4202 1410 4241 memorat
1447 4188 1529 4245 τὶἶς
1565 4187 1766 4258 Φρυγίου

1847 2046 1872 2118 (
1890 2044 2144 2117 ἁρμονίαις)
2170 2039 2229 2096 ‘ro'
2255 2042 2412 2098 ἔνθεον.
2440 2042 2587 2095 Idem
2610 2042 2675 2093 dc
2699 2040 2863 2094 salta-

1850 2128 2018 2189 tione,
2053 2125 2157 2177 vol.
2193 2130 2261 2190 V,
2301 2145 2356 2197 p.
2403 2124 2530 2190 144ε
2568 2141 2623 2174 το
2667 2117 2863 2191 opum

1848 2206 1927 2261 cii:
1967 2200 2191 2271 ὄρχιῖσιυς
2234 2196 2382 2263 «feroc,
2416 2201 2470 2254 orb
2505 2201 2744 2270 σαροίνιον
2780 2222 2864 2253 m

1851 2282 2151 2349 συμποτικὸν,
2176 2302 2307 2348 ματα.
2292 2278 2467 2347 με’θις
2490 2277 2774 2348 γεγνᾶμινσν.
2792 2308 2861 2322 -

1851 2365 1931 2414 De
1973 2362 2146 2414 modis
2189 2363 2448 2427 musices,
2484 2360 2603 2413 vide
2645 2378 2861 2432 quoque

1851 2441 2161 2494 Athenaeum
2179 2479 2195 2507 ,
2219 2440 2253 2492 l.
2281 2442 2419 2492 xlv.
2442 2442 2534 2491 En.

1923 2523 1972 2574 3.
1996 2522 2344 2574 Consentiunt.
2357 2519 2529 2573 Guelf.
2543 2520 2866 2573 'consentient

1852 2619 1972 2652 cum
2007 2601 2166 2654 Goth.
2203 2600 2336 2672 (tac.
2368 2600 2565 2670 Gesn.)
2597 2613 2651 2651 et
2682 2599 2861 2651 multis

1854 2679 2024 2732 codd.
2050 2680 2225 2732 Placet
2248 2698 2415 2752 paene.
2439 2707 2513 2719 -
2535 2681 2594 2731 R.
2630 2696 2676 2744 ι,
2702 2697 2766 2744 2,
2794 2677 2863 2744 5,

1855 2759 2018 2812 Cam».
2036 2798 2054 2824 ,
2076 2759 2399 2811 consentient

1927 2837 1978 2905 4.
2012 2839 2079 2888 In
2109 2839 2406 2911 geometria.
2447 2839 2509 2888 ln
2542 2835 2647 2888 hac
2676 2836 2863 2907 capitis

1854 2930 2037 2990 parte,
2065 2916 2259 2969 Fabius
2286 2918 2481 2970 refutat
2510 2914 2861 2988 quorumdam

1857 2990 2190 3068 opinionem,
2208 2999 2301 3067 qui
2312 2996 2647 3069 geometriam
2666 2996 2863 3046 oratori

1856 3078 2206 3127 necessariam
2230 3073 2525 3144 negabant5
2546 3091 2707 3145 porro
2730 3091 2865 3142 geo-

1858 3156 2051 3206 metriae
2075 3156 2293 3205 nomine
2309 3166 2420 3205 tres
2443 3154 2688 3205 scientias
2714 3171 2864 3203 com·

1856 3233 2123 3305 plectitur,
2147 3233 2477 3307 astrologiam
2492 3272 2508 3298 ‚
2533 3235 2641 3286 sive
2662 3232 2866 3304 sphoeri-

1857 3331 1972 3364 cam
1982 3353 2000 3379 ,
2027 3312 2433 3376 arithmeticam,
2456 3326 2510 3363 et
2526 3314 2743 3384 proprie
2760 3310 2867 3363 ‹lic-

1857 3406 1963 3444 tam
1976 3394 2330 3467 qeometn'am,
2349 3411 2464 3464 quae
2478 3406 2715 3443 versatur
2726 3393 2865 3443 circa

1856 3474 2145 3526 formarum
2168 3472 2569 3527 delineationes.
2589 3473 2753 3524 Tuan.

1929 3552 1978 3604 5.
2006 3553 2224 3625 Aqitari.
2245 3551 2379 3605 Vide
2406 3566 2589 3604 notam
2620 3550 2687 3603 ad
2714 3553 2768 3618 1,
2800 3551 2864 3618 8,

1866 3631 1926 3699 14
1943 3671 1959 3697 ‚
1980 3633 2283 3683 memoriam
2308 3633 2484 3705 agitet.

1929 3712 1979 3764 6.
2006 3713 2087 3763 Ea
2113 3710 2252 3784 vulq.
2278 3712 2452 3764 Guelf.
2480 3726 2532 3765 et
2549 3711 2711 3765 Goth.
2735 3710 2861 3784 (tac.

1856 3792 2053 3861 Gesn.)
2082 3791 2136 3842 id
2160 3791 2300 3865 only.
2327 3809 2449 3842 cum
2475 3792 2719 3845 omnibus
2750 3793 2862 3845 fere

1857 3871 2026 3924 codd.
2053 3884 2107 3923 et
2129 3869 2248 3922 edd.
2275 3883 2397 3923 vett.
2424 3871 2565 3923 Male
2588 3890 2743 3934 sane;
2767 3874 2863 3923 etsi

1857 3953 2048 4020 Regius
2094 3952 2254 4012 ctiam
2295 3949 2669 4020 elegantiorem
2707 3962 2861 4022 putat

1856 4047 2013 4081 usum
2036 4032 2274 4081 neutrius
2300 4048 2459 4102 quam
2482 4030 2719 4082 feramini
2741 4028 2796 4081 h.
2822 4027 2859 4080 l.

1856 4108 1960 4162 Sed
1981 4109 2138 4161 velim
2160 4109 2361 4162 discere
2375 4148 2393 4175 ‚
2418 4109 2565 4162 unde
2584 4112 2651 4161 sit
2678 4127 2867 4179 recep—

1855 4199 1933 4242 ta.
1951 4215 2016 4230 —
2031 4189 2094 4243 R.
2119 4206 2167 4258 i,
2188 4206 2215 4243 2
2229 4226 2247 4257 ‚
2270 4203 2322 4244 et
2340 4188 2522 4256 Cum,
2542 4187 2598 4241 id
2616 4186 2865 4260 vulgaris.
