3200 5150
826 499 955 580 444
1391 500 1486 563 M.
1523 499 1753 564 FABn
1788 498 2343 583 QUINTILIAM

821 618 1142 710 hoc,‘An
1168 626 1311 695 seni
1343 622 1703 694 ducenda?
1738 621 1916 694 illud
1936 680 1955 713 ,
1985 622 2110 693 An
2126 621 2389 720 fortis?
2423 620 2594 710 hoc,
2623 622 2740 692 An
2753 621 2927 719 sor-

727 761 787 814 17
824 734 1000 806 tior?
1029 756 1097 808 et
1122 735 1393 808 similia.
1426 722 1731 809 Causam
1762 736 1917 809 finit
1938 737 2431 835 Apollodoru5‚
2465 756 2544 808 ut
2575 734 2922 833 interpre-

817 848 1074 922 tatione
1099 851 1329 949 Valgii
1352 866 1369 895 ¹
1410 850 1731 950 discipuli
1763 851 1914 953 ejus
1946 873 2122 941 utar,
2161 853 2286 925 ita:
2319 854 2545 925 Causa
2581 868 2677 925 est
2696 876 2921 948 neqo-

821 968 990 1035 tium
1034 967 1351 1039 omnibus
1388 972 1522 1039 suis
1557 967 1868 1066 partibus
1906 983 2214 1065 spectans
2260 968 2357 1038 ad
2389 971 2876 1067 quaestionem²
2890 994 2920 1048 ,-

817 1101 977 1167 aut,
1015 1082 1236 1154 Causa
1269 1098 1364 1153 est
1395 1088 1784 1180 neqotium,
1820 1086 2012 1182 cujus
2034 1081 2257 1183 finis³
2297 1099 2392 1155 est
2428 1085 2914 1154 controversia.

815 1196 1059 1294 Ipsum
1086 1195 1338 1267 deinde
1361 1198 1727 1295 negotium
1761 1198 1855 1270 sic
1886 1197 2072 1271 finit:
2105 1201 2491 1296 Neqotium’
2512 1212 2605 1269 est
2629 1220 2923 1292 conqre-

815 1314 1004 1406 yatio
1022 1334 1509 1408 personarum,
1539 1311 1881 1400 locorum,
1913 1294 2327 1413 temporum,
2355 1336 2752 1393 causarum,
2779 1334 2921 1380 mo-

816 1425 1103 1510 dorum,
1151 1451 1434 1499 casuum
1458 1482 1480 1515 ,
1513 1428 1878 1526 sactorum
1900 1483 1923 1515 ,
1972 1433 2613 1512 instrumentorum,
2662 1449 2921 1496 sermo-

815 1564 1017 1626 num,
1047 1546 1491 1638 scriptorum,
1522 1559 1588 1621 et
1615 1569 1754 1623 non
1784 1547 2216 1643 scriptorum.
2254 1544 2553 1615 Causam
2585 1566 2778 1610 nunc
2812 1537 2924 1610 in-

808 1825 900 1875 ric.
954 1838 1007 1877 et
1053 1824 1173 1878 edd.
1223 1841 1344 1880 ante
1390 1828 1621 1901 Gryph.,
1670 1824 1816 1897 quod

807 1906 1006 1973 sciam,
1044 1905 1329 1973 omnibus,
1369 1907 1568 1980 Gryph.
1612 1908 1815 1979 primus

806 1981 952 2034 dedit
969 1983 1144 2049 aliud,
1164 1986 1309 2057 quod
1328 1989 1649 2038 recentiores
1670 2004 1816 2036 secu-

808 2063 846 2112 ti
875 2075 997 2113 sunt
1029 2082 1229 2117 omnes.
1264 2064 1367 2119 Sed
1398 2065 1468 2117 ad
1499 2064 1705 2138 aliquid
1737 2076 1816 2116 est

805 2138 1034 2211 legitima
1049 2142 1104 2197 in
1118 2141 1220 2195 hac
1240 2162 1295 2195 re
1313 2139 1516 2196 locutio
1528 2182 1546 2209 ,
1567 2160 1811 2215 expressa

806 2239 835 2271 e
867 2238 1037 2290 graeco
1069 2223 1382 2277 Aristotelis.
1413 2223 1547 2277 Vide
1574 2225 1623 2292 S.
1656 2225 1725 2286 8;
1753 2226 1809 2275 it.

805 2302 903 2367 111,
928 2299 996 2366 6,
1023 2301 1115 2367 24;
1143 2305 1195 2370 1,
1223 2303 1285 2369 6,
1316 2305 1395 2356 13.
1425 2334 1497 2344 —
1524 2305 1633 2356 RR.
1666 2319 1720 2369 1,
1745 2304 1811 2368 3,

806 2379 870 2445 4,
903 2382 1064 2433 Cane,
1103 2383 1174 2432 ad
1198 2382 1420 2456 aliquid.
1454 2386 1561 2437 RR.
1596 2401 1660 2450 2,
1691 2383 1722 2435 3
1761 2396 1814 2435 et

803 2459 921 2510 Car.
949 2459 1020 2510 ad
1042 2458 1205 2512 aliud.
1232 2464 1325 2513 En.

807 2591 826 2598 ἡ
883 2554 900 2589 1
914 2577 926 2589 .
942 2538 997 2591 V
992 2536 1135 2611 alqii.
1148 2540 1324 2594 Guelf.
1342 2541 1396 2595 V
1388 2539 1499 2613 alqi
1513 2560 1637 2593 cum
1650 2541 1809 2596 Goth.

803 2620 937 2687 (tac.
964 2619 1159 2690 Gesn.)
1180 2621 1323 2673 Jens.
1350 2624 1546 2674 Tarvis.
1577 2621 1698 2675 Ald.
1728 2626 1814 2677 An

802 2699 939 2754 forte
965 2700 1039 2750 sic
1064 2698 1212 2752 dedit
1232 2701 1415 2769 Quint.
1430 2703 1454 2752 ἰ’
1476 2714 1535 2753 ut
1561 2703 1617 2753 in
1639 2706 1813 2755 nomi-

804 2776 959 2829 nibus
999 2780 1227 2849 propriis
1269 2793 1503 2832 servatus
1543 2781 1703 2834 fuerit
1746 2801 1811 2834 eo

805 2867 1043 2926 tempore
1087 2875 1201 2910 mos
1237 2860 1592 2927 genitivorum
1628 2858 1696 2911 ab
1733 2860 1814 2913 ius

803 2947 856 2987 et
875 2936 986 2985 ium
1005 2936 1408 2990 scribendorum
1419 2976 1436 3006 ,
1452 2941 1617 3009 quiin
1631 2938 1813 3012 appel-

800 3013 971 3068 lativis
991 3015 1348 3081 obsoleverat3
1367 3016 1488 3069 vide
1508 3016 1575 3070 de
1595 3037 1661 3074 eo
1685 3021 1815 3071 Ben-

802 3094 908 3166 tlei.
936 3095 1004 3150 ad
1027 3097 1237 3149 Terent.
1264 3096 1428 3150 Andr.
1451 3100 1525 3165 Π,
1552 3114 1599 3162 1,
1623 3114 1707 3150 ao.
1723 3100 1812 3150 Vi·

800 3173 870 3225 de
897 3177 952 3240 1,
989 3192 1039 3245 7,
1074 3192 1169 3243 19,
1197 3174 1291 3228 ubi
1321 3175 1496 3229 Guelf.
1529 3175 1808 3227 lucain..

803 3252 861 3306 V
855 3252 999 3323 alfii.
1012 3252 1144 3305 Vide
1162 3255 1249 3321 111,
1279 3271 1325 3322 1,
1347 3255 1429 3321 18,
1446 3267 1500 3306 et
1517 3255 1630 3305 init.
1652 3268 1807 3306 note.

878 3348 926 3382 2.
978 3331 1302 3383 Omnibus....
1344 3332 1414 3384 ad
1454 3332 1806 3403 quaestionem.

801 3415 926 3465 Non
954 3411 1106 3464 valde
1138 3412 1280 3464 clara
1307 3411 1562 3464 definitio.
1598 3414 1660 3464 In
1690 3415 1810 3465 uui-

801 3509 1008 3542 versum
1031 3490 1137 3542 hoc
1161 3505 1409 3563 apparet,
1430 3491 1709 3561 significari
1730 3509 1813 3542 ne·

799 3572 1006 3645 gotium
1028 3573 1296 3626 incertum.
1319 3573 1508 3641 Neque
1532 3584 1709 3623 tamen
1731 3572 1810 3624 in-

743 3670 760 3711 ,-
805 3651 1011 3721 telligo,
1051 3670 1148 3702 cur
1179 3669 1291 3702 non
1326 3664 1376 3703 et
1412 3650 1470 3703 id
1500 3655 1809 3722 negotium,

805 3733 958 3802 cujus
999 3730 1175 3799 aliqua
1211 3748 1333 3800 pars
1377 3748 1484 3781 non
1520 3742 1709 3802 spectet
1741 3731 1812 3782 ad

801 3809 1140 3880 quaestionem
1159 3807 1224 3879 (i.
1250 3827 1297 3860 e.
1321 3821 1465 3860 certa
1489 3812 1581 3874 sit,
1603 3811 1812 3862 sirecte

805 3886 1144 3959 interpretor)
1166 3905 1318 3939 causa
1339 3889 1509 3959 possit
1536 3887 1807 3960 appellari.

806 3967 1002 4026 Saltem
1029 3968 1361 4040 quaestionem
1393 3967 1448 4018 h.
1483 3967 1517 4020 1.
1551 3986 1663 4022 non
1698 3987 1811 4022 esse

807 4066 907 4118 pro
938 4066 1107 4117 graeca
1133 4043 1295 4110 δίου,
1318 4067 1498 4124 verum
1531 4067 1631 4120 pro
1668 4046 1813 4116 Zm-

809 4145 897 4186 eu,
914 4122 1242 4189 ᾰμρισέισίσυ
1260 4146 1324 4179 ex
1343 4146 1407 4179 eo
1427 4127 1622 4198 colligo
1636 4166 1653 4196 ,
1665 4127 1812 4199 quod

806 4207 864 4258 in
875 4204 1036 4258 altera
1048 4205 1352 4260 definitione
1364 4221 1442 4260 est
1452 4208 1808 4278 controversia.

722 1691 738 1723 ι
751 1674 782 1726 8
812 1653 1232 1753 telligimusl*
1247 1668 1511 1743 ὑπόθεσιν,
1530 1663 1883 1757 neyotium
1900 1672 2219 1748 περίστασιν.
2237 1659 2375 1731 Sed
2388 1657 2613 1756 ipsam
2629 1680 2919 1726 causam

1976 1828 2025 1880 3.
2057 1828 2215 1882 Finis.
2235 1828 2356 1898 Quo
2383 1825 2677 1897 significatu
2699 1822 2809 1876 hoc
2832 1842 2921 1876 ac-

1904 1908 2097 1978 cipiam
2117 1944 2133 1973 ,
2221 1925 2370 1958 arum
2414 1906 2643 1958 invenio.
2689 1903 2741 1955 Si
2786 1899 2921 1959 τίλας

1903 1982 2031 2036 dixit
2064 1986 2182 2057 Apo
2206 1983 2458 2050 lodoms,
2492 1996 2570 2035 est
2608 1981 2665 2034 id
2700 1974 2759 2031 οἷ
2784 1978 2922 2032 ἵκει

1900 2062 1969 2117 erat
2005 2064 2137 2116 ἰλλαι
2178 2084 2242 2117 ex
2278 2062 2573 2117 Aristotelis
2615 2060 2919 2132 disciplina.

1902 2142 2174 2216 Explicem
2209 2144 2318 2195 fere
2355 2159 2647 2206 summam,
2684 2157 2792 2210 quo
2830 2152 2920 2190 to·

1904 2236 2015 2275 tum
2031 2222 2231 2275 tendat.
2254 2224 2595 2293 «Negotium,
2613 2223 2767 2291 cujus
2779 2238 2921 2271 snm-

1909 2324 1930 2347 κ
1951 2320 2035 2354 ma
2054 2303 2274 2354 vertitur
2291 2304 2345 2353 in
2366 2302 2742 2354 controversia.
2766 2324 2788 2346 n

1972 2383 2023 2450 4.
2049 2382 2418 2457 Intelliqimus.
2443 2382 2618 2435 Guelf.
2650 2379 2927 2453 intelliga-

1901 2479 2048 2528 mus,
2080 2478 2205 2513 cum
2231 2461 2369 2513 Alm.
2390 2464 2545 2513 Voss.
2586 2478 2631 2525 1,
2660 2459 2727 2524 3,
2758 2460 2917 2511 Bem.

1903 2554 1956 2594 et
1979 2539 2100 2594 edd.
2128 2553 2251 2595 ante
2275 2540 2495 2594 Badium
2520 2537 2783 2591 omnibus.
2811 2536 2920 2608 (De

1900 2623 2043 2674 Jens.
2071 2635 2171 2673 tac.
2198 2620 2382 2692 Gesn.)
2404 2622 2501 2672 Hic
2524 2631 2794 2690 receptam
2820 2617 2920 2670 de-

1902 2699 2011 2768 dit,
2054 2719 2213 2772 quem
2259 2702 2449 2753 imitati
2489 2713 2614 2752 sunt
2657 2697 2919 2771 deinceps

1903 2799 2115 2848 omnes,
2136 2794 2356 2856 excepta
2375 2780 2495 2832 Διά.
2516 2799 2622 2832 sec.
2639 2782 2919 2832 veriorem

1898 2873 2034 2931 puto
2064 2860 2479 2933 conjunctivum.
2514 2859 2699 2912 Solent
2731 2862 2809 2910 sie
2840 2861 2920 2912 in·

1901 2938 2026 2991 duci
2066 2941 2529 3011 interpretationes
2570 2940 2881 2992 Graecorum
2900 2977 2919 3004 ,

1903 3019 2054 3088 quasi
2066 3019 2221 3069 venia
2234 3016 2463 3089 petenda
2483 3037 2513 3068 a
2528 3016 2746 3082 lectore,
2764 3016 2919 3088 apud

1899 3097 2155 3149 Nostrum
2177 3096 2328 3167 (vide
2346 3099 2412 3161 V,
2439 3115 2528 3160 to,
2555 3113 2602 3162 1,
2621 3094 2716 3146 ubi
2737 3094 2920 3166 legen-

1900 3174 2027 3228 dum
2051 3165 2472 3249 interpretemur,-
2493 3178 2549 3227 it.
2569 3177 2615 3241 S.
2640 3175 2739 3240 104
2752 3174 2915 3246 ibid.)

1897 3267 1950 3308 et
1980 3255 2322 3323 Ciceronem,
2356 3269 2414 3307 ut
2447 3254 2515 3306 de
2542 3255 2657 3306 Pin.
2689 3256 2794 3319 111,
2833 3255 2916 3321 14.

1898 3331 2001 3385 Sed
2040 3336 2216 3404 potuit
2262 3347 2315 3385 et
2355 3352 2574 3385 monere
2614 3332 2917 3398 lectorem,

1899 3429 2003 3482 qua
2029 3411 2411 3482 significatione
2436 3409 2655 3478 dixerit,
2689 3425 2918 3483 tumque

1897 3489 2100 3562 probus
2124 3490 2467 3556 indicativus,
2488 3509 2648 3561 quem
2663 3489 2921 3543 videntur

1897 3567 2096 3621 habere
2117 3567 2287 3622 Codd.
2308 3569 2618 3634 Britannici,
2640 3582 2694 3621 et
2710 3568 2921 3621 habent

1897 3645 2061 3701 Goth.
2081 3652 2232 3699 Voss.
2270 3665 2317 3699 2.
2346 3650 2408 3699 ln
2434 3650 2560 3700 Loc.
2587 3651 2719 3701 Ven.
2748 3651 2918 3700 Rusc-

1899 3746 2075 3779 errore
2103 3727 2359 3778 omissum
2386 3724 2626 3787 bremon,
2658 3729 2925 3797 quoniam

1899 3818 2011 3857 erat
2035 3805 2224 3858 lacuna
2247 3823 2420 3875 greco
2438 3803 2703 3857 vocabulo
2727 3806 2925 3858 relicta

1899 3886 1955 3937 in
1992 3884 2375 3956 antiquioribus
2412 3884 2586 3952 libris,
2625 3899 2685 3937 ut
2720 3888 2923 3939 Jeuso-

1899 3967 2073 4018 niuna.
2096 3967 2246 4017 Tarv.
2270 3964 2406 4017 male
2428 3979 2655 4036 utroque
2674 3964 2800 4018 loco
2818 3985 2926 4038 po-

1899 4049 2005 4098 suit
2021 4045 2316 4115 οιρίπιωιν.
2330 4075 2404 4085 -
2415 4045 2789 4119 Intellt'qimus.
2809 4049 2925 4100 Tu·

1899 4130 1992 4179 ric.
2025 4115 2239 4199 quodue
2269 4146 2332 4180 ex
2359 4125 2450 4179 alt.
2479 4124 2601 4178 coll.
2644 4126 2927 4202 intelliga-

1900 4226 2030 4278 mus.
2063 4207 2150 4264 Ad
2181 4225 2339 4261 usum
2370 4207 2699 4278 conjunctivi
2732 4209 2789 4262 in
2822 4209 2931 4263 tali
