3200 5150
715 492 1370 577 INSTITUTJONIS
1406 496 1663 575 ORAT.
1702 498 1862 564 LIB.
1906 501 1970 578 I,
2009 500 2072 566 6.
2322 502 2440 569 163

346 620 404 695 si
440 620 690 720 suifuri
720 642 787 693 et
815 625 1081 720 qutturi
1115 618 1537 720 subjicerent
1561 634 1578 664 ¹
1622 620 1698 691 in
1736 622 2033 719 genitivo
2072 623 2363 696 litteram
2398 654 2440 698 o

347 732 697 823 mediam,
744 734 909 834 qnia
949 755 1123 806 esset
1165 732 1383 805 eboris
1429 754 1496 805 et
1533 733 1840 822 roboris;
1885 737 2061 809 sieut
2099 740 2443 811 Antonius

351 851 639 950 Gnipho
661 864 713 939 ²,
745 849 867 949 qui
895 847 1112 921 robur
1133 847 1422 946 quidem
1454 869 1526 919 et
1547 846 1744 935 ebur,
1786 871 1989 949 atque
2014 852 2222 924 etiam
2253 881 2444 926 mar-

341 992 509 1039 mur
527 967 778 1037 fatetur
801 989 945 1035 esse
972 991 986 1033 :
1021 990 1266 1034 verum
1292 961 1441 1034 fieri
1468 961 1618 1035 vult
1646 990 1725 1034 ex
1751 963 1856 1034 his
1882 964 2166 1054 robam,
2192 967 2439 1057 ebura,

347 1108 723 1154 marmura.
756 1079 972 1171 Quod
1000 1078 1053 1150 si
1085 1078 1708 1161 animadverterent
1736 1077 2112 1153 litterarum
2139 1084 2446 1156 affinita-

347 1194 581 1283 tem3,
618 1195 870 1267 scirent
895 1194 991 1265 sic
1027 1192 1117 1265 ab
1149 1221 1268 1281 eo,
1314 1193 1505 1292 quod
1539 1216 1643 1265 est
1683 1193 1925 1283 robur,
1972 1196 2229 1270 roboris
2262 1201 2406 1271 fieri
2427 1258 2447 1290 ‚

348 1311 706 1412 quomodo
737 1310 827 1381 ab
862 1337 982 1397 eo,
1011 1310 1202 1415 quod
1231 1330 1330 1395 est
1358 1308 1586 1396 miles,
1626 1308 1846 1397 limes,
1882 1311 2145 1401 militis,
2179 1314 2407 1389 limitis
2421 1349 2452 1403 ,-

329 1430 590 1529 judex,
614 1428 866 1500 vindex
878 1459 905 1513 ;
913 1428 1205 1525 judicis,
1231 1428 1518 1499 vindicis
1528 1457 1554 1513 ;
1583 1447 1650 1498 et
1666 1454 1822 1525 quoe
1842 1428 2209 1529 suprajam
2237 1432 2445 1530 attigi.

348 1543 587 1636 Quid?
615 1569 758 1615 non
794 1542 1051 1614 similes
1081 1567 1362 1643 quoque
1382 1539 1415 1602 4
1448 1543 1570 1637 (ut
1591 1536 1912 1613 dieebam
1936 1542 2007 1641 ⁵)
2041 1544 2410 1641 positiones
2430 1604 2449 1637 ‚

345 1657 423 1733 iu
457 1657 664 1756 longe
700 1655 995 1729 diversas
1031 1656 1288 1754 figuras
1315 1682 1439 1753 per
1466 1655 1787 1753 obliquos
1822 1683 2018 1728 casus
2048 1661 2338 1732 exeunt?
2374 1683 2451 1735 ut

347 1779 577 1873 vir90‚
610 1775 841 1860 Juno;
852 1774 1093 1871 fusus,
1131 1769 1347 1857 lusus;
1371 1777 1631 1869 cuspis,
1657 1778 1939 1870 puppis,
1972 1793 2039 1843 et
2062 1773 2254 1845 mille
2276 1774 2450 1848 alia?

346 1915 574 1988 quum
594 1887 770 1959 illud
787 1888 996 1959 etiam
1016 1885 1314 1974 accidat,
1349 1906 1425 1956 ut
1443 1884 1767 1984 quaedam
1786 1885 2144 1983 pluraliter
2167 1915 2309 1960 non
2337 1890 2450 1962 di-

350 2024 626 2093 cantur3
658 2003 980 2102 quaedam
1008 2023 1244 2074 contra
1267 1998 1597 2099 singulari
1623 2027 1956 2090 numero,
1982 2003 2302 2100 quaedam
2329 2031 2454 2078 ca-

345 2120 539 2193 sibus
577 2141 856 2195 careant
882 2117 949 2210 ⁶3
999 2114 1322 2218 quaedam
1367 2145 1408 2189 a
1444 2116 1688 2216 primis
1722 2117 1952 2191 statim
1996 2118 2453 2217 positionibus

349 2257 491 2308 tota
526 2256 925 2324 mutentur,
975 2255 1053 2306 ut
1080 2237 1374 2335 Jupiter.
1421 2232 1639 2324 Quod
1670 2231 1893 2304 verbis
1928 2234 2135 2306 etiam
2169 2236 2451 2325 accidit,
2492 2251 2559 2304 26

352 2372 428 2424 ut
436 2350 638 2450 fero,
678 2349 887 2440 tum,
924 2348 1126 2451 cujus
1152 2348 1572 2449 praeteritum
1606 2349 2033 2446 perfectum,
2069 2371 2136 2424 et
2168 2349 2455 2425 ulterius

347 2560 496 2630 ipsa,
523 2555 620 2609 sed
644 2555 889 2609 homines
918 2556 1034 2609 ooli.
1059 2558 1357 2627 Neque-ta-
1518 2554 1569 2607 3.
1612 2552 1920 2606 Litterarum
1954 2548 2329 2626 affinitatem...
2366 2574 2454 2608 su-

349 2656 472 2690 men
486 2656 548 2690 ea
563 2638 786 2689 mutatio
807 2638 1119 2702 necessaria,
1134 2638 1189 2687 in
1210 2654 1358 2686 more
1441 2651 1556 2706 pra.
1582 2634 1663 2684 De
1688 2633 1952 2684 erroribus
1978 2652 2041 2684 ex
2063 2634 2302 2705 ignorata
2322 2635 2465 2687 litte-r

348 2716 688 2785 Quintiliani,
710 2715 960 2786 exemplis
981 2728 1061 2767 sat
1079 2716 1358 2767 confirma*
1444 2730 1623 2763 rarum
1649 2712 1902 2766 affinitate
1926 2716 2056 2782 egit,
2083 2715 2131 2779 1,
2157 2714 2219 2782 4,
2250 2731 2338 2780 ια,
2373 2715 2451 2766 13.

349 2807 405 2847 to
418 2833 434 2861 ,
449 2811 703 2866 personas
723 2792 1032 2864 imponendi
1051 2795 1178 2863 ipsis
1197 2792 1357 2845 rebus
1445 2793 1524 2844 Eo
1546 2783 1704 2861 iffitur
1726 2794 1939 2862 respicit
1960 2810 2131 2863 supra.

351 2886 406 2926 et
426 2870 728 2936 vocabuIiS,
755 2869 825 2921 ob
851 2888 1006 2940 quem
1035 2873 1210 2942 ipsum
1233 2889 1357 2922 oon-

351 2951 644 3005 troversiam
663 2950 919 3002 veriorem
942 2948 1101 3000 eredo
1127 2952 1357 3021 scriptu-

351 3051 465 3085 ram
498 3047 657 3102 quam
689 3038 1085 3081 controversum.
1116 3027 1212 3081 Ed.
1239 3030 1359 3098 qui-

351 3111 474 3165 dem
497 3110 643 3170 nulla
658 3149 675 3177 ,
696 3122 885 3182 praeter
907 3109 1283 3161 Gesner-ianam
1307 3120 1363 3161 et

355 3211 485 3265 quas
508 3191 665 3244 retuli
687 3190 849 3256 duaa,
872 3191 1135 3264 posterius
1160 3188 1267 3241 dat.

433 3290 476 3324 ι.
503 3271 871 3344 &lvio-erent..
899 3270 1124 3323 litteram
1152 3288 1199 3321 o.
1230 3269 1363 3323 Sub-

338 3353 502 3426 jt‘aere
523 3352 610 3403 hic
635 3365 714 3403 est
735 3371 835 3422 pro
863 3350 1183 3415 substituere,
1212 3347 1362 3422 suffi-

355 3450 495 3496 cere,
529 3443 591 3481 ut
611 3432 714 3496 vl,
747 3430 807 3496 3,
849 3425 1242 3503 ι4,.ςιιῌίεἰτιιν
1263 3445 1361 3500 pro

355 3528 452 3562 eo..
461 3509 652 3562 ‚aliud
683 3509 989 3562 mordacius.
1024 3509 1368 3582 Suly'iceretur

354 3589 603 3641 nimirum
625 3589 680 3639 in
703 3587 805 3639 hae
829 3590 1035 3640 ratione
1058 3605 1089 3638 ο
1113 3606 1211 3659 pro
1236 3605 1289 3639 u.

441 3684 489 3716 α.
542 3665 803 3718 Antonius
850 3665 1096 3737 Gnipho,
1151 3668 1365 3719 natione

359 3744 569 3810 Gallus,
590 3744 759 3796 clama
782 3748 1153 3814 grammaticus
1178 3759 1231 3798 et
1252 3745 1367 3798 rhe-

360 3838 462 3890 tor,
481 3827 634 3894 eujus
650 3822 888 3874 scholam
899 3841 1121 3895 magnos
1136 3828 1295 3891 viros,
1311 3827 1367 3878 in

357 3901 550 3974 hisque
576 3904 750 3973 ipsum
772 3901 1080 3955 Ciceronem
1096 3908 1365 3976 jamprae-

360 3996 549 4049 torem,
567 3983 929 4052 frequentasse
950 3982 1114 4034 aiunt.
1133 3982 1367 4054 Reliquit

362 4061 474 4114 duo
497 4062 569 4114 de
595 4061 783 4114 Latino
812 4077 1055 4114 sermone
1077 4061 1363 4114 volumina.

363 4140 498 4194 vide
522 4141 590 4194 de
614 4159 678 4193 eo
697 4141 837 4194 Suet.
866 4139 933 4193 de
955 4140 1215 4208 Graium,
1239 4158 1285 4193 c.
1314 4158 1367 4212 7,

365 4235 418 4274 et
441 4221 679 4276 Macrob.
704 4223 908 4275 Sarum.
936 4222 1035 4286 111,
1066 4236 1143 4273 ια.

1529 2871 1578 2937 4.
1625 2872 1747 2923 Non
1791 2870 1979 2922 similes
2018 2887 2237 2944 quoque.
2276 2874 2453 2927 Guelf.

1447 2967 1566 3000 vero
1593 2949 1784 3002 similes
1811 2949 1982 3022 quod,
2012 2969 2132 3002 cum
2156 2954 2310 3003 Voss.
2349 2971 2367 3004 1
2405 2967 2459 3004 et

1449 3031 1600 3080 Bern.
1633 3028 1896 3093 Placet-et,
1930 3030 1973 3078 si
2000 3029 2142 3101 quod
2169 3043 2306 3083 esset
2334 3045 2456 3083 ante

1447 3107 1653 3161 similes.
1681 3137 1750 3148 —
1772 3110 1921 3159 Hanc
1950 3109 2344 3161 memorandam
2366 3129 2459 3163 va-

1448 3190 1689 3239 rietatem
1733 3187 1965 3237 offemnt
2006 3188 2065 3238 R.
2114 3201 2222 3240 ret
2260 3191 2456 3256 Caum,

1454 3266 1595 3337 Quid
1632 3269 1792 3318 vero?
1825 3266 1869 3318 εἰ
1905 3266 2095 3319 similes
2125 3268 2351 3340 quidem.
2389 3272 2458 3321 Et

1450 3366 1566 3400 eam
1585 3345 1868 3400 lectionem
1885 3350 2169 3417 genuinam
2186 3367 2336 3421 paene
2351 3367 2458 3403 cre·-

1449 3427 1690 3479 diderim.
1715 3429 1807 3479 En.

1523 3506 1573 3559 5.
1601 3505 1944 3571 Utdieebam,
1966 3506 2194 3577 modo§.
2225 3525 2283 3560 12
2302 3522 2353 3560 et
2374 3507 2452 3561 15

1521 3586 1574 3638 6.
1610 3585 1859 3656 Quoedam
1890 3587 2083 3639 cambus
2113 3597 2334 3638 careant.
2368 3590 2455 3639 ln-

1452 3663 1640 3735 telligit
1679 3682 1741 3715 ea
1785 3682 1899 3735 quae
1936 3663 2248 3735 dicuntur-a
2285 3683 2457 3735 gram-

1453 3745 1659 3796 maticis
1680 3752 1861 3814 aptota
1890 3756 1941 3794 et
1973 3753 2308 3814 monoptota,
2341 3760 2457 3812 qne

1451 3837 1769 3897 perpetuam
1788 3827 1848 3874 ‘et
1873 3822 2110 3874 eamdem
2138 3821 2333 3891 ubique
2356 3820 2460 3872 ha-

1453 3904 1583 3957 bent
1621 3905 2073 3967 terminationem,
2114 3913 2175 3952 ut
2215 3913 2457 3973 quatuor.

1452 3984 1681 4034 Tuam.

1529 4079 1577 4133 7.
1609 4063 1767 4125 Fero,
1802 4059 1919 4111 tuli.
1954 4058 2118 4111 Gnelf
2163 4062 2465 4131 transponit

1455 4139 1829 4214 tuli,fer0.-—
1851 4139 2084 4211 Utfero,
2110 4137 2235 4203 tuli,
2261 4141 2463 4191 ...inve-

1457 4222 1616 4276 nitur.
1642 4218 1864 4274 Videtur
1888 4219 1997 4272 hoc
2019 4218 2263 4292 exemplo
2287 4219 2466 4291 dupli-

2098 4327 2175 4363 ιι.

2489 1562 2553 1616 25

2543 2323 2600 2356 „A
