3200 5150
843 508 925 600 532

1409 518 1504 585 M.
1545 514 1771 585 FABn
1808 502 2361 599 QU1NT1L1AN1

840 679 1029 757 quae,
1050 650 1415 725 robustum
1437 669 1721 744 quoque
1746 661 1814 713 et
1825 639 1980 740 jam
2004 636 2395 708 maximum
2417 654 2653 729 regem
2670 683 2690 717 ,
2710 624 2798 700 ab
2821 626 2936 700 illa

740 806 803 844 ιο
842 768 1267 844 institutione
1301 754 1751 863 puerili'sunt
1781 773 2161 854 prosecuta.
2196 749 2269 821 Si
2303 747 2418 821 cui
2451 744 2674 818 multa
2703 743 2940 817 videor

840 885 1108 984 exigere
1128 941 1147 973 ,
1174 879 1425 978 cogitet
1453 895 1795 948 oratorem
1824 866 2125 956 institui,
2155 892 2305 939 rem
2329 863 2622 934 arduam
2643 874 2662 906 ¹
2681 919 2700 952 ,
2728 860 2936 932 etiam

839 1026 1068 1102 quum
1116 997 1180 1069 ei
1225 990 1597 1068 formando
1646 986 1825 1059 nihil
1874 980 2203 1057 defuerit:
2247 998 2572 1079 praeterea
2617 976 2819 1076 plura
2860 1001 2936 1045 ac

840 1114 1235 1190 difficiliora
1266 1131 1662 1208 superesse3
1702 1129 1871 1175 nam
1906 1120 1974 1172 et
2005 1096 2232 1171 studio
2267 1113 2639 1194 perpetuo,
2677 1111 2744 1163 et
2771 1115 2943 1190 prae—

838 1226 1270 1308 stantissimis
1298 1219 1872 1324 praeceptoribus,
1907 1237 1974 1289 et
2004 1211 2323 1314 pluribus
2353 1206 2732 1307 disciplinis
2766 1232 2943 1305 opus

742 1381 797 1419 n
843 1368 963 1422 est.
1001 1348 1446 1444 Quapropter
1478 1333 1943 1437 praecipienda
1973 1349 2138 1402 sunt
2167 1324 2472 1426 optima;
2507 1348 2667 1423 quae
2696 1322 2753 1393 si
2786 1323 2941 1421 quis

841 1461 1259 1565 gravabitur,
1284 1482 1429 1528 non
1456 1451 1704 1527 rationi
1727 1446 2103 1537 defuerit²,
2133 1442 2255 1516 sed
2278 1439 2576 1515 homini.
2606 1439 2678 1512 Si
2703 1456 2982 1511 tamen*

851 1684 874 1710 α
893 1664 960 1716 Et
979 1659 1231 1730 legimus,
1256 1651 1527 1727 quomodo
1550 1647 1850 1704 Alexander

852 1745 950 1794 ·iu
990 1741 1216 1812 pueritia
1251 1754 1348 1790 sua
1381 1732 1569 1786 habuit
1609 1728 1850 1802 bajulum

844 1822 925 1893 (is
953 1817 1129 1872 medio
1159 1835 1270 1870 aevo
1306 1829 1388 1868 est
1423 1831 1522 1886 pro
1554 1810 1847 1884 pedagogo

844 1902 1099 1974 principis
1122 1899 1347 1950 maxime
1373 1892 1561 1966 pueri)
1582 1914 1593 1942 ε
1619 1888 1739 1942 vide
1761 1888 1850 1939 Du

850 1986 1054 2054 Canqe,
1088 2001 1111 2025 ιι
1130 1977 1345 2030 nomine
1367 1969 1659 2027 Leonidem
1674 2008 1691 2035 ‚
1719 1968 1850 2019 cita-

852 2083 881 2117 a,
896 2063 962 2113 tis
1003 2057 1241 2110 moribus
1289 2067 1341 2107 et
1375 2050 1732 2121 incomposito
1768 2047 1852 2099 in·

853 2162 878 2186 ⁸
898 2156 1051 2191 cessu
1065 2134 1354 2189 notabilem
1366 2153 1382 2195 ;
1394 2149 1513 2203 5111ae
1532 2146 1686 2201 puer,
1702 2126 1852 2197 quasi

855 2242 877 2265 ιι
896 2219 980 2270 lac
1021 2214 1376 2268 adulterinum
1409 2225 1601 2278 sugens
1628 2243 1644 2272 ‚
1681 2203 1747 2256 ab
1785 2221 1851 2256 eo

853 2321 879 2346 α
903 2297 1144 2368 sumpsit.
1166 2318 1189 2343 ιο
1226 2287 1502 2365 Ejusmodi
1532 2286 1658 2338 vitia
1689 2284 1852 2335 fuisse

846 2375 1148 2434 Alexandro
1195 2394 1225 2426 a
1270 2367 1504 2425 Leonide
1554 2365 1819 2436 impertita
1834 2399 1852 2429 ,

848 2456 995 2515 unde
1020 2453 1287 2508 resciverit
1317 2450 1662 2509 Hincmarus,
1694 2459 1852 2494 nemo

850 2551 1049 2591 temere
1081 2532 1256 2585 dicat:
1290 2528 1491 2582 Pariter
1519 2521 1664 2574 citati
1691 2538 1855 2573 mores

800 2633 807 2640 ⁴
853 2615 984 2689 quid
1022 2616 1089 2667 sit
1104 2652 1121 2680 ‚
1159 2615 1347 2682 ignoro
1363 2645 1380 2674 ,
1420 2606 1523 2658 nisi
1556 2605 1695 2656 forte
1731 2613 1856 2653 sunt

850 2696 1003 2761 mali,
1017 2693 1224 2746 famosi.
1234 2690 1315 2741 De
1330 2687 1622 2738 mutatione
1636 2681 1857 2734 motibus

849 2794 951 2850 pro
974 2773 1223 2835 moribus,
1249 2787 1360 2821 non
1383 2778 1460 2818 est
1484 2759 1854 2832 cogitandum,

853 2873 1019 2927 quum
1048 2854 1164 2924 ipse
1196 2848 1509 2900 Hincmarus
1534 2845 1589 2894 in
1615 2840 1718 2893 bae
1743 2838 1857 2893 his-

850 2936 1016 2999 toria,
1041 2950 1124 3002 ep.
1150 2932 1223 2995 11,
1247 2925 1317 2979 ad
1337 2923 1509 2977 Carol.
1533 2923 1594 2987 3,
1617 2923 1743 2991 imp.
1765 2920 1857 2970 ite-

852 3031 971 3066 rum
1010 3008 1207 3063 habeat
1241 3006 1421 3058 citatos
1459 3018 1654 3064 mor-es,
1693 3000 1855 3050 immo

852 3096 1224 3164 Hieronymus,
1238 3089 1292 3138 in
1313 3081 1539 3156 epistola
1560 3078 1629 3132 ad
1643 3080 1855 3144 Laetam,

852 3188 1076 3244 tangens
1106 3165 1381 3231 eamdem,
1417 3161 1485 3214 de
1521 3158 1745 3212 moribus
1776 3156 1858 3209 lo-

855 3267 1064 3329 quatur.

875 3357 885 3366 ·
933 3352 977 3386 1.
1002 3333 1129 3383 Rem
1153 3327 1406 3389 arduam,
1435 3321 1592 3374 etiam
1618 3336 1782 3391 quum
1809 3316 1860 3368 ei

844 3409 1134 3487 fomando
1157 3405 1296 3459 nihil
1316 3401 1555 3475 defuerit.
1579 3400 1679 3450 Hic
1703 3400 1858 3450 inter·

852 3491 1198 3565 punctionem
1216 3496 1387 3536 mutat
1403 3482 1520 3533 Cn.
1533 3517 1550 3545 ,
1563 3495 1676 3529 non
1694 3475 1854 3527 illaeso

854 3569 1068 3643 quidem
1078 3584 1256 3632 sensu,
1270 3580 1376 3617 rem
1386 3559 1627 3617 ardunum
1638 3555 1831 3606 etiam..
1839 3591 1851 3604 .

851 3649 1091 3723 defuerit.
1116 3649 1208 3700 En.

926 3748 974 3782 2.
995 3725 1208 3781 Battum·
1223 3721 1462 3795 defuerit.
1487 3717 1681 3786 Regius
1699 3717 1754 3766 in
1772 3731 1857 3766 ve-

850 3823 995 3864 tusto
1023 3807 1117 3861 illo
1146 3801 1430 3874 exemplari
1456 3794 1737 3868 (intellig-it
1759 3812 1856 3846 au-

850 3907 959 3945 tem
981 3887 1232 3943 Codicem
1252 3903 1283 3935 a
1304 3881 1502 3950 Poggio
1524 3896 1552 3929 e
1570 3876 1854 3929 Germania

854 3973 1070 4026 allatum
1092 3965 1410 4021 Florentiam
1426 4000 1443 4028 ,
1468 3978 1626 4031 quem
1654 3975 1856 4010 memo·

851 4067 932 4105 rat
955 4067 1116 4122 supra
1139 4045 1209 4100 ad
1229 4046 1393 4116 Epist.
1417 4038 1487 4093 ad
1502 4036 1701 4112 Tryph.
1723 4038 1770 4105 S.
1799 4034 1856 4106 1)

850 4128 1119 4202 defuerint
1149 4120 1411 4195 'scriptum
1444 4120 1609 4171 fuisse
1649 4119 1858 4179 narrat,

852 4211 947 4266 nbi
973 4222 1147 4263 tamen
1171 4226 1204 4258 n
1233 4204 1404 4258 littera
1427 4198 1669 4253 videatur
1692 4212 1857 4249 emsa».

1935 1639 2021 1697 Ad
2035 1661 2157 1695 eum
2171 1638 2392 1692 modum
2399 1637 2664 1710 defuerint
2675 1634 2802 1688 dant
2811 1636 2939 1689 Loc.

1937 1725 2094 1776 Ruso.
2113 1719 2237 1772 Bad.
2254 1719 2562 1791 subjectum
2577 1718 2770 1787 Regius
2788 1729 2943 1788 putat

1938 1821 2053 1855 esse
2072 1811 2356 1873 proecepta,
2385 1817 2500 1870 quae
2524 1799 2628 1850 sint
2650 1798 2705 1849 in
2727 1796 2799 1863 τᾷ
2815 1814 2944 1867 prce-

1937 1879 2177 1953 ct'pienda
2211 1889 2334 1931 sunt
2366 1877 2580 1949 optima.
2608 1905 2680 1915 —
2701 1876 2826 1928 Non
2859 1894 2948 1927 ra-

1940 1961 2128 2013 tioni...
2152 1959 2239 2012 sed
2262 1958 2480 2009 homini.
2501 1957 2766 2009 Gesnerus
2789 1969 2944 2028 putat

1939 2042 2238 2113 subjectum
2257 2040 2526 2092 sententiae
2547 2055 2661 2089 esse
2681 2055 2829 2102 eum,
2850 2038 2945 2107 qui

1939 2134 2209 2192 gravetur-3
2234 2133 2288 2171 et
2305 2117 2497 2170 rationi
2513 2116 2677 2169 deesse
2692 2119 2948 2188 interpre-

1941 2215 2101 2268 tatur,
2129 2202 2386 2252 rationem
2400 2236 2418 2265 .,
2440 2196 2773 2269 disciplinam
2797 2216 2945 2265 eam,

1944 2299 2103 2352 quam
2135 2276 2322 2331 suadet
2348 2279 2452 2346 Qu.
2470 2315 2487 2343 ,
2511 2277 2700 2328 erroris
2723 2279 2952 2328 convin-

1941 2379 2093 2423 cere;
2126 2358 2328 2411 homini
2359 2372 2536 2409 autem
2561 2356 2806 2427 intelligit
2830 2357 2951 2408 dic-

1944 2454 2057 2493 tum
2075 2439 2142 2492 de
2160 2437 2449 2510 discipulo,
2464 2438 2550 2488 cui
2567 2435 2709 2502 talis,
2728 2439 2816 2507 qui
2830 2435 2944 2489 haec

1941 2533 2205 2594 gravetur,
2217 2518 2363 2584 desit,
2377 2517 2483 2569 hoc
2499 2529 2597 2582 est,
2612 2534 2721 2567 non
2735 2529 2945 2569 tantum

1941 2603 2137 2673 prosit,
2152 2613 2409 2671 quantum
2427 2610 2652 2670 poterat.
2668 2600 2812 2650 Dura
2831 2596 2946 2650 haec

1941 2678 2150 2732 videtur
2166 2679 2299 2730 ratio
2312 2716 2327 2742 ,
2348 2680 2403 2730 in
2424 2695 2528 2749 qua
2546 2676 2741 2747 duplex
2763 2675 2948 2729 tribui·

1943 2759 2352 2828 tursigniflcatio
2367 2758 2437 2824 τᾷ
2450 2757 2625 2809 deesse.
2650 2757 2830 2808 Malim
2845 2753 2954 2809 ain-0⁸

1944 2839 2090 2891 nonnose
2110 2836 2327 2907 intelligi
2351 2833 2556 2908 aliquid
2575 2854 2674 2907 pro
2698 2835 2948 2908 subjecto

1945 2918 2013 2971 ad
2044 2917 2284 2990 defuerit.
2322 2918 2502 2969 “Tum
2534 2915 2689 2987 culpa
2719 2918 2816 2967 erit
2843 2915 2950 2967 ho-

1950 3021 1974 3045 ·
1993 3000 2146 3051 minis
2162 3035 2178 3060 .,
2203 2996 2255 3049 h.
2284 3017 2329 3049 e.
2344 3035 2362 3064 ‚
2381 3001 2494 3069 ejus
2515 2998 2605 3067 qui
2625 2995 2947 3066 gravabitur,

1951 3101 1974 3125 κ
1989 3075 2104 3131 ‘non
2122 3076 2409 3148 disciplinae
2429 3078 2662 3152 rationis.
2686 3100 2708 3125 n
2733 3077 2816 3130 sic
2836 3096 2955 3128 mo-

1945 3177 2033 3210 mo
2058 3180 2069 3208 ε
2088 3155 2378 3229 formando
2403 3153 2540 3206 nihil
2560 3154 2810 3227 defuerim·
2840 3156 2952 3207 cla-

1945 3241 2080 3303 riuS,
2103 3237 2292 3303 fateor,
2316 3249 2536 3308 propter
2552 3233 2690 3286 nihil
2709 3233 2853 3306 quod
2874 3237 2953 3288 ibi

1947 3318 2111 3371 adest.
2145 3318 2358 3369 Mecum
2388 3316 2590 3367 faciunt
2620 3314 2863 3368 Rollinus
2897 3330 2952 3369 et

1945 3397 2248 3471 Gedoynus.
2273 3395 2392 3449 vid.
2423 3397 2499 3460 ΙΙ,
2536 3412 2617 3466 17,
2642 3395 2711 3462 4ο
2733 3417 2746 3447 =
2780 3417 2802 3441 n
2823 3397 2950 3449 Non

1951 3499 1974 3524 ι
1994 3478 2118 3529 artis
2136 3513 2153 3543 ,
2197 3473 2294 3528 sed
2334 3472 2582 3526 hominis.
2604 3498 2628 3521 n·
2683 3475 2808 3527 Non
2864 3493 2956 3525 ra-

1944 3555 2076 3607 tioni
2100 3553 2339 3628 deficerit.
2368 3552 2604 3607 Subaudi
2629 3552 2950 3626 quidquam,

1944 3649 2005 3687 ut
2045 3648 2110 3687 sit
2150 3652 2334 3687 sensus
2361 3655 2374 3684 ε
2422 3651 2533 3684 non
2576 3651 2743 3704 penes
2789 3633 2957 3684 ratim.

1944 3734 2064 3767 nem
2075 3751 2092 3780 ,
2109 3712 2203 3767 sed
2219 3711 2529 3765 methodum
2543 3714 2770 3778 steterit,
2787 3731 2953 3784 quan·

1943 3792 2232 3865 doquidem
2251 3794 2450 3864 optima
2469 3793 2829 3864 praecipimus;
2855 3791 2953 3845 sed

1943 3892 2107 3946 penes
2133 3872 2430 3936 hominem,
2448 3870 2506 3923 id
2531 3885 2638 3937 est,
2665 3890 2830 3943 penes
2856 3889 2950 3923 eos

1945 3955 2035 4026 qui
2053 3955 2109 4005 in
2126 3951 2457 4004 instituendis
2475 3952 2653 4023 pueris
2674 3968 2788 4022 quae
2811 3969 2952 4023 prae-

1944 4044 2100 4105 cepta
2140 4044 2263 4084 sunt
2295 4049 2324 4082 a
2365 4029 2549 4095 nobis,
2582 4032 2772 4101 exequi
2811 4033 2952 4081 tam-

1949 4129 2106 4183 quam
2141 4111 2381 4180 graviora
2417 4124 2470 4164 et
2499 4108 2797 4163 difficiliora
2836 4126 2954 4161 ma-

1948 4191 2155 4245 luerint.
2186 4192 2340 4252 Romu
