3200 5150
731 480 734 484 “
834 505 876 575 s
1297 501 1647 573 osone.
1696 499 1914 602 Lon.
1962 497 2446 567 sPAanc

836 648 1069 697 norma
1104 625 1469 705 scribendi,
1510 647 1711 714 quam
1747 635 2071 713 ὀρθογραφίαν
2108 619 2423 703 dicimus,
2453 620 2719 713 videtur
2757 647 2925 714 pau·

835 735 930 803 cis
958 731 1368 801 ostendenda
1392 747 1461 798 et
1484 726 1880 796 vindicanda
1908 751 1981 792 ea
1999 777 2017 807 ‚
2048 748 2249 817 quam
2277 729 2420 818 ipse
2452 731 2524 795 in
2551 728 2684 795 hoc
2720 752 2927 820 opere

839 840 1146 930 expressi.
1178 836 1536 927 Apparebit
1558 836 1920 924 unicnique
1945 834 2356 924 inspicienti,
2389 859 2498 901 me
2523 838 2928 925 pronuncia-

837 948 1036 1014 tionis
1080 962 1146 1012 et
1179 944 1542 1011 vocalitatis
1580 942 1899 1033 majorem
1939 963 2168 1006 curam
2203 939 2511 1008 habuisse
2548 964 2749 1031 quam
2786 945 2928 1033 et'y-

837 1075 1124 1119 morum.
1159 1051 1322 1142 Ejus
1353 1048 1635 1116 instituti
1668 1047 2162 1127 defensionem,
2199 1063 2441 1137 praeter
2467 1046 2928 1113 auctoritatem

840 1157 1165 1224 Codicum
1199 1156 1675 1245 plerorumque
1710 1153 1817 1238 (in
1854 1152 2095 1244 quibus
2131 1176 2280 1219 raro
2313 1152 2679 1244 quidquam
2713 1154 2931 1220 simile

840 1264 1138 1329 invenias
1166 1259 1507 1327 hodiernae
1537 1262 1831 1327 virorum
1862 1258 2215 1325 doctorum
2246 1258 2605 1349 diligentiae
2631 1257 2937 1325 adm-ibo

842 1366 1189 1444 adcurate,
1210 1365 1451 1433 &circo
1477 1366 1975 1457 usurpantium)
2003 1365 2342 1454 multaque
2369 1381 2756 1455 argumenta
2780 1386 2935 1455 quae

840 1475 1153 1565 persequi
1181 1473 1379 1564 hujus
1406 1494 1545 1539 non
1572 1488 1674 1538 est
1700 1472 1862 1553 loci,
1893 1487 2186 1561 paratam
2213 1470 2379 1536 mihi
2409 1471 2709 1537 existimo
2737 1472 2806 1536 in
2834 1472 2938 1564 ip-

843 1582 1014 1662 sius,
1058 1602 1260 1671 quem
1301 1578 1465 1660 edo,
1507 1580 1846 1669 scriptoris
1888 1577 2208 1644 doctrina.
2254 1579 2404 1661 Quo
2451 1579 2521 1643 in
2563 1600 2807 1666 genere
2843 1576 2932 1643 ad

842 1688 1042 1777 primi
1074 1687 1226 1752 libri
1257 1685 1616 1777 septimum
1652 1701 1850 1775 caput
1882 1684 2199 1752 lectorem
2232 1686 2475 1750 iterum
2495 1684 2766 1774 ableg03
2795 1704 2935 1774 qno

844 1808 1003 1858 sunt
1020 1789 1424 1858 conferenda
1444 1793 1642 1857 etiam
1667 1815 1743 1857 ea
1762 1813 1912 1882 quae
1932 1790 2353 1881 disputantur
2372 1790 2490 1871 IX,
2517 1797 2585 1873 4,
2610 1792 2694 1858 36
2711 1810 2901 1881 seqq.
2915 1840 2936 1870 ,

844 1898 1009 1965 item
1039 1900 1166 1978 xl,
1209 1899 1283 1979 3,
1326 1898 1442 1981 34,
1475 1898 1593 1979 35,
1625 1920 2030 1988 quamquam
2067 1897 2208 1963 istis
2247 1892 2411 1962 locis
2446 1896 2940 1985 pronunciatio·-

842 2026 1004 2070 nem
1037 2005 1247 2092 magis
1282 2020 1546 2084 tractat,
1586 2026 1875 2095 quacum
1914 2020 2136 2069 tamen
2176 2002 2781 2093 conjunctissimam
2821 2000 2940 2067 de-

848 2125 1172 2175 monstrat
1208 2110 1601 2198 scripturam
1635 2112 1699 2190 1,
1734 2134 1793 2198 7,
1832 2111 1950 2203 303
1982 2107 2137 2174 vide
2161 2107 2253 2173 ad
2289 2110 2422 2188 111‘,
2463 2108 2540 2189 8,
2587 2108 2684 2175 16.
2720 2106 2939 2173 Video

847 2238 1088 2305 magna
1106 2237 1184 2281 ex
1198 2232 1385 2307 parte
1409 2217 1669 2285 obstare
1693 2232 1890 2282 sectae
1902 2231 2144 2282 nostrae
2157 2217 2616 2282 auctoritatem
2638 2233 2706 2282 et
2723 2236 2943 2281 exem-

847 2321 1040 2411 plum
1059 2319 1264 2412 ipsius
1283 2321 1647 2403 Ciceronis,
1674 2323 1862 2412 cujus
1880 2338 2102 2388 tamen
2121 2339 2422 2388 mussant
2441 2321 2613 2388 adeo
2632 2322 2942 2411 religiose

849 2426 1173 2493 vindicari
1186 2428 1412 2508 miror,
1431 2450 1640 2519 quum
1655 2446 1932 2494 mvtssio
1947 2428 2281 2519 rejiciatur
2293 2428 2512 2518 vulgo,
2531 2445 2599 2494 et
2611 2428 2718 2493 vix
2732 2424 2940 2495 fando

849 2531 1077 2600 audita
1115 2533 1201 2599 sit
1239 2532 1602 2624 aequalibus
1637 2534 1900 2600 nostris·
1941 2531 2286 2600 Scribendi
2321 2533 2644 2600 rationem
2681 2531 2938 2599 diutur-

848 2644 1023 2708 nitas
1050 2644 1367 2732 temporis
1394 2642 1563 2708 solet
1588 2643 1904 2732 levigare,
1936 2658 2003 2708 et
2028 2664 2181 2708 cum
2200 2642 2751 2732 pronunciatione
2775 2645 2940 2708 con-

848 2745 1105 2830 ciliare,
1138 2770 1346 2838 quum
1373 2745 1514 2837 ja'm
1549 2745 1620 2813 in
1654 2749 1892 2836 vulgus
1929 2766 2166 2814 notum
2199 2764 2267 2813 et
2302 2743 2796 2838 frequentatum
2839 2764 2942 2813 est

850 2877 1053 2920 omne
1075 2855 1206 2923 hoc
1231 2856 1599 2922 litterarum
1631 2855 2160 2945 usurpandarum
2188 2856 2561 2958 negotium,
2602 2873 2739 2921 non
2767 2856 2941 2921 intra

848 2959 1202 3027 doctorum
1228 2959 1504 3052 collegia
1527 2962 1910 3028 coercitum.
1937 2961 2436 3028 Remittendum
2460 2978 2560 3027 est
2579 2957 2831 3050 aliquid
2852 2959 2941 3025 de

851 3071 1333 3160 etymologieo'
1314 3087 1442 3137 isto
1460 3071 1711 3160 rigore,
1734 3086 1802 3136 et
1819 3069 2094 3136 eruditis
2114 3068 2590 3161 quaestionibus
2611 3089 2941 3158 seponen-

850 3173 1018 3240 dum
1055 3174 1126 3240 id
1145 3225 1163 3256 ,
1208 3175 1391 3267 quod
1436 3175 1744 3243 homines
1780 3176 1876 3242 illi
1925 3203 1952 3235 a
1979 3175 2266 3242 multum
2304 3175 2571 3241 litterati
2602 3203 2666 3255 n,
2710 3174 2944 3263 quales

850 3277 1140 3369 appellat
1166 3281 1406 3349 Fabius
1435 3284 1538 3366 (1,
1569 3283 1646 3363 6,
1681 3302 1755 3348 21
1778 3285 1831 3369 ),
1862 3279 2176 3347 volebant
2205 3279 2332 3370 ipsi
2367 3282 2707 3371 scripturae
2738 3275 2942 3344 infer·

849 3384 986 3448 cire
1004 3433 1023 3463 ,
1070 3405 1209 3450 non
1253 3407 1445 3453 secus
1487 3407 1565 3454 ac
1605 3388 1662 3453 si
1706 3403 2050 3453 stemmata
2095 3404 2162 3452 et
2204 3387 2540 3476 prosapias
2579 3384 2940 3453 verborum

846 3486 1219 3555 conderent
1267 3490 1628 3558 scribentes
1648 3542 1666 3574 ‚
1722 3513 1930 3583 quum
1980 3513 2179 3558 omne
2227 3485 2593 3559 litterarum
2640 3483 2938 3559 officium

848 3609 1198 3681 praestetur
1214 3595 1559 3662 reddendo
1578 3597 1867 3664 fideliter
1883 3621 2033 3688 quae
2050 3596 2375 3665 audimus.
2393 3591 2736 3688 Ejusmodi
2756 3614 2939 3663 certe

848 3697 1117 3766 videtur
1154 3722 1296 3768 esse
1332 3723 1506 3769 sanae
1542 3706 1813 3771 rationis
1850 3703 2194 3772 decretum
2226 3704 2297 3767 in
2331 3703 2455 3769 hac
2489 3721 2716 3784 causa,
2752 3702 2937 3795 quod

847 3806 1072 3895 ipsum
1096 3823 1315 3873 tamen
1346 3831 1501 3876 cum
1523 3810 1760 3892 modo,
1792 3829 2020 3879 contra
2046 3807 2631 3890 consuetudinem,
2662 3831 2807 3875 esse
2835 3829 2936 3875 se-

848 3911 1196 4001 quendum
1223 3915 1462 3982 Fabius
1492 3915 1707 3983 docet.
2409 3927 2418 3940 ‘

938 4019 1237 4085 Praeter
1218 4022 1421 4110 ipsius
1449 4013 1786 4113 scriptoris
1815 4044 2093 4102 nomen,
2125 4022 2388 4113 qualem
2417 4025 2602 4112 operi
2629 4041 2749 4087 suo
2774 4020 2937 4085 titu-

846 4115 994 4188 lum
1014 4123 1317 4205 fecerit,
1302 4128 1692 4218 investigare
1714 4149 1946 4220 operae-
1950 4129 2240 4218 pretium
2263 4145 2383 4196 est.
2413 4131 2489 4193 Ia
2512 4127 2642 4195 boc
2666 4147 2939 4216 quoque
