<?xml version="1.0" encoding="UTF-8"?>
<!DOCTYPE html PUBLIC "-//W3C//DTD XHTML 1.0 Transitional//EN"
    "http://www.w3.org/TR/xhtml1/DTD/xhtml1-transitional.dtd">
<html xmlns="http://www.w3.org/1999/xhtml" xml:lang="en" lang="en">
 <head>
  <title>
</title>
<meta http-equiv="Content-Type" content="text/html;charset=utf-8" />
  <meta name='ocr-system' content='tesseract 3.04.00' />
  <meta name='ocr-capabilities' content='ocr_page ocr_carea ocr_par ocr_line ocrx_word'/>
</head>
<body>
  <div class='ocr_page' id='page_1' title='image "./deinstitutioneo12quingoog_0293.png"; bbox 0 0 3200 5150; ppageno 0'>
   <div class='ocr_carea' id='block_1_1' title="bbox 699 455 2435 584">
    <p class='ocr_par' dir='ltr' id='par_1_1' title="bbox 699 455 2435 584">
     <span class='ocr_line' id='line_1_1' title="bbox 699 455 2435 584; baseline 0.001 -24"><span class='ocrx_word' id='word_1_1' title='bbox 699 455 1348 562; x_wconf 68' lang='lat' dir='ltr'><strong>msTrrU‘rlole</strong></span> <span class='ocrx_word' id='word_1_2' title='bbox 1386 494 1643 560; x_wconf 84' lang='lat' dir='ltr'><strong>ORAT.</strong></span> <span class='ocrx_word' id='word_1_3' title='bbox 1682 495 1844 561; x_wconf 78' lang='lat' dir='ltr'><strong>Lm.</strong></span> <span class='ocrx_word' id='word_1_4' title='bbox 1887 497 1984 574; x_wconf 90' lang='lat'><strong>11,</strong></span> <span class='ocrx_word' id='word_1_5' title='bbox 2028 497 2087 563; x_wconf 87' lang='lat'><strong>3.</strong></span> <span class='ocrx_word' id='word_1_6' title='bbox 2311 497 2435 584; x_wconf 79' lang='lat'><strong>267</strong></span> 
     </span>
    </p>
   </div>
   <div class='ocr_carea' id='block_1_2' title="bbox 344 616 2449 1521">
    <p class='ocr_par' dir='ltr' id='par_1_2' title="bbox 344 616 2449 1521">
     <span class='ocr_line' id='line_1_2' title="bbox 350 616 2441 719; baseline 0 -29"><span class='ocrx_word' id='word_1_7' title='bbox 350 643 507 690; x_wconf 88' lang='lat' dir='ltr'><strong>rum</strong></span> <span class='ocrx_word' id='word_1_8' title='bbox 537 617 611 690; x_wconf 88' lang='lat' dir='ltr'><strong>in</strong></span> <span class='ocrx_word' id='word_1_9' title='bbox 634 638 775 690; x_wconf 87' lang='lat' dir='ltr'><strong>arte</strong></span> <span class='ocrx_word' id='word_1_10' title='bbox 799 618 1127 690; x_wconf 85' lang='lat' dir='ltr'><strong>tibiarum</strong></span> <span class='ocrx_word' id='word_1_11' title='bbox 1142 673 1162 708; x_wconf 94' lang='lat'><strong>,</strong></span> <span class='ocrx_word' id='word_1_12' title='bbox 1187 619 1423 690; x_wconf 87' lang='lat' dir='ltr'><strong>ferunt</strong></span> <span class='ocrx_word' id='word_1_13' title='bbox 1445 616 1758 717; x_wconf 84' lang='lat' dir='ltr'><strong>duplices</strong></span> <span class='ocrx_word' id='word_1_14' title='bbox 1777 632 1797 663; x_wconf 87' lang='lat'>¹</span> <span class='ocrx_word' id='word_1_15' title='bbox 1822 619 1911 691; x_wconf 80' lang='lat' dir='ltr'><strong>ab</strong></span> <span class='ocrx_word' id='word_1_16' title='bbox 1931 619 2045 708; x_wconf 84' lang='lat' dir='ltr'><strong>iis,</strong></span> <span class='ocrx_word' id='word_1_17' title='bbox 2066 643 2241 719; x_wconf 88' lang='lat' dir='ltr'><strong>quos</strong></span> <span class='ocrx_word' id='word_1_18' title='bbox 2264 619 2441 691; x_wconf 81' lang='lat' dir='ltr'><strong>alius</strong></span> 
     </span>
     <span class='ocr_line' id='line_1_3' title="bbox 349 732 2443 833; baseline 0 -29"><span class='ocrx_word' id='word_1_19' title='bbox 349 732 783 822; x_wconf 84' lang='lat' dir='ltr'><strong>instituisset,</strong></span> <span class='ocrx_word' id='word_1_20' title='bbox 817 733 1099 805; x_wconf 88' lang='lat' dir='ltr'><strong>solitum</strong></span> <span class='ocrx_word' id='word_1_21' title='bbox 1138 732 1404 831; x_wconf 81' lang='lat' dir='ltr'><strong>exigere</strong></span> <span class='ocrx_word' id='word_1_22' title='bbox 1446 733 1839 822; x_wconf 80' lang='lat' dir='ltr'><strong>mercedes,</strong></span> <span class='ocrx_word' id='word_1_23' title='bbox 1882 760 2098 833; x_wconf 85' lang='lat' dir='ltr'><strong>quam</strong></span> <span class='ocrx_word' id='word_1_24' title='bbox 2140 734 2196 805; x_wconf 88' lang='lat' dir='ltr'><strong>si</strong></span> <span class='ocrx_word' id='word_1_25' title='bbox 2237 733 2443 805; x_wconf 88' lang='lat' dir='ltr'><strong>rudes</strong></span> 
     </span>
     <span class='ocr_line' id='line_1_4' title="bbox 348 845 2445 948; baseline 0 -30"><span class='ocrx_word' id='word_1_26' title='bbox 348 845 796 920; x_wconf 81' lang='lat' dir='ltr'><strong>traderentur.</strong></span> <span class='ocrx_word' id='word_1_27' title='bbox 831 849 1039 919; x_wconf 89' lang='lat' dir='ltr'><strong>Error</strong></span> <span class='ocrx_word' id='word_1_28' title='bbox 1066 868 1303 919; x_wconf 85' lang='lat' dir='ltr'><strong>tamen</strong></span> <span class='ocrx_word' id='word_1_29' title='bbox 1333 867 1434 920; x_wconf 85' lang='lat' dir='ltr'><strong>est</strong></span> <span class='ocrx_word' id='word_1_30' title='bbox 1464 847 1538 919; x_wconf 87' lang='lat' dir='ltr'><strong>in</strong></span> <span class='ocrx_word' id='word_1_31' title='bbox 1565 874 1637 920; x_wconf 88' lang='lat' dir='ltr'><strong>re</strong></span> <span class='ocrx_word' id='word_1_32' title='bbox 1673 847 1964 946; x_wconf 84' lang='lat' dir='ltr'><strong>duplex:</strong></span> <span class='ocrx_word' id='word_1_33' title='bbox 1997 874 2219 936; x_wconf 87' lang='lat' dir='ltr'><strong>unus,</strong></span> <span class='ocrx_word' id='word_1_34' title='bbox 2250 848 2445 948; x_wconf 90' lang='lat' dir='ltr'><strong>quod</strong></span> 
     </span>
     <span class='ocr_line' id='line_1_5' title="bbox 346 960 2443 1050; baseline 0 -18"><span class='ocrx_word' id='word_1_35' title='bbox 346 960 622 1033; x_wconf 83' lang='lat' dir='ltr'><strong>interim</strong></span> <span class='ocrx_word' id='word_1_36' title='bbox 664 962 1029 1035; x_wconf 84' lang='lat' dir='ltr'><strong>sufficere²</strong></span> <span class='ocrx_word' id='word_1_37' title='bbox 1074 960 1226 1033; x_wconf 86' lang='lat' dir='ltr'><strong>illos</strong></span> <span class='ocrx_word' id='word_1_38' title='bbox 1268 960 1619 1033; x_wconf 80' lang='lat' dir='ltr'><strong>minores³</strong></span> <span class='ocrx_word' id='word_1_39' title='bbox 1669 961 2062 1034; x_wconf 82' lang='lat' dir='ltr'><strong>existimant</strong></span> <span class='ocrx_word' id='word_1_40' title='bbox 2084 1016 2105 1050; x_wconf 93' lang='lat'><strong>,</strong></span> <span class='ocrx_word' id='word_1_41' title='bbox 2148 981 2217 1032; x_wconf 90' lang='lat' dir='ltr'><strong>et</strong></span> <span class='ocrx_word' id='word_1_42' title='bbox 2256 961 2443 1032; x_wconf 91' lang='lat' dir='ltr'><strong>bono</strong></span> 
     </span>
     <span class='ocr_line' id='line_1_6' title="bbox 346 1074 2447 1177; baseline -0 -29"><span class='ocrx_word' id='word_1_43' title='bbox 346 1103 509 1149; x_wconf 82' lang='lat' dir='ltr'><strong>sane</strong></span> <span class='ocrx_word' id='word_1_44' title='bbox 534 1078 893 1151; x_wconf 85' lang='lat' dir='ltr'><strong>stomacho</strong></span> <span class='ocrx_word' id='word_1_45' title='bbox 917 1074 1271 1151; x_wconf 77' lang='lat' dir='ltr'><strong>contenti4</strong></span> <span class='ocrx_word' id='word_1_46' title='bbox 1294 1099 1496 1166; x_wconf 79' lang='lat' dir='ltr'><strong>sunt3</strong></span> <span class='ocrx_word' id='word_1_47' title='bbox 1526 1103 1717 1176; x_wconf 81' lang='lat' dir='ltr'><strong>quae,</strong></span> <span class='ocrx_word' id='word_1_48' title='bbox 1747 1103 2184 1177; x_wconf 83' lang='lat' dir='ltr'><strong>quamquam</strong></span> <span class='ocrx_word' id='word_1_49' title='bbox 2208 1098 2279 1149; x_wconf 88' lang='lat' dir='ltr'><strong>et</strong></span> <span class='ocrx_word' id='word_1_50' title='bbox 2299 1076 2447 1177; x_wconf 81' lang='lat' dir='ltr'><strong>ipsa</strong></span> 
     </span>
     <span class='ocr_line' id='line_1_7' title="bbox 344 1191 2446 1291; baseline 0.001 -29"><span class='ocrx_word' id='word_1_51' title='bbox 344 1191 881 1290; x_wconf 85' lang='lat' dir='ltr'><strong>reprehensione</strong></span> <span class='ocrx_word' id='word_1_52' title='bbox 925 1191 1174 1291; x_wconf 76' lang='lat' dir='ltr'><strong>digna,</strong></span> <span class='ocrx_word' id='word_1_53' title='bbox 1218 1192 1543 1264; x_wconf 79' lang='lat' dir='ltr'><strong>securitas</strong></span> <span class='ocrx_word' id='word_1_54' title='bbox 1583 1212 1822 1264; x_wconf 84' lang='lat' dir='ltr'><strong>tamen</strong></span> <span class='ocrx_word' id='word_1_55' title='bbox 1870 1213 2046 1264; x_wconf 88' lang='lat' dir='ltr'><strong>esset</strong></span> <span class='ocrx_word' id='word_1_56' title='bbox 2085 1212 2446 1291; x_wconf 87' lang='lat' dir='ltr'><strong>utcunque</strong></span> 
     </span>
     <span class='ocr_line' id='line_1_8' title="bbox 344 1305 2447 1408; baseline 0 -31"><span class='ocrx_word' id='word_1_57' title='bbox 344 1305 754 1395; x_wconf 83' lang='lat' dir='ltr'><strong>tolerabilis,</strong></span> <span class='ocrx_word' id='word_1_58' title='bbox 806 1305 861 1378; x_wconf 91' lang='lat' dir='ltr'><strong>si</strong></span> <span class='ocrx_word' id='word_1_59' title='bbox 915 1305 1260 1408; x_wconf 87' lang='lat' dir='ltr'><strong>ejusmodi</strong></span> <span class='ocrx_word' id='word_1_60' title='bbox 1303 1327 1754 1406; x_wconf 66' lang='lat' dir='ltr'><strong>praeceptores</strong></span> <span class='ocrx_word' id='word_1_61' title='bbox 1798 1307 2037 1379; x_wconf 84' lang='lat' dir='ltr'><strong>minus</strong></span> <span class='ocrx_word' id='word_1_62' title='bbox 2083 1307 2447 1396; x_wconf 87' lang='lat' dir='ltr'><strong>docerent,</strong></span> 
     </span>
     <span class='ocr_line' id='line_1_9' title="bbox 344 1418 2449 1521; baseline 0.001 -31"><span class='ocrx_word' id='word_1_63' title='bbox 344 1445 491 1491; x_wconf 90' lang='lat' dir='ltr'><strong>non</strong></span> <span class='ocrx_word' id='word_1_64' title='bbox 526 1419 766 1521; x_wconf 85' lang='lat' dir='ltr'><strong>pejus:</strong></span> <span class='ocrx_word' id='word_1_65' title='bbox 802 1419 975 1494; x_wconf 85' lang='lat' dir='ltr'><strong>alter</strong></span> <span class='ocrx_word' id='word_1_66' title='bbox 1001 1420 1118 1493; x_wconf 88' lang='lat' dir='ltr'><strong>ille</strong></span> <span class='ocrx_word' id='word_1_67' title='bbox 1153 1420 1362 1493; x_wconf 84' lang='lat' dir='ltr'><strong>etiam</strong></span> <span class='ocrx_word' id='word_1_68' title='bbox 1382 1418 1413 1466; x_wconf 85' lang='lat'>⁵</span> <span class='ocrx_word' id='word_1_69' title='bbox 1444 1421 1895 1520; x_wconf 83' lang='lat' dir='ltr'><strong>frequentior,</strong></span> <span class='ocrx_word' id='word_1_70' title='bbox 1921 1419 2115 1519; x_wconf 90' lang='lat' dir='ltr'><strong>quod</strong></span> <span class='ocrx_word' id='word_1_71' title='bbox 2146 1447 2298 1511; x_wconf 89' lang='lat' dir='ltr'><strong>eos,</strong></span> <span class='ocrx_word' id='word_1_72' title='bbox 2324 1418 2449 1520; x_wconf 91' lang='lat' dir='ltr'><strong>qui</strong></span> 
     </span>
    </p>
   </div>
   <div class='ocr_carea' id='block_1_3' title="bbox 341 1603 2445 1758">
    <p class='ocr_par' dir='ltr' id='par_1_3' title="bbox 341 1603 2445 1758">
     <span class='ocr_line' id='line_1_10' title="bbox 341 1603 2445 1674; baseline 0.002 -20"><span class='ocrx_word' id='word_1_73' title='bbox 341 1603 613 1674; x_wconf 84' lang='lat' dir='ltr'><strong>prosiluit,</strong></span> <span class='ocrx_word' id='word_1_74' title='bbox 636 1605 969 1658; x_wconf 78' lang='lat' dir='ltr'><strong>narrantibus</strong></span> <span class='ocrx_word' id='word_1_75' title='bbox 994 1605 1153 1659; x_wconf 79' lang='lat' dir='ltr'><strong>Suida</strong></span> <span class='ocrx_word' id='word_1_76' title='bbox 1179 1620 1232 1659; x_wconf 90' lang='lat' dir='ltr'><strong>et</strong></span> <span class='ocrx_word' id='word_1_77' title='bbox 1253 1608 1352 1658; x_wconf 78' lang='lat' dir='ltr'><strong>Ba·</strong></span> <span class='ocrx_word' id='word_1_78' title='bbox 1438 1606 1559 1660; x_wconf 76' lang='lat' dir='ltr'><strong>vide</strong></span> <span class='ocrx_word' id='word_1_79' title='bbox 1582 1605 1651 1659; x_wconf 85' lang='lat' dir='ltr'><strong>ad</strong></span> <span class='ocrx_word' id='word_1_80' title='bbox 1676 1626 1797 1659; x_wconf 89' lang='lat' dir='ltr'><strong>eum</strong></span> <span class='ocrx_word' id='word_1_81' title='bbox 1818 1606 2088 1660; x_wconf 78' lang='lat' dir='ltr'><strong>Duker-um</strong></span> <span class='ocrx_word' id='word_1_82' title='bbox 2109 1621 2161 1659; x_wconf 88' lang='lat' dir='ltr'><strong>et</strong></span> <span class='ocrx_word' id='word_1_83' title='bbox 2180 1606 2445 1660; x_wconf 83' lang='lat' dir='ltr'><strong>Drakenb.</strong></span> 
     </span>
     <span class='ocr_line' id='line_1_11' title="bbox 342 1681 2285 1758; baseline 0.002 -24"><span class='ocrx_word' id='word_1_84' title='bbox 342 1681 459 1734; x_wconf 89' lang='lat' dir='ltr'><strong>silio</strong></span> <span class='ocrx_word' id='word_1_85' title='bbox 493 1685 722 1753; x_wconf 66' lang='lat' dir='ltr'><strong>Magne,</strong></span> <span class='ocrx_word' id='word_1_86' title='bbox 753 1704 808 1756; x_wconf 89' lang='lat' dir='ltr'><strong>p.</strong></span> <span class='ocrx_word' id='word_1_87' title='bbox 850 1687 980 1753; x_wconf 83' lang='lat'><strong>180,</strong></span> <span class='ocrx_word' id='word_1_88' title='bbox 1011 1686 1117 1738; x_wconf 80' lang='lat' dir='ltr'><strong>vol.</strong></span> <span class='ocrx_word' id='word_1_89' title='bbox 1152 1688 1230 1753; x_wconf 89' lang='lat'><strong>11,</strong></span> <span class='ocrx_word' id='word_1_90' title='bbox 1263 1685 1347 1740; x_wconf 85' lang='lat' dir='ltr'><strong>ed.</strong></span> <span class='ocrx_word' id='word_1_91' title='bbox 1438 1687 1496 1738; x_wconf 80' lang='lat' dir='ltr'><strong>it.</strong></span> <span class='ocrx_word' id='word_1_92' title='bbox 1523 1686 1776 1756; x_wconf 75' lang='lat' dir='ltr'><strong>Heusing.</strong></span> <span class='ocrx_word' id='word_1_93' title='bbox 1801 1684 2094 1753; x_wconf 85' lang='lat' dir='ltr'><strong>Emendd.,</strong></span> <span class='ocrx_word' id='word_1_94' title='bbox 2117 1706 2172 1758; x_wconf 91' lang='lat' dir='ltr'><strong>p.</strong></span> <span class='ocrx_word' id='word_1_95' title='bbox 2198 1684 2285 1757; x_wconf 85' lang='lat'><strong>57.</strong></span> 
     </span>
    </p>
   </div>
   <div class='ocr_carea' id='block_1_4' title="bbox 335 1760 1358 4275">
    <p class='ocr_par' dir='ltr' id='par_1_4' title="bbox 335 1760 1356 3405">
     <span class='ocr_line' id='line_1_12' title="bbox 341 1760 1350 1837; baseline 0.005 -25"><span class='ocrx_word' id='word_1_96' title='bbox 341 1760 567 1829; x_wconf 89' lang='lat' dir='ltr'><strong>Bened.,</strong></span> <span class='ocrx_word' id='word_1_97' title='bbox 590 1781 644 1833; x_wconf 89' lang='lat' dir='ltr'><strong>p.</strong></span> <span class='ocrx_word' id='word_1_98' title='bbox 672 1761 741 1834; x_wconf 68' lang='lat'><strong>69</strong></span> <span class='ocrx_word' id='word_1_99' title='bbox 766 1762 849 1815; x_wconf 90' lang='lat' dir='ltr'><strong>ed.</strong></span> <span class='ocrx_word' id='word_1_100' title='bbox 876 1762 986 1837; x_wconf 84' lang='lat' dir='ltr'><strong>huj.</strong></span> <span class='ocrx_word' id='word_1_101' title='bbox 1009 1765 1165 1816; x_wconf 86' lang='lat' dir='ltr'><strong>Hom.</strong></span> <span class='ocrx_word' id='word_1_102' title='bbox 1185 1765 1350 1817; x_wconf 81' lang='lat' dir='ltr'><strong>Sturz.</strong></span> 
     </span>
     <span class='ocr_line' id='line_1_13' title="bbox 346 1840 1351 1909; baseline 0.003 -19"><span class='ocrx_word' id='word_1_103' title='bbox 346 1841 436 1909; x_wconf 89' lang='lat' dir='ltr'><strong>qui</strong></span> <span class='ocrx_word' id='word_1_104' title='bbox 467 1852 520 1891; x_wconf 88' lang='lat' dir='ltr'><strong>et</strong></span> <span class='ocrx_word' id='word_1_105' title='bbox 552 1840 795 1892; x_wconf 85' lang='lat' dir='ltr'><strong>sedatum</strong></span> <span class='ocrx_word' id='word_1_106' title='bbox 826 1841 954 1893; x_wconf 89' lang='lat' dir='ltr'><strong>dicit</strong></span> <span class='ocrx_word' id='word_1_107' title='bbox 986 1841 1172 1895; x_wconf 88' lang='lat' dir='ltr'><strong>iisdem</strong></span> <span class='ocrx_word' id='word_1_108' title='bbox 1210 1842 1351 1894; x_wconf 86' lang='lat' dir='ltr'><strong>tibiis</strong></span> 
     </span>
     <span class='ocr_line' id='line_1_14' title="bbox 340 1917 1348 1993; baseline 0.003 -23"><span class='ocrx_word' id='word_1_109' title='bbox 340 1917 624 1971; x_wconf 80' lang='lat' dir='ltr'><strong>Alexandri</strong></span> <span class='ocrx_word' id='word_1_110' title='bbox 659 1922 935 1993; x_wconf 70' lang='lat' dir='ltr'><strong>impetum.</strong></span> <span class='ocrx_word' id='word_1_111' title='bbox 959 1922 1096 1974; x_wconf 87' lang='lat' dir='ltr'><strong>Vide</strong></span> <span class='ocrx_word' id='word_1_112' title='bbox 1131 1923 1348 1975; x_wconf 79' lang='lat' dir='ltr'><strong>Lucian.</strong></span> 
     </span>
     <span class='ocr_line' id='line_1_15' title="bbox 341 2000 1353 2073; baseline 0.005 -24"><span class='ocrx_word' id='word_1_113' title='bbox 341 2000 397 2049; x_wconf 86' lang='lat' dir='ltr'><strong>in</strong></span> <span class='ocrx_word' id='word_1_114' title='bbox 411 2000 750 2053; x_wconf 80' lang='lat' dir='ltr'><strong>Hannonide.</strong></span> <span class='ocrx_word' id='word_1_115' title='bbox 766 2003 879 2073; x_wconf 86' lang='lat' dir='ltr'><strong>Bip.</strong></span> <span class='ocrx_word' id='word_1_116' title='bbox 893 2001 1029 2070; x_wconf 57' lang='grc' dir='ltr'><strong>,τοι</strong></span> <span class='ocrx_word' id='word_1_117' title='bbox 1045 2004 1135 2068; x_wconf 82' lang='lat' dir='ltr'><strong>lv,</strong></span> <span class='ocrx_word' id='word_1_118' title='bbox 1154 2022 1209 2073; x_wconf 87' lang='lat' dir='ltr'><strong>p.</strong></span> <span class='ocrx_word' id='word_1_119' title='bbox 1234 2002 1353 2072; x_wconf 81' lang='lat'><strong>137,</strong></span> 
     </span>
     <span class='ocr_line' id='line_1_16' title="bbox 341 2076 1354 2149; baseline 0.002 -19"><span class='ocrx_word' id='word_1_120' title='bbox 341 2076 520 2149; x_wconf 86' lang='lat' dir='ltr'><strong>ibique</strong></span> <span class='ocrx_word' id='word_1_121' title='bbox 536 2079 803 2133; x_wconf 79' lang='lat' dir='ltr'><strong>solanum.</strong></span> <span class='ocrx_word' id='word_1_122' title='bbox 821 2080 1077 2134; x_wconf 83' lang='lat' dir='ltr'><strong>Confudit</strong></span> <span class='ocrx_word' id='word_1_123' title='bbox 1090 2080 1354 2134; x_wconf 76' lang='lat' dir='ltr'><strong>Milesium</strong></span> 
     </span>
     <span class='ocr_line' id='line_1_17' title="bbox 343 2156 1355 2226; baseline 0.006 -20"><span class='ocrx_word' id='word_1_124' title='bbox 343 2173 465 2207; x_wconf 87' lang='lat' dir='ltr'><strong>cum</strong></span> <span class='ocrx_word' id='word_1_125' title='bbox 486 2156 747 2211; x_wconf 82' lang='lat' dir='ltr'><strong>Thebano</strong></span> <span class='ocrx_word' id='word_1_126' title='bbox 771 2159 958 2213; x_wconf 78' lang='lat' dir='ltr'><strong>Suidas</strong></span> <span class='ocrx_word' id='word_1_127' title='bbox 974 2199 992 2226; x_wconf 87' lang='lat'><strong>,</strong></span> <span class='ocrx_word' id='word_1_128' title='bbox 1019 2160 1114 2212; x_wconf 84' lang='lat' dir='ltr'><strong>sed</strong></span> <span class='ocrx_word' id='word_1_129' title='bbox 1142 2174 1195 2212; x_wconf 87' lang='lat' dir='ltr'><strong>et</strong></span> <span class='ocrx_word' id='word_1_130' title='bbox 1217 2161 1355 2212; x_wconf 79' lang='lat' dir='ltr'><strong>Har-</strong></span> 
     </span>
     <span class='ocr_line' id='line_1_18' title="bbox 341 2232 1352 2311; baseline 0.005 -26"><span class='ocrx_word' id='word_1_131' title='bbox 341 2232 418 2286; x_wconf 83' lang='lat' dir='ltr'><strong>les</strong></span> <span class='ocrx_word' id='word_1_132' title='bbox 438 2234 686 2288; x_wconf 86' lang='lat' dir='ltr'><strong>Biblioth.</strong></span> <span class='ocrx_word' id='word_1_133' title='bbox 706 2239 915 2304; x_wconf 74' lang='lat' dir='ltr'><strong>Groeca,</strong></span> <span class='ocrx_word' id='word_1_134' title='bbox 928 2237 1034 2291; x_wconf 80' lang='lat' dir='ltr'><strong>vol.</strong></span> <span class='ocrx_word' id='word_1_135' title='bbox 1055 2240 1129 2304; x_wconf 80' lang='grc' dir='ltr'><strong>Π,</strong></span> <span class='ocrx_word' id='word_1_136' title='bbox 1149 2258 1204 2311; x_wconf 92' lang='grc' dir='ltr'><strong>Ρ.</strong></span> <span class='ocrx_word' id='word_1_137' title='bbox 1226 2237 1352 2305; x_wconf 82' lang='lat'><strong>325,</strong></span> 
     </span>
     <span class='ocr_line' id='line_1_19' title="bbox 342 2314 1351 2389; baseline 0.002 -23"><span class='ocrx_word' id='word_1_138' title='bbox 342 2325 455 2366; x_wconf 85' lang='lat' dir='ltr'><strong>not.</strong></span> <span class='ocrx_word' id='word_1_139' title='bbox 495 2314 654 2386; x_wconf 92' lang='lat' dir='ltr'><strong>ooo).</strong></span> <span class='ocrx_word' id='word_1_140' title='bbox 695 2319 802 2385; x_wconf 82' lang='lat' dir='ltr'><strong>Qui</strong></span> <span class='ocrx_word' id='word_1_141' title='bbox 833 2320 976 2369; x_wconf 84' lang='lat' dir='ltr'><strong>enim</strong></span> <span class='ocrx_word' id='word_1_142' title='bbox 1005 2316 1151 2389; x_wconf 75' lang='lat' dir='ltr'><strong>apud</strong></span> <span class='ocrx_word' id='word_1_143' title='bbox 1181 2316 1351 2368; x_wconf 81' lang='lat' dir='ltr'><strong>Athe-</strong></span> 
     </span>
     <span class='ocr_line' id='line_1_20' title="bbox 344 2391 1352 2467; baseline 0.003 -24"><span class='ocrx_word' id='word_1_144' title='bbox 344 2410 543 2458; x_wconf 76' lang='lat' dir='ltr'><strong>naeum,</strong></span> <span class='ocrx_word' id='word_1_145' title='bbox 560 2413 614 2464; x_wconf 90' lang='lat' dir='ltr'><strong>p.</strong></span> <span class='ocrx_word' id='word_1_146' title='bbox 637 2391 741 2448; x_wconf 83' lang='lat'><strong>565</strong></span> <span class='ocrx_word' id='word_1_147' title='bbox 754 2433 771 2461; x_wconf 88' lang='lat'><strong>,</strong></span> <span class='ocrx_word' id='word_1_148' title='bbox 789 2397 1049 2467; x_wconf 75' lang='lat' dir='ltr'><strong>promissa</strong></span> <span class='ocrx_word' id='word_1_149' title='bbox 1072 2394 1239 2446; x_wconf 75' lang='lat' dir='ltr'><strong>barba</strong></span> <span class='ocrx_word' id='word_1_150' title='bbox 1261 2412 1352 2446; x_wconf 79' lang='lat' dir='ltr'><strong>ca-</strong></span> 
     </span>
     <span class='ocr_line' id='line_1_21' title="bbox 342 2470 1352 2540; baseline 0.001 -16"><span class='ocrx_word' id='word_1_151' title='bbox 342 2474 423 2524; x_wconf 83' lang='lat' dir='ltr'><strong>nit</strong></span> <span class='ocrx_word' id='word_1_152' title='bbox 446 2470 587 2528; x_wconf 84' lang='lat' dir='ltr'><strong>tibiis</strong></span> <span class='ocrx_word' id='word_1_153' title='bbox 610 2492 793 2526; x_wconf 70' lang='lat' dir='ltr'><strong>coram</strong></span> <span class='ocrx_word' id='word_1_154' title='bbox 812 2473 1117 2527; x_wconf 80' lang='lat' dir='ltr'><strong>Alexandro</strong></span> <span class='ocrx_word' id='word_1_155' title='bbox 1131 2510 1149 2540; x_wconf 95' lang='lat'><strong>,</strong></span> <span class='ocrx_word' id='word_1_156' title='bbox 1171 2476 1217 2526; x_wconf 89' lang='lat' dir='ltr'><strong>is</strong></span> <span class='ocrx_word' id='word_1_157' title='bbox 1240 2491 1352 2526; x_wconf 85' lang='lat' dir='ltr'><strong>non</strong></span> 
     </span>
     <span class='ocr_line' id='line_1_22' title="bbox 346 2551 1354 2623; baseline 0.002 -20"><span class='ocrx_word' id='word_1_158' title='bbox 346 2551 523 2623; x_wconf 85' lang='lat' dir='ltr'><strong>potuit</strong></span> <span class='ocrx_word' id='word_1_159' title='bbox 550 2569 674 2603; x_wconf 85' lang='lat' dir='ltr'><strong>cum</strong></span> <span class='ocrx_word' id='word_1_160' title='bbox 694 2551 959 2605; x_wconf 77' lang='lat' dir='ltr'><strong>Archelao</strong></span> <span class='ocrx_word' id='word_1_161' title='bbox 981 2554 1198 2606; x_wconf 74' lang='lat' dir='ltr'><strong>versari.</strong></span> <span class='ocrx_word' id='word_1_162' title='bbox 1219 2551 1354 2605; x_wconf 80' lang='lat' dir='ltr'><strong>Vide</strong></span> 
     </span>
     <span class='ocr_line' id='line_1_23' title="bbox 339 2628 1351 2702; baseline 0.002 -22"><span class='ocrx_word' id='word_1_163' title='bbox 339 2628 481 2681; x_wconf 84' lang='lat' dir='ltr'><strong>Plut.</strong></span> <span class='ocrx_word' id='word_1_164' title='bbox 524 2630 974 2701; x_wconf 70' lang='lat' dir='ltr'><strong>Apophthegmm.</strong></span> <span class='ocrx_word' id='word_1_165' title='bbox 991 2668 1011 2697; x_wconf 87' lang='lat'><strong>,</strong></span> <span class='ocrx_word' id='word_1_166' title='bbox 1048 2650 1105 2702; x_wconf 88' lang='grc' dir='ltr'><strong>Ρ.</strong></span> <span class='ocrx_word' id='word_1_167' title='bbox 1156 2647 1253 2700; x_wconf 87' lang='lat'><strong>¹77</strong></span> <span class='ocrx_word' id='word_1_168' title='bbox 1294 2631 1351 2682; x_wconf 86' lang='lat' dir='ltr'><strong>B.</strong></span> 
     </span>
     <span class='ocr_line' id='line_1_24' title="bbox 338 2706 1349 2762; baseline -0.001 -2"><span class='ocrx_word' id='word_1_169' title='bbox 338 2708 599 2760; x_wconf 66' lang='lat' dir='ltr'><strong>Ceterum</strong></span> <span class='ocrx_word' id='word_1_170' title='bbox 616 2707 837 2762; x_wconf 74' lang='lat' dir='ltr'><strong>historia</strong></span> <span class='ocrx_word' id='word_1_171' title='bbox 854 2708 944 2761; x_wconf 79' lang='lat' dir='ltr'><strong>illa</strong></span> <span class='ocrx_word' id='word_1_172' title='bbox 962 2707 1028 2760; x_wconf 81' lang='lat' dir='ltr'><strong>de</strong></span> <span class='ocrx_word' id='word_1_173' title='bbox 1047 2706 1349 2760; x_wconf 76' lang='lat' dir='ltr'><strong>Alexandro</strong></span> 
     </span>
     <span class='ocr_line' id='line_1_25' title="bbox 344 2784 1352 2853; baseline 0.002 -16"><span class='ocrx_word' id='word_1_174' title='bbox 344 2784 414 2837; x_wconf 79' lang='lat' dir='ltr'><strong>ad</strong></span> <span class='ocrx_word' id='word_1_175' title='bbox 428 2804 574 2838; x_wconf 80' lang='lat' dir='ltr'><strong>arma</strong></span> <span class='ocrx_word' id='word_1_176' title='bbox 588 2789 858 2839; x_wconf 78' lang='lat' dir='ltr'><strong>concitato</strong></span> <span class='ocrx_word' id='word_1_177' title='bbox 874 2800 927 2839; x_wconf 91' lang='lat' dir='ltr'><strong>et</strong></span> <span class='ocrx_word' id='word_1_178' title='bbox 940 2785 1126 2839; x_wconf 69' lang='lat' dir='ltr'><strong>sedato</strong></span> <span class='ocrx_word' id='word_1_179' title='bbox 1142 2804 1352 2853; x_wconf 83' lang='lat' dir='ltr'><strong>rursus,</strong></span> 
     </span>
     <span class='ocr_line' id='line_1_26' title="bbox 335 2864 1355 2940; baseline 0.001 -23"><span class='ocrx_word' id='word_1_180' title='bbox 335 2864 593 2939; x_wconf 39' lang='lat' dir='ltr'><strong>*Drydeno</strong></span> <span class='ocrx_word' id='word_1_181' title='bbox 608 2904 627 2935; x_wconf 89' lang='lat'><strong>,</strong></span> <span class='ocrx_word' id='word_1_182' title='bbox 653 2880 826 2940; x_wconf 61' lang='lat' dir='ltr'><strong>poeta</strong></span> <span class='ocrx_word' id='word_1_183' title='bbox 840 2905 858 2934; x_wconf 88' lang='lat'><strong>,</strong></span> <span class='ocrx_word' id='word_1_184' title='bbox 886 2885 1069 2919; x_wconf 74' lang='lat' dir='ltr'><strong>ansam</strong></span> <span class='ocrx_word' id='word_1_185' title='bbox 1096 2865 1245 2918; x_wconf 85' lang='lat' dir='ltr'><strong>dedit</strong></span> <span class='ocrx_word' id='word_1_186' title='bbox 1268 2869 1355 2919; x_wconf 82' lang='lat' dir='ltr'><strong>in·</strong></span> 
     </span>
     <span class='ocr_line' id='line_1_27' title="bbox 340 2942 1356 3017; baseline 0.003 -23"><span class='ocrx_word' id='word_1_187' title='bbox 340 2942 593 2995; x_wconf 82' lang='lat' dir='ltr'><strong>cendium</strong></span> <span class='ocrx_word' id='word_1_188' title='bbox 613 2944 1067 3017; x_wconf 78' lang='lat' dir='ltr'><strong>Persepolitannm</strong></span> <span class='ocrx_word' id='word_1_189' title='bbox 1086 2943 1356 2997; x_wconf 83' lang='lat' dir='ltr'><strong>Timothei</strong></span> 
     </span>
     <span class='ocr_line' id='line_1_28' title="bbox 342 3020 1355 3094; baseline 0.003 -22"><span class='ocrx_word' id='word_1_190' title='bbox 342 3020 586 3075; x_wconf 83' lang='lat' dir='ltr'><strong>cantibus</strong></span> <span class='ocrx_word' id='word_1_191' title='bbox 602 3020 888 3089; x_wconf 67' lang='lat' dir='ltr'><strong>wibuendi,</strong></span> <span class='ocrx_word' id='word_1_192' title='bbox 900 3026 1055 3094; x_wconf 76' lang='lat' dir='ltr'><strong>cujus</strong></span> <span class='ocrx_word' id='word_1_193' title='bbox 1069 3020 1355 3094; x_wconf 75' lang='lat' dir='ltr'><strong>apudCur-</strong></span> 
     </span>
     <span class='ocr_line' id='line_1_29' title="bbox 344 3100 1350 3154; baseline 0 -1"><span class='ocrx_word' id='word_1_194' title='bbox 344 3103 478 3153; x_wconf 83' lang='lat' dir='ltr'><strong>tium</strong></span> <span class='ocrx_word' id='word_1_195' title='bbox 514 3113 567 3153; x_wconf 85' lang='lat' dir='ltr'><strong>et</strong></span> <span class='ocrx_word' id='word_1_196' title='bbox 598 3101 940 3154; x_wconf 67' lang='lat' dir='ltr'><strong>Plutarchum</strong></span> <span class='ocrx_word' id='word_1_197' title='bbox 970 3100 1117 3153; x_wconf 80' lang='lat' dir='ltr'><strong>nulla</strong></span> <span class='ocrx_word' id='word_1_198' title='bbox 1150 3104 1350 3154; x_wconf 78' lang='lat' dir='ltr'><strong>mentio</strong></span> 
     </span>
     <span class='ocr_line' id='line_1_30' title="bbox 343 3177 1350 3251; baseline -0.001 -20"><span class='ocrx_word' id='word_1_199' title='bbox 343 3177 494 3249; x_wconf 77' lang='lat' dir='ltr'><strong>(vide</strong></span> <span class='ocrx_word' id='word_1_200' title='bbox 514 3178 848 3233; x_wconf 55' lang='lat' dir='ltr'><strong>Alexander}</strong></span> <span class='ocrx_word' id='word_1_201' title='bbox 868 3178 1066 3251; x_wconf 70' lang='lat' dir='ltr'><strong>Fen-st.)</strong></span> <span class='ocrx_word' id='word_1_202' title='bbox 1086 3181 1193 3248; x_wconf 78' lang='lat' dir='ltr'><strong>Qui</strong></span> <span class='ocrx_word' id='word_1_203' title='bbox 1216 3178 1350 3247; x_wconf 80' lang='lat' dir='ltr'><strong>hoc,</strong></span> 
     </span>
     <span class='ocr_line' id='line_1_31' title="bbox 342 3250 1350 3330; baseline 0.001 -21"><span class='ocrx_word' id='word_1_204' title='bbox 342 3256 413 3310; x_wconf 87' lang='lat' dir='ltr'><strong>de</strong></span> <span class='ocrx_word' id='word_1_205' title='bbox 435 3258 637 3330; x_wconf 80' lang='lat' dir='ltr'><strong>duplici</strong></span> <span class='ocrx_word' id='word_1_206' title='bbox 656 3258 903 3312; x_wconf 71' lang='lat' dir='ltr'><strong>mercede</strong></span> <span class='ocrx_word' id='word_1_207' title='bbox 918 3296 936 3325; x_wconf 91' lang='lat'><strong>,</strong></span> <span class='ocrx_word' id='word_1_208' title='bbox 958 3250 1193 3310; x_wconf 59' lang='lat' dir='ltr'><strong>adnatet</strong></span> <span class='ocrx_word' id='word_1_209' title='bbox 1213 3275 1350 3329; x_wconf 68' lang='lat' dir='ltr'><strong>prn—</strong></span> 
     </span>
     <span class='ocr_line' id='line_1_32' title="bbox 346 3337 1163 3405; baseline 0 -18"><span class='ocrx_word' id='word_1_210' title='bbox 346 3349 426 3389; x_wconf 86' lang='lat' dir='ltr'><strong>ter</strong></span> <span class='ocrx_word' id='word_1_211' title='bbox 445 3338 627 3405; x_wconf 83' lang='lat' dir='ltr'><strong>Quint.</strong></span> <span class='ocrx_word' id='word_1_212' title='bbox 645 3376 663 3404; x_wconf 88' lang='lat'><strong>,</strong></span> <span class='ocrx_word' id='word_1_213' title='bbox 685 3339 863 3391; x_wconf 72' lang='lat' dir='ltr'><strong>iriveni</strong></span> <span class='ocrx_word' id='word_1_214' title='bbox 882 3337 1163 3389; x_wconf 77' lang='lat' dir='ltr'><strong>neminem.</strong></span> 
     </span>
    </p>

    <p class='ocr_par' dir='ltr' id='par_1_5' title="bbox 343 3417 1358 4275">
     <span class='ocr_line' id='line_1_33' title="bbox 424 3417 1352 3491; baseline -0.002 -22"><span class='ocrx_word' id='word_1_215' title='bbox 424 3435 468 3469; x_wconf 84' lang='lat'><strong>1.</strong></span> <span class='ocrx_word' id='word_1_216' title='bbox 492 3417 793 3489; x_wconf 81' lang='lat' dir='ltr'><strong>Duplioes...</strong></span> <span class='ocrx_word' id='word_1_217' title='bbox 819 3435 996 3491; x_wconf 75' lang='lat' dir='ltr'><strong>quam.</strong></span> <span class='ocrx_word' id='word_1_218' title='bbox 1031 3417 1203 3487; x_wconf 79' lang='lat' dir='ltr'><strong>Quam</strong></span> <span class='ocrx_word' id='word_1_219' title='bbox 1222 3428 1352 3489; x_wconf 73' lang='lat' dir='ltr'><strong>post</strong></span> 
     </span>
     <span class='ocr_line' id='line_1_34' title="bbox 343 3495 1352 3567; baseline 0.001 -23"><span class='ocrx_word' id='word_1_220' title='bbox 343 3511 533 3559; x_wconf 75' lang='lat' dir='ltr'><strong>vocem</strong></span> <span class='ocrx_word' id='word_1_221' title='bbox 555 3495 776 3548; x_wconf 72' lang='lat' dir='ltr'><strong>similem</strong></span> <span class='ocrx_word' id='word_1_222' title='bbox 798 3495 1159 3567; x_wconf 72' lang='lat' dir='ltr'><strong>comparativo</strong></span> <span class='ocrx_word' id='word_1_223' title='bbox 1174 3531 1191 3561; x_wconf 89' lang='lat'><strong>,</strong></span> <span class='ocrx_word' id='word_1_224' title='bbox 1216 3511 1352 3565; x_wconf 77' lang='lat' dir='ltr'><strong>qua-</strong></span> 
     </span>
     <span class='ocr_line' id='line_1_35' title="bbox 346 3572 1352 3647; baseline 0.002 -24"><span class='ocrx_word' id='word_1_225' title='bbox 346 3572 410 3623; x_wconf 77' lang='lat' dir='ltr'><strong>lis</strong></span> <span class='ocrx_word' id='word_1_226' title='bbox 438 3584 518 3624; x_wconf 87' lang='lat' dir='ltr'><strong>est</strong></span> <span class='ocrx_word' id='word_1_227' title='bbox 543 3573 769 3647; x_wconf 70' lang='lat' dir='ltr'><strong>duplex,</strong></span> <span class='ocrx_word' id='word_1_228' title='bbox 797 3575 1048 3646; x_wconf 74' lang='lat' dir='ltr'><strong>frequent</strong></span> <span class='ocrx_word' id='word_1_229' title='bbox 1076 3575 1352 3646; x_wconf 80' lang='lat' dir='ltr'><strong>scn&#39;ptori-</strong></span> 
     </span>
     <span class='ocr_line' id='line_1_36' title="bbox 347 3650 1354 3706; baseline 0.005 -5"><span class='ocrx_word' id='word_1_230' title='bbox 347 3650 466 3701; x_wconf 85' lang='lat' dir='ltr'><strong>bus.</strong></span> <span class='ocrx_word' id='word_1_231' title='bbox 491 3652 783 3706; x_wconf 65' lang='lat' dir='ltr'><strong>Cone-lant</strong></span> <span class='ocrx_word' id='word_1_232' title='bbox 805 3656 1000 3706; x_wconf 79' lang='lat' dir='ltr'><strong>tirones</strong></span> <span class='ocrx_word' id='word_1_233' title='bbox 1022 3652 1248 3705; x_wconf 76' lang='lat' dir='ltr'><strong>Turseli.</strong></span> <span class='ocrx_word' id='word_1_234' title='bbox 1269 3652 1354 3706; x_wconf 84' lang='lat' dir='ltr'><strong>ed.</strong></span> 
     </span>
     <span class='ocr_line' id='line_1_37' title="bbox 348 3730 1357 3803; baseline 0.004 -23"><span class='ocrx_word' id='word_1_235' title='bbox 348 3731 472 3781; x_wconf 84' lang='lat' dir='ltr'><strong>Ern.</strong></span> <span class='ocrx_word' id='word_1_236' title='bbox 488 3765 507 3795; x_wconf 86' lang='lat'><strong>,</strong></span> <span class='ocrx_word' id='word_1_237' title='bbox 548 3749 604 3801; x_wconf 88' lang='grc' dir='ltr'><strong>Ρ.</strong></span> <span class='ocrx_word' id='word_1_238' title='bbox 649 3730 752 3801; x_wconf 85' lang='grc'><strong>755</strong></span> <span class='ocrx_word' id='word_1_239' title='bbox 799 3751 910 3803; x_wconf 79' lang='lat' dir='ltr'><strong>seq.</strong></span> <span class='ocrx_word' id='word_1_240' title='bbox 927 3769 946 3799; x_wconf 88' lang='lat'><strong>,</strong></span> <span class='ocrx_word' id='word_1_241' title='bbox 988 3731 1180 3803; x_wconf 74' lang='lat' dir='ltr'><strong>quibus</strong></span> <span class='ocrx_word' id='word_1_242' title='bbox 1218 3731 1357 3785; x_wconf 78' lang='lat' dir='ltr'><strong>adde</strong></span> 
     </span>
     <span class='ocr_line' id='line_1_38' title="bbox 350 3810 1358 3877; baseline 0.004 -17"><span class='ocrx_word' id='word_1_243' title='bbox 350 3810 607 3860; x_wconf 83' lang='lat' dir='ltr'><strong>Nostnun</strong></span> <span class='ocrx_word' id='word_1_244' title='bbox 622 3810 723 3875; x_wconf 80' lang='lat' dir='ltr'><strong>lx,</strong></span> <span class='ocrx_word' id='word_1_245' title='bbox 745 3828 805 3877; x_wconf 75' lang='lat'><strong>2,</strong></span> <span class='ocrx_word' id='word_1_246' title='bbox 826 3810 926 3862; x_wconf 74' lang='lat'><strong>50:</strong></span> <span class='ocrx_word' id='word_1_247' title='bbox 954 3833 979 3857; x_wconf 82' lang='grc' dir='ltr'><strong>ιι</strong></span> <span class='ocrx_word' id='word_1_248' title='bbox 996 3812 1258 3864; x_wconf 64' lang='lat' dir='ltr'><strong>continu-ia</strong></span> <span class='ocrx_word' id='word_1_249' title='bbox 1272 3811 1358 3864; x_wconf 82' lang='lat' dir='ltr'><strong>di-</strong></span> 
     </span>
     <span class='ocr_line' id='line_1_39' title="bbox 354 3885 1349 3961; baseline 0.001 -22"><span class='ocrx_word' id='word_1_250' title='bbox 354 3908 381 3933; x_wconf 79' lang='lat'>«</span> <span class='ocrx_word' id='word_1_251' title='bbox 401 3885 583 3954; x_wconf 76' lang='lat' dir='ltr'><strong>cendi,</strong></span> <span class='ocrx_word' id='word_1_252' title='bbox 601 3905 765 3959; x_wconf 75' lang='lat' dir='ltr'><strong>quam</strong></span> <span class='ocrx_word' id='word_1_253' title='bbox 786 3905 901 3960; x_wconf 68' lang='lat' dir='ltr'><strong>qua</strong></span> <span class='ocrx_word' id='word_1_254' title='bbox 919 3888 1141 3961; x_wconf 67' lang='lat' dir='ltr'><strong>intelligi</strong></span> <span class='ocrx_word' id='word_1_255' title='bbox 1154 3891 1301 3944; x_wconf 73' lang='lat' dir='ltr'><strong>velis.</strong></span> <span class='ocrx_word' id='word_1_256' title='bbox 1324 3912 1349 3940; x_wconf 66' lang='lat' dir='ltr'><em>n</em></span> 
     </span>
     <span class='ocr_line' id='line_1_40' title="bbox 351 3964 1357 4042; baseline 0.004 -23"><span class='ocrx_word' id='word_1_257' title='bbox 351 3967 482 4019; x_wconf 79' lang='lat' dir='ltr'><strong>Livii</strong></span> <span class='ocrx_word' id='word_1_258' title='bbox 502 3964 826 4034; x_wconf 70' lang='lat' dir='ltr'><strong>locurum,</strong></span> <span class='ocrx_word' id='word_1_259' title='bbox 851 3970 917 4035; x_wconf 84' lang='lat'><strong>8,</strong></span> <span class='ocrx_word' id='word_1_260' title='bbox 948 3986 967 4021; x_wconf 87' lang='lat'>1</span> <span class='ocrx_word' id='word_1_261' title='bbox 989 4007 1007 4035; x_wconf 94' lang='lat'><strong>,</strong></span> <span class='ocrx_word' id='word_1_262' title='bbox 1032 3969 1357 4042; x_wconf 72' lang='lat' dir='ltr'><strong>«multiplex</strong></span> 
     </span>
     <span class='ocr_line' id='line_1_41' title="bbox 360 4046 1356 4121; baseline 0.003 -23"><span class='ocrx_word' id='word_1_263' title='bbox 360 4066 383 4091; x_wconf 75' lang='lat' dir='ltr'><strong>c·</strong></span> <span class='ocrx_word' id='word_1_264' title='bbox 402 4063 562 4117; x_wconf 77' lang='lat' dir='ltr'><strong>quam</strong></span> <span class='ocrx_word' id='word_1_265' title='bbox 576 4069 605 4095; x_wconf 74' lang='grc' dir='ltr'>ι</span> <span class='ocrx_word' id='word_1_266' title='bbox 633 4064 744 4099; x_wconf 87' lang='lat' dir='ltr'><strong>non</strong></span> <span class='ocrx_word' id='word_1_267' title='bbox 762 4046 993 4099; x_wconf 72' lang='lat' dir='ltr'><strong>Pitboeus</strong></span> <span class='ocrx_word' id='word_1_268' title='bbox 1010 4046 1094 4118; x_wconf 84' lang='lat' dir='ltr'><strong>(ut</strong></span> <span class='ocrx_word' id='word_1_269' title='bbox 1110 4062 1193 4101; x_wconf 80' lang='lat' dir='ltr'><strong>est</strong></span> <span class='ocrx_word' id='word_1_270' title='bbox 1211 4048 1356 4121; x_wconf 74' lang='lat' dir='ltr'><strong>opud</strong></span> 
     </span>
     <span class='ocr_line' id='line_1_42' title="bbox 353 4123 1354 4198; baseline 0.006 -24"><span class='ocrx_word' id='word_1_271' title='bbox 353 4126 528 4177; x_wconf 77' lang='lat' dir='ltr'><strong>num.</strong></span> <span class='ocrx_word' id='word_1_272' title='bbox 553 4137 608 4177; x_wconf 89' lang='lat' dir='ltr'><strong>et</strong></span> <span class='ocrx_word' id='word_1_273' title='bbox 628 4123 837 4197; x_wconf 82' lang='lat' dir='ltr'><strong>Gesn.);</strong></span> <span class='ocrx_word' id='word_1_274' title='bbox 865 4123 960 4178; x_wconf 79' lang='lat' dir='ltr'><strong>sed</strong></span> <span class='ocrx_word' id='word_1_275' title='bbox 981 4124 1131 4178; x_wconf 80' lang='lat' dir='ltr'><strong>Vana</strong></span> <span class='ocrx_word' id='word_1_276' title='bbox 1152 4129 1354 4198; x_wconf 84' lang='lat' dir='ltr'><strong>primus</strong></span> 
     </span>
     <span class='ocr_line' id='line_1_43' title="bbox 356 4202 1354 4275; baseline 0.004 -20"><span class='ocrx_word' id='word_1_277' title='bbox 356 4217 410 4255; x_wconf 85' lang='lat' dir='ltr'><strong>et</strong></span> <span class='ocrx_word' id='word_1_278' title='bbox 434 4219 561 4275; x_wconf 89' lang='lat' dir='ltr'><strong>post</strong></span> <span class='ocrx_word' id='word_1_279' title='bbox 585 4224 707 4258; x_wconf 81' lang='lat' dir='ltr'><strong>eum</strong></span> <span class='ocrx_word' id='word_1_280' title='bbox 731 4205 924 4261; x_wconf 77' lang='lat' dir='ltr'><strong>Badius</strong></span> <span class='ocrx_word' id='word_1_281' title='bbox 952 4202 1249 4259; x_wconf 76' lang='lat' dir='ltr'><strong>attulerant.</strong></span> <span class='ocrx_word' id='word_1_282' title='bbox 1270 4209 1354 4259; x_wconf 84' lang='lat' dir='ltr'><strong>Tu</strong></span> 
     </span>
    </p>
   </div>
   <div class='ocr_carea' id='block_1_5' title="bbox 1437 1763 2467 4267">
    <p class='ocr_par' dir='ltr' id='par_1_6' title="bbox 1440 1763 2467 2149">
     <span class='ocr_line' id='line_1_44' title="bbox 1515 1763 2449 1838; baseline -0.002 -20"><span class='ocrx_word' id='word_1_283' title='bbox 1515 1783 1564 1818; x_wconf 80' lang='lat'><strong>2.</strong></span> <span class='ocrx_word' id='word_1_284' title='bbox 1603 1766 1756 1835; x_wconf 79' lang='lat' dir='ltr'><strong>Quod</strong></span> <span class='ocrx_word' id='word_1_285' title='bbox 1786 1766 1993 1820; x_wconf 76' lang='lat' dir='ltr'><strong>interim</strong></span> <span class='ocrx_word' id='word_1_286' title='bbox 2023 1763 2275 1838; x_wconf 81' lang='lat' dir='ltr'><strong>sufficere.</strong></span> <span class='ocrx_word' id='word_1_287' title='bbox 2304 1765 2449 1816; x_wconf 78' lang='lat' dir='ltr'><strong>Inte-</strong></span> 
     </span>
     <span class='ocr_line' id='line_1_45' title="bbox 1441 1843 2450 1916; baseline -0.004 -19"><span class='ocrx_word' id='word_1_288' title='bbox 1441 1844 1541 1897; x_wconf 82' lang='lat' dir='ltr'><strong>rt&#39;m</strong></span> <span class='ocrx_word' id='word_1_289' title='bbox 1559 1843 1616 1896; x_wconf 87' lang='lat' dir='ltr'><strong>h.</strong></span> <span class='ocrx_word' id='word_1_290' title='bbox 1641 1843 1677 1896; x_wconf 90' lang='lat' dir='ltr'><strong>l.</strong></span> <span class='ocrx_word' id='word_1_291' title='bbox 1703 1845 1843 1916; x_wconf 75' lang='lat' dir='ltr'><strong>frugi</strong></span> <span class='ocrx_word' id='word_1_292' title='bbox 1867 1857 1948 1896; x_wconf 85' lang='lat' dir='ltr'><strong>est</strong></span> <span class='ocrx_word' id='word_1_293' title='bbox 1970 1864 2158 1909; x_wconf 86' lang='lat' dir='ltr'><strong>sensu,</strong></span> <span class='ocrx_word' id='word_1_294' title='bbox 2176 1862 2276 1916; x_wconf 86' lang='lat' dir='ltr'><strong>pro</strong></span> <span class='ocrx_word' id='word_1_295' title='bbox 2299 1844 2450 1894; x_wconf 79' lang='lat' dir='ltr'><strong>iuter-</strong></span> 
     </span>
     <span class='ocr_line' id='line_1_46' title="bbox 1442 1923 2467 1996; baseline -0.002 -20"><span class='ocrx_word' id='word_1_296' title='bbox 1442 1944 1502 1976; x_wconf 84' lang='lat' dir='ltr'><strong>ea</strong></span> <span class='ocrx_word' id='word_1_297' title='bbox 1516 1961 1534 1989; x_wconf 92' lang='lat'>‚</span> <span class='ocrx_word' id='word_1_298' title='bbox 1572 1923 1644 1975; x_wconf 81' lang='lat' dir='ltr'><strong>ad</strong></span> <span class='ocrx_word' id='word_1_299' title='bbox 1676 1934 1903 1996; x_wconf 77' lang='lat' dir='ltr'><strong>tempus,</strong></span> <span class='ocrx_word' id='word_1_300' title='bbox 1945 1926 2043 1975; x_wconf 87' lang='lat' dir='ltr'><strong>etsi</strong></span> <span class='ocrx_word' id='word_1_301' title='bbox 2077 1941 2202 1975; x_wconf 86' lang='lat' dir='ltr'><strong>mox</strong></span> <span class='ocrx_word' id='word_1_302' title='bbox 2237 1925 2319 1975; x_wconf 83' lang='lat' dir='ltr'><strong>sui</strong></span> <span class='ocrx_word' id='word_1_303' title='bbox 2354 1924 2467 1988; x_wconf 51' lang='lat' dir='ltr'><strong>aevi-</strong></span> 
     </span>
     <span class='ocr_line' id='line_1_47' title="bbox 1440 2002 2444 2075; baseline -0.002 -20"><span class='ocrx_word' id='word_1_304' title='bbox 1440 2021 1590 2055; x_wconf 85' lang='lat' dir='ltr'><strong>more</strong></span> <span class='ocrx_word' id='word_1_305' title='bbox 1630 2017 1856 2075; x_wconf 80' lang='lat' dir='ltr'><strong>usurpat</strong></span> <span class='ocrx_word' id='word_1_306' title='bbox 1897 2002 2183 2058; x_wconf 58' lang='lat' dir='ltr'><strong>interitum</strong></span> <span class='ocrx_word' id='word_1_307' title='bbox 2221 2003 2444 2056; x_wconf 63' lang='lat' dir='ltr'><strong>inter-im.</strong></span> 
     </span>
     <span class='ocr_line' id='line_1_48' title="bbox 1442 2080 1806 2149; baseline -0.003 -15"><span class='ocrx_word' id='word_1_308' title='bbox 1442 2080 1576 2134; x_wconf 86' lang='lat' dir='ltr'><strong>Vide</strong></span> <span class='ocrx_word' id='word_1_309' title='bbox 1600 2084 1656 2148; x_wconf 91' lang='lat'><strong>1,</strong></span> <span class='ocrx_word' id='word_1_310' title='bbox 1685 2099 1731 2149; x_wconf 85' lang='lat'><strong>1,</strong></span> <span class='ocrx_word' id='word_1_311' title='bbox 1757 2083 1806 2134; x_wconf 82' lang='lat'><strong>8.</strong></span> 
     </span>
    </p>

    <p class='ocr_par' dir='ltr' id='par_1_7' title="bbox 1437 2158 2452 2448">
     <span class='ocr_line' id='line_1_49' title="bbox 1514 2158 2444 2213; baseline -0.001 -1"><span class='ocrx_word' id='word_1_312' title='bbox 1514 2161 1565 2212; x_wconf 84' lang='lat'><strong>3.</strong></span> <span class='ocrx_word' id='word_1_313' title='bbox 1592 2158 1723 2212; x_wconf 82' lang='lat' dir='ltr'><strong>Illos</strong></span> <span class='ocrx_word' id='word_1_314' title='bbox 1744 2161 1982 2213; x_wconf 79' lang='lat' dir='ltr'><strong>minores.</strong></span> <span class='ocrx_word' id='word_1_315' title='bbox 2002 2158 2163 2212; x_wconf 87' lang='lat' dir='ltr'><strong>Goth.</strong></span> <span class='ocrx_word' id='word_1_316' title='bbox 2192 2158 2296 2211; x_wconf 71' lang='lat' dir='ltr'><strong>iuis</strong></span> <span class='ocrx_word' id='word_1_317' title='bbox 2317 2159 2444 2211; x_wconf 82' lang='lat' dir='ltr'><strong>min.</strong></span> 
     </span>
     <span class='ocr_line' id='line_1_50' title="bbox 1440 2238 2452 2304; baseline 0 -14"><span class='ocrx_word' id='word_1_318' title='bbox 1440 2257 1563 2290; x_wconf 86' lang='lat' dir='ltr'><strong>cum</strong></span> <span class='ocrx_word' id='word_1_319' title='bbox 1597 2242 1751 2292; x_wconf 83' lang='lat' dir='ltr'><strong>Voss.</strong></span> <span class='ocrx_word' id='word_1_320' title='bbox 1795 2257 1859 2303; x_wconf 80' lang='lat'><strong>2,</strong></span> <span class='ocrx_word' id='word_1_321' title='bbox 1898 2259 2010 2292; x_wconf 88' lang='lat' dir='ltr'><strong>non</strong></span> <span class='ocrx_word' id='word_1_322' title='bbox 2043 2238 2157 2304; x_wconf 75' lang='lat' dir='ltr'><strong>illi,</strong></span> <span class='ocrx_word' id='word_1_323' title='bbox 2196 2253 2255 2291; x_wconf 89' lang='lat' dir='ltr'><strong>ut</strong></span> <span class='ocrx_word' id='word_1_324' title='bbox 2289 2240 2452 2291; x_wconf 84' lang='lat' dir='ltr'><strong>refert</strong></span> 
     </span>
     <span class='ocr_line' id='line_1_51' title="bbox 1437 2315 2450 2382; baseline -0.001 -12"><span class='ocrx_word' id='word_1_325' title='bbox 1437 2318 1598 2370; x_wconf 86' lang='lat' dir='ltr'><strong>Gesn.</strong></span> <span class='ocrx_word' id='word_1_326' title='bbox 1623 2319 1775 2369; x_wconf 79' lang='grc' dir='ltr'><strong>-Β,</strong></span> <span class='ocrx_word' id='word_1_327' title='bbox 1800 2316 1933 2370; x_wconf 89' lang='lat' dir='ltr'><strong>Cod.</strong></span> <span class='ocrx_word' id='word_1_328' title='bbox 1967 2334 1995 2369; x_wconf 80' lang='lat'>2</span> <span class='ocrx_word' id='word_1_329' title='bbox 2027 2329 2081 2368; x_wconf 89' lang='lat' dir='ltr'><strong>et</strong></span> <span class='ocrx_word' id='word_1_330' title='bbox 2102 2318 2293 2382; x_wconf 57' lang='lat' dir='ltr'><strong>cin,</strong></span> <span class='ocrx_word' id='word_1_331' title='bbox 2319 2315 2450 2369; x_wconf 76' lang='lat' dir='ltr'><strong>illis-</strong></span> 
     </span>
     <span class='ocr_line' id='line_1_52' title="bbox 1439 2395 1922 2448; baseline 0.004 -3"><span class='ocrx_word' id='word_1_332' title='bbox 1439 2395 1678 2447; x_wconf 79' lang='lat' dir='ltr'><strong>mt&#39;nores.</strong></span> <span class='ocrx_word' id='word_1_333' title='bbox 1705 2397 1922 2448; x_wconf 76' lang='lat' dir='ltr'><strong>Enrron.</strong></span> 
     </span>
    </p>

    <p class='ocr_par' dir='ltr' id='par_1_8' title="bbox 1437 2473 2454 3488">
     <span class='ocr_line' id='line_1_53' title="bbox 1511 2473 2451 2541; baseline 0.002 -15"><span class='ocrx_word' id='word_1_334' title='bbox 1511 2473 1563 2541; x_wconf 73' lang='grc'><strong>4.</strong></span> <span class='ocrx_word' id='word_1_335' title='bbox 1602 2475 1752 2526; x_wconf 80' lang='lat' dir='ltr'><strong>Bono</strong></span> <span class='ocrx_word' id='word_1_336' title='bbox 1787 2493 1986 2527; x_wconf 62' lang='lat' dir='ltr'><strong>sanem.</strong></span> <span class='ocrx_word' id='word_1_337' title='bbox 2024 2474 2269 2527; x_wconf 76' lang='lat' dir='ltr'><strong>contenti.</strong></span> <span class='ocrx_word' id='word_1_338' title='bbox 2314 2475 2451 2528; x_wconf 78' lang='lat' dir='ltr'><strong>Cave</strong></span> 
     </span>
     <span class='ocr_line' id='line_1_54' title="bbox 1441 2552 2452 2626; baseline 0.002 -21"><span class='ocrx_word' id='word_1_339' title='bbox 1441 2552 1701 2606; x_wconf 77' lang='lat' dir='ltr'><strong>ablativos</strong></span> <span class='ocrx_word' id='word_1_340' title='bbox 1723 2555 1921 2608; x_wconf 74' lang='lat' dir='ltr'><strong>referas</strong></span> <span class='ocrx_word' id='word_1_341' title='bbox 1941 2552 2011 2607; x_wconf 80' lang='lat' dir='ltr'><strong>ad</strong></span> <span class='ocrx_word' id='word_1_342' title='bbox 2026 2555 2282 2620; x_wconf 80' lang='lat' dir='ltr'><strong>contenti,</strong></span> <span class='ocrx_word' id='word_1_343' title='bbox 2306 2553 2452 2626; x_wconf 89' lang='lat' dir='ltr'><strong>quod</strong></span> 
     </span>
     <span class='ocr_line' id='line_1_55' title="bbox 1441 2634 2453 2707; baseline 0 -21"><span class='ocrx_word' id='word_1_344' title='bbox 1441 2634 1556 2686; x_wconf 83' lang='lat' dir='ltr'><strong>fieri</strong></span> <span class='ocrx_word' id='word_1_345' title='bbox 1572 2647 1719 2687; x_wconf 85' lang='lat' dir='ltr'><strong>recte</strong></span> <span class='ocrx_word' id='word_1_346' title='bbox 1732 2638 1846 2707; x_wconf 80' lang='lat' dir='ltr'><strong>jam</strong></span> <span class='ocrx_word' id='word_1_347' title='bbox 1858 2648 2139 2688; x_wconf 75' lang='lat' dir='ltr'><strong>vetuerunt</strong></span> <span class='ocrx_word' id='word_1_348' title='bbox 2153 2635 2453 2707; x_wconf 79' lang='lat' dir='ltr'><strong>Capperon-</strong></span> 
     </span>
     <span class='ocr_line' id='line_1_56' title="bbox 1441 2713 2453 2779; baseline 0.002 -15"><span class='ocrx_word' id='word_1_349' title='bbox 1441 2715 1622 2765; x_wconf 83' lang='lat' dir='ltr'><strong>nerius</strong></span> <span class='ocrx_word' id='word_1_350' title='bbox 1645 2725 1700 2765; x_wconf 83' lang='lat' dir='ltr'><strong>et</strong></span> <span class='ocrx_word' id='word_1_351' title='bbox 1716 2714 1876 2767; x_wconf 86' lang='lat' dir='ltr'><strong>Gesn.</strong></span> <span class='ocrx_word' id='word_1_352' title='bbox 1902 2714 2035 2766; x_wconf 74' lang='lat' dir='ltr'><strong>bono</strong></span> <span class='ocrx_word' id='word_1_353' title='bbox 2057 2713 2349 2779; x_wconf 80' lang='lat' dir='ltr'><strong>stomacho,</strong></span> <span class='ocrx_word' id='word_1_354' title='bbox 2374 2728 2453 2766; x_wconf 88' lang='lat' dir='ltr'><strong>est</strong></span> 
     </span>
     <span class='ocr_line' id='line_1_57' title="bbox 1440 2790 2453 2864; baseline 0.003 -23"><span class='ocrx_word' id='word_1_355' title='bbox 1440 2790 1613 2855; x_wconf 76' lang='lat' dir='ltr'><strong>facili,</strong></span> <span class='ocrx_word' id='word_1_356' title='bbox 1629 2794 1795 2845; x_wconf 82' lang='lat' dir='ltr'><strong>cuivis</strong></span> <span class='ocrx_word' id='word_1_357' title='bbox 1809 2792 1933 2844; x_wconf 82' lang='lat' dir='ltr'><strong>cibo</strong></span> <span class='ocrx_word' id='word_1_358' title='bbox 1948 2790 2340 2862; x_wconf 84' lang='lat' dir='ltr'><strong>concoquendo</strong></span> <span class='ocrx_word' id='word_1_359' title='bbox 2355 2810 2453 2864; x_wconf 82' lang='lat' dir='ltr'><strong>pa-</strong></span> 
     </span>
     <span class='ocr_line' id='line_1_58' title="bbox 1440 2869 2452 2940; baseline 0.003 -21"><span class='ocrx_word' id='word_1_360' title='bbox 1440 2869 1516 2919; x_wconf 81' lang='lat' dir='ltr'><strong>ri=</strong></span> <span class='ocrx_word' id='word_1_361' title='bbox 1541 2878 1844 2921; x_wconf 77' lang='lat' dir='ltr'><strong>contentum</strong></span> <span class='ocrx_word' id='word_1_362' title='bbox 1866 2888 1967 2922; x_wconf 78' lang='lat' dir='ltr'><strong>esse</strong></span> <span class='ocrx_word' id='word_1_363' title='bbox 1988 2882 2068 2922; x_wconf 84' lang='lat' dir='ltr'><strong>est</strong></span> <span class='ocrx_word' id='word_1_364' title='bbox 2091 2871 2452 2940; x_wconf 77' lang='lat' dir='ltr'><strong>acquiescere,</strong></span> 
     </span>
     <span class='ocr_line' id='line_1_59' title="bbox 1442 2945 2452 3018; baseline 0.003 -22"><span class='ocrx_word' id='word_1_365' title='bbox 1442 2945 1667 3012; x_wconf 64' lang='grc' dir='ltr'><strong>ἐγωᾷν.</strong></span> <span class='ocrx_word' id='word_1_366' title='bbox 1707 2950 1851 3000; x_wconf 82' lang='lat' dir='ltr'><strong>Inest</strong></span> <span class='ocrx_word' id='word_1_367' title='bbox 1892 2950 2093 3001; x_wconf 80' lang='lat' dir='ltr'><strong>ironica</strong></span> <span class='ocrx_word' id='word_1_368' title='bbox 2132 2948 2414 3018; x_wconf 78' lang='lat' dir='ltr'><strong>gratulatio</strong></span> <span class='ocrx_word' id='word_1_369' title='bbox 2435 2986 2452 3014; x_wconf 92' lang='lat'><strong>,</strong></span> 
     </span>
     <span class='ocr_line' id='line_1_60' title="bbox 1444 3026 2454 3096; baseline 0.002 -21"><span class='ocrx_word' id='word_1_370' title='bbox 1444 3042 1603 3094; x_wconf 82' lang='lat' dir='ltr'><strong>qutun</strong></span> <span class='ocrx_word' id='word_1_371' title='bbox 1626 3026 1820 3096; x_wconf 70' lang='lat' dir='ltr'><strong>insigni</strong></span> <span class='ocrx_word' id='word_1_372' title='bbox 1842 3026 2026 3096; x_wconf 87' lang='lat' dir='ltr'><strong>lepore</strong></span> <span class='ocrx_word' id='word_1_373' title='bbox 2050 3028 2354 3096; x_wconf 78' lang='lat' dir='ltr'><strong>conspergit</strong></span> <span class='ocrx_word' id='word_1_374' title='bbox 2380 3045 2454 3077; x_wconf 78' lang='lat' dir='ltr'><strong>sa-</strong></span> 
     </span>
     <span class='ocr_line' id='line_1_61' title="bbox 1440 3102 2449 3174; baseline 0.002 -21"><span class='ocrx_word' id='word_1_375' title='bbox 1440 3120 1509 3153; x_wconf 76' lang='lat' dir='ltr'><strong>ne</strong></span> <span class='ocrx_word' id='word_1_376' title='bbox 1542 3102 1685 3154; x_wconf 83' lang='lat' dir='ltr'><strong>istud</strong></span> <span class='ocrx_word' id='word_1_377' title='bbox 1701 3140 1718 3168; x_wconf 94' lang='lat'><strong>,</strong></span> <span class='ocrx_word' id='word_1_378' title='bbox 1761 3122 1793 3155; x_wconf 77' lang='lat' dir='ltr'><strong>a</strong></span> <span class='ocrx_word' id='word_1_379' title='bbox 1829 3102 2148 3174; x_wconf 76' lang='lat' dir='ltr'><strong>quibusdam</strong></span> <span class='ocrx_word' id='word_1_380' title='bbox 2183 3106 2292 3155; x_wconf 77' lang='lat' dir='ltr'><strong>VV-</strong></span> <span class='ocrx_word' id='word_1_381' title='bbox 2336 3106 2449 3157; x_wconf 90' lang='lat' dir='ltr'><strong>DD.</strong></span> 
     </span>
     <span class='ocr_line' id='line_1_62' title="bbox 1441 3179 2449 3252; baseline 0 -20"><span class='ocrx_word' id='word_1_382' title='bbox 1441 3179 1785 3233; x_wconf 75' lang='lat' dir='ltr'><strong>sollicitatum</strong></span> <span class='ocrx_word' id='word_1_383' title='bbox 1828 3193 2016 3252; x_wconf 69' lang='lat' dir='ltr'><strong>preter</strong></span> <span class='ocrx_word' id='word_1_384' title='bbox 2065 3181 2449 3233; x_wconf 81' lang='lat' dir='ltr'><strong>necessitatem.</strong></span> 
     </span>
     <span class='ocr_line' id='line_1_63' title="bbox 1440 3258 2454 3328; baseline 0.003 -19"><span class='ocrx_word' id='word_1_385' title='bbox 1440 3259 1692 3328; x_wconf 73' lang='lat' dir='ltr'><strong>pinguius</strong></span> <span class='ocrx_word' id='word_1_386' title='bbox 1710 3272 1763 3310; x_wconf 86' lang='lat' dir='ltr'><strong>et</strong></span> <span class='ocrx_word' id='word_1_387' title='bbox 1781 3260 1956 3311; x_wconf 78' lang='lat' dir='ltr'><strong>minus</strong></span> <span class='ocrx_word' id='word_1_388' title='bbox 1975 3258 2306 3319; x_wconf 70' lang='lat' dir='ltr'><strong>dissimulato</strong></span> <span class='ocrx_word' id='word_1_389' title='bbox 2321 3277 2454 3312; x_wconf 87' lang='lat' dir='ltr'><strong>con-</strong></span> 
     </span>
     <span class='ocr_line' id='line_1_64' title="bbox 1437 3336 2454 3410; baseline 0.002 -21"><span class='ocrx_word' id='word_1_390' title='bbox 1437 3349 1646 3410; x_wconf 74' lang='lat' dir='ltr'><strong>temptu</strong></span> <span class='ocrx_word' id='word_1_391' title='bbox 1669 3338 1950 3390; x_wconf 77' lang='lat' dir='ltr'><strong>Horatius:</strong></span> <span class='ocrx_word' id='word_1_392' title='bbox 1981 3359 2004 3384; x_wconf 73' lang='grc' dir='ltr'><strong>α</strong></span> <span class='ocrx_word' id='word_1_393' title='bbox 2024 3340 2073 3393; x_wconf 94' lang='grc' dir='ltr'><strong>Ο</strong></span> <span class='ocrx_word' id='word_1_394' title='bbox 2096 3336 2229 3390; x_wconf 83' lang='lat' dir='ltr'><strong>dura</strong></span> <span class='ocrx_word' id='word_1_395' title='bbox 2252 3356 2454 3391; x_wconf 84' lang='lat' dir='ltr'><strong>messo-</strong></span> 
     </span>
     <span class='ocr_line' id='line_1_65' title="bbox 1445 3414 2268 3488; baseline 0 -21"><span class='ocrx_word' id='word_1_396' title='bbox 1445 3433 1606 3467; x_wconf 74' lang='lat' dir='ltr'><strong>-rum</strong></span> <span class='ocrx_word' id='word_1_397' title='bbox 1626 3414 1742 3467; x_wconf 78' lang='lat' dir='ltr'><strong>ilia!</strong></span> <span class='ocrx_word' id='word_1_398' title='bbox 1766 3440 1789 3463; x_wconf 71' lang='lat' dir='ltr'><em>n</em></span> <span class='ocrx_word' id='word_1_399' title='bbox 1822 3414 1993 3488; x_wconf 81' lang='lat' dir='ltr'><strong>Epod.</strong></span> <span class='ocrx_word' id='word_1_400' title='bbox 2018 3417 2122 3483; x_wconf 85' lang='lat' dir='ltr'><strong>m,</strong></span> <span class='ocrx_word' id='word_1_401' title='bbox 2146 3415 2197 3481; x_wconf 74' lang='lat'><strong>4.</strong></span> <span class='ocrx_word' id='word_1_402' title='bbox 2261 3482 2268 3487; x_wconf 29' lang='grc' dir='ltr'><em>ι</em></span> 
     </span>
    </p>

    <p class='ocr_par' dir='ltr' id='par_1_9' title="bbox 1439 3492 2455 4267">
     <span class='ocr_line' id='line_1_66' title="bbox 1512 3492 2451 3567; baseline 0 -20"><span class='ocrx_word' id='word_1_403' title='bbox 1512 3492 1562 3547; x_wconf 86' lang='grc'><strong>5.</strong></span> <span class='ocrx_word' id='word_1_404' title='bbox 1601 3493 1755 3547; x_wconf 82' lang='lat' dir='ltr'><strong>Alter</strong></span> <span class='ocrx_word' id='word_1_405' title='bbox 1784 3493 1876 3546; x_wconf 73' lang='lat' dir='ltr'><strong>ille</strong></span> <span class='ocrx_word' id='word_1_406' title='bbox 1905 3494 2080 3546; x_wconf 77' lang='lat' dir='ltr'><strong>etiam.</strong></span> <span class='ocrx_word' id='word_1_407' title='bbox 2115 3494 2292 3547; x_wconf 75' lang='lat' dir='ltr'><strong>Tur-ic.</strong></span> <span class='ocrx_word' id='word_1_408' title='bbox 2326 3509 2451 3567; x_wconf 89' lang='lat' dir='ltr'><strong>post</strong></span> 
     </span>
     <span class='ocr_line' id='line_1_67' title="bbox 1439 3571 2449 3627; baseline 0.001 -2"><span class='ocrx_word' id='word_1_409' title='bbox 1439 3571 1534 3625; x_wconf 82' lang='lat' dir='ltr'><strong>alt.</strong></span> <span class='ocrx_word' id='word_1_410' title='bbox 1586 3575 1769 3627; x_wconf 74' lang='lat' dir='ltr'><strong>inserit</strong></span> <span class='ocrx_word' id='word_1_411' title='bbox 1812 3592 1957 3626; x_wconf 80' lang='lat' dir='ltr'><strong>err-or</strong></span> <span class='ocrx_word' id='word_1_412' title='bbox 1998 3591 2123 3626; x_wconf 80' lang='lat' dir='ltr'><strong>cum</strong></span> <span class='ocrx_word' id='word_1_413' title='bbox 2166 3573 2317 3626; x_wconf 85' lang='lat' dir='ltr'><strong>Bodl.</strong></span> <span class='ocrx_word' id='word_1_414' title='bbox 2366 3573 2449 3626; x_wconf 87' lang='lat' dir='ltr'><strong>ed.</strong></span> 
     </span>
     <span class='ocr_line' id='line_1_68' title="bbox 1443 3651 2451 3724; baseline 0 -20"><span class='ocrx_word' id='word_1_415' title='bbox 1443 3651 1608 3705; x_wconf 81' lang='lat' dir='ltr'><strong>Andr.</strong></span> <span class='ocrx_word' id='word_1_416' title='bbox 1645 3653 1791 3705; x_wconf 79' lang='lat' dir='ltr'><strong>Jens.</strong></span> <span class='ocrx_word' id='word_1_417' title='bbox 1830 3651 1964 3724; x_wconf 73' lang='lat' dir='ltr'><strong>(tae.</strong></span> <span class='ocrx_word' id='word_1_418' title='bbox 2001 3652 2196 3723; x_wconf 81' lang='lat' dir='ltr'><strong>Gesn.)</strong></span> <span class='ocrx_word' id='word_1_419' title='bbox 2234 3666 2287 3704; x_wconf 88' lang='lat' dir='ltr'><strong>ct</strong></span> <span class='ocrx_word' id='word_1_420' title='bbox 2322 3653 2451 3704; x_wconf 84' lang='lat' dir='ltr'><strong>meis</strong></span> 
     </span>
     <span class='ocr_line' id='line_1_69' title="bbox 1444 3728 2453 3804; baseline -0.003 -21"><span class='ocrx_word' id='word_1_421' title='bbox 1444 3742 1567 3783; x_wconf 71' lang='lat' dir='ltr'><strong>unte</strong></span> <span class='ocrx_word' id='word_1_422' title='bbox 1583 3728 1785 3804; x_wconf 73' lang='lat' dir='ltr'><strong>Gryph.</strong></span> <span class='ocrx_word' id='word_1_423' title='bbox 1808 3729 2073 3782; x_wconf 86' lang='lat' dir='ltr'><strong>omnibus.</strong></span> <span class='ocrx_word' id='word_1_424' title='bbox 2089 3731 2167 3781; x_wconf 81' lang='lat' dir='ltr'><strong>Ex</strong></span> <span class='ocrx_word' id='word_1_425' title='bbox 2185 3747 2293 3800; x_wconf 92' lang='lat' dir='ltr'><strong>quo</strong></span> <span class='ocrx_word' id='word_1_426' title='bbox 2314 3742 2453 3782; x_wconf 86' lang='lat' dir='ltr'><strong>recte</strong></span> 
     </span>
     <span class='ocr_line' id='line_1_70' title="bbox 1444 3806 2455 3870; baseline -0.002 -9"><span class='ocrx_word' id='word_1_427' title='bbox 1444 3809 1658 3861; x_wconf 82' lang='lat' dir='ltr'><strong>efficere</strong></span> <span class='ocrx_word' id='word_1_428' title='bbox 1677 3808 1885 3861; x_wconf 79' lang='lat' dir='ltr'><strong>videtur</strong></span> <span class='ocrx_word' id='word_1_429' title='bbox 1905 3811 2080 3860; x_wconf 84' lang='lat' dir='ltr'><strong>Burm.</strong></span> <span class='ocrx_word' id='word_1_430' title='bbox 2105 3806 2255 3870; x_wconf 81' lang='lat' dir='ltr'><strong>alter,</strong></span> <span class='ocrx_word' id='word_1_431' title='bbox 2285 3818 2338 3858; x_wconf 85' lang='lat' dir='ltr'><strong>et</strong></span> <span class='ocrx_word' id='word_1_432' title='bbox 2363 3806 2455 3859; x_wconf 77' lang='lat' dir='ltr'><strong>ille</strong></span> 
     </span>
     <span class='ocr_line' id='line_1_71' title="bbox 1444 3884 2455 3960; baseline -0.002 -19"><span class='ocrx_word' id='word_1_433' title='bbox 1444 3888 1619 3941; x_wconf 78' lang='lat' dir='ltr'><strong>etiam.</strong></span> <span class='ocrx_word' id='word_1_434' title='bbox 1638 3890 1778 3941; x_wconf 71' lang='lat' dir='ltr'><strong>Ram</strong></span> <span class='ocrx_word' id='word_1_435' title='bbox 1795 3905 1971 3960; x_wconf 86' lang='lat' dir='ltr'><strong>neque</strong></span> <span class='ocrx_word' id='word_1_436' title='bbox 1991 3899 2198 3939; x_wconf 75' lang='lat' dir='ltr'><strong>vetusta</strong></span> <span class='ocrx_word' id='word_1_437' title='bbox 2220 3884 2338 3951; x_wconf 77' lang='lat' dir='ltr'><strong>illa,</strong></span> <span class='ocrx_word' id='word_1_438' title='bbox 2361 3905 2455 3939; x_wconf 87' lang='lat' dir='ltr'><strong>ne·</strong></span> 
     </span>
     <span class='ocr_line' id='line_1_72' title="bbox 1442 3963 2448 4040; baseline -0.003 -20"><span class='ocrx_word' id='word_1_439' title='bbox 1442 3985 1547 4039; x_wconf 81' lang='lat' dir='ltr'><strong>que</strong></span> <span class='ocrx_word' id='word_1_440' title='bbox 1568 3980 1783 4040; x_wconf 78' lang='lat' dir='ltr'><strong>recepta</strong></span> <span class='ocrx_word' id='word_1_441' title='bbox 1805 3968 1966 4039; x_wconf 76' lang='lat' dir='ltr'><strong>plane</strong></span> <span class='ocrx_word' id='word_1_442' title='bbox 1987 3963 2246 4038; x_wconf 84' lang='lat' dir='ltr'><strong>procedit.</strong></span> <span class='ocrx_word' id='word_1_443' title='bbox 2273 3965 2448 4018; x_wconf 70' lang='lat' dir='ltr'><strong>Sum.</strong></span> 
     </span>
     <span class='ocr_line' id='line_1_73' title="bbox 1442 4044 2450 4117; baseline -0.002 -18"><span class='ocrx_word' id='word_1_444' title='bbox 1442 4047 1590 4099; x_wconf 72' lang='lat' dir='ltr'><strong>Praef.</strong></span> <span class='ocrx_word' id='word_1_445' title='bbox 1605 4065 1662 4117; x_wconf 88' lang='lat' dir='ltr'><strong>p.</strong></span> <span class='ocrx_word' id='word_1_446' title='bbox 1680 4047 1917 4098; x_wconf 79' lang='lat' dir='ltr'><strong>82.-R.</strong></span> <span class='ocrx_word' id='word_1_447' title='bbox 1942 4060 1962 4096; x_wconf 87' lang='grc' dir='ltr'><strong>ι</strong></span> <span class='ocrx_word' id='word_1_448' title='bbox 1980 4045 2345 4098; x_wconf 81' lang='lat' dir='ltr'><strong>etTm-icensis</strong></span> <span class='ocrx_word' id='word_1_449' title='bbox 2360 4044 2450 4097; x_wconf 75' lang='lat' dir='ltr'><strong>ha-</strong></span> 
     </span>
     <span class='ocr_line' id='line_1_74' title="bbox 1442 4123 2452 4196; baseline -0.005 -17"><span class='ocrx_word' id='word_1_450' title='bbox 1442 4125 1573 4179; x_wconf 84' lang='lat' dir='ltr'><strong>bent</strong></span> <span class='ocrx_word' id='word_1_451' title='bbox 1584 4124 1721 4176; x_wconf 80' lang='lat' dir='ltr'><strong>alter</strong></span> <span class='ocrx_word' id='word_1_452' title='bbox 1736 4143 1889 4177; x_wconf 81' lang='lat' dir='ltr'><strong>error.</strong></span> <span class='ocrx_word' id='word_1_453' title='bbox 1904 4123 2081 4178; x_wconf 81' lang='lat' dir='ltr'><strong>Editio</strong></span> <span class='ocrx_word' id='word_1_454' title='bbox 2096 4124 2280 4196; x_wconf 73' lang='lat' dir='ltr'><strong>Camp.</strong></span> <span class='ocrx_word' id='word_1_455' title='bbox 2303 4126 2452 4177; x_wconf 85' lang='lat' dir='ltr'><strong>omit-</strong></span> 
     </span>
     <span class='ocr_line' id='line_1_75' title="bbox 1445 4201 2390 4267; baseline -0.006 -8"><span class='ocrx_word' id='word_1_456' title='bbox 1445 4206 1507 4267; x_wconf 75' lang='lat' dir='ltr'><strong>tit</strong></span> <span class='ocrx_word' id='word_1_457' title='bbox 1523 4222 1677 4258; x_wconf 71' lang='lat' dir='ltr'><strong>error.</strong></span> <span class='ocrx_word' id='word_1_458' title='bbox 1698 4202 1802 4259; x_wconf 79' lang='lat' dir='ltr'><strong>Alii</strong></span> <span class='ocrx_word' id='word_1_459' title='bbox 1823 4202 1971 4267; x_wconf 81' lang='lat' dir='ltr'><strong>alter,</strong></span> <span class='ocrx_word' id='word_1_460' title='bbox 1994 4201 2086 4256; x_wconf 71' lang='lat' dir='ltr'><strong>1⁶11ae</strong></span> <span class='ocrx_word' id='word_1_461' title='bbox 2102 4202 2275 4255; x_wconf 76' lang='lat' dir='ltr'><strong>etiam.</strong></span> <span class='ocrx_word' id='word_1_462' title='bbox 2297 4205 2390 4256; x_wconf 83' lang='lat' dir='ltr'><strong>En.</strong></span> 
     </span>
    </p>
   </div>
  </div>
 </body>
</html>
