3200 5150
574 552 590 583 ἱ

793 510 920 580 228
1357 508 1449 571 M„
1490 507 1718 572 FABn
1755 507 2310 591 QUINTILIANI

793 657 1073 733 totaque
1116 652 1257 704 arte
1301 630 1644 703 consentit
1687 657 1853 703 cum
1893 657 2177 719 eorum,
2213 658 2368 729 quae
2404 630 2755 722 dicuntur,
2790 635 2899 707 af·-

650 770 721 824 ³5
786 747 1106 822 fectibus.
1132 745 1391 846 Atqui
1374 772 1446 817 ιιι
1482 745 1747 817 orando
1776 772 2058 844 quoque
2089 745 2378 817 intentio
2403 747 2622 837 vocis,
2650 747 2896 820 remis·

786 865 925 953 sio,
955 861 1206 949 flexus,
1237 861 1534 959 pertinet
1561 858 1651 930 ad
1681 859 2063 931 movendos
2096 860 2533 934 audientium
2562 863 2892 934 affectus:

789 980 1065 1078 aliaque
1098 999 1164 1050 et
1190 976 1702 1065 collocationiS‚
1727 996 1796 1048 et
1822 976 2005 1048 vocis
2023 1032 2041 1064 ‚
2063 997 2141 1048 ut
2160 977 2410 1050 eodem
2431 992 2621 1050 utar¹
2651 979 2896 1066 verbo,

788 1093 1324 1167 modulatione²
1357 1090 1894 1163 concitationem
1926 1090 2297 1192 judicum,
2337 1091 2473 1165 alia
2511 1093 2903 1166 misericor-

791 1208 982 1280 diam
1013 1207 1316 1306 petimus
1342 1238 1361 1298 ;
1391 1234 1617 1305 quum
1650 1206 1862 1277 etiam
1898 1205 2207 1304 organis,
2234 1205 2492 1306 quibus
2524 1234 2754 1280 sermo
2787 1234 2903 1280 ex-

789 1321 1003 1421 primi
1045 1347 1190 1391 non
1235 1341 1492 1420 potest,
1527 1312 1714 1393 affici
1753 1319 2029 1391 animos
2073 1320 2148 1392 in
2188 1319 2538 1393 diversum
2576 1321 2900 1394 habitum

645 1416 656 1431 .
690 1462 757 1514 26
790 1438 1193 1511 sentiamus.
1227 1437 1552 1536 Corporis
1593 1463 1878 1536 quoque
1920 1437 2175 1521 decens
2221 1458 2290 1509 et
2330 1459 2530 1537 aptus
2576 1436 2897 1528 motus³,

791 1554 912 1652 qui
952 1553 1204 1624 dicitur
1242 1564 1521 1641 εὐρυθμία,
1566 1548 1713 1623 est4
1757 1552 2220 1639 necessarius,
2260 1578 2390 1624 nec
2435 1552 2717 1625 aliunde
2760 1552 2903 1652 peti

787 1688 1046 1768 potest;
1083 1666 1156 1738 in
1191 1691 1333 1765 quo
1365 1691 1521 1764 pars
1552 1665 1844 1737 actionis
1875 1693 2020 1738 non
2057 1667 2360 1741 minima
2384 1667 2727 1740 consistit:
2760 1695 2905 1766 qua

683 1824 754 1877 27
790 1782 877 1855 de
909 1808 978 1852 re
1009 1779 1347 1878 sepositus
1376 1777 1580 1849 nobis
1615 1799 1716 1850 est
1748 1779 1942 1851 locus
1965 1779 2021 1851 ⁵..
2058 1784 2206 1876 Age
2226 1837 2245 1866 ‚
2276 1781 2332 1853 si
2368 1781 2656 1854 habebit
2686 1781 2906 1881 inpri-

791 1897 925 1970 mis
955 1921 1198 1968 curam
1229 1892 1413 1964 vocis
1451 1912 1703 1980 orator,
1747 1891 1918 1991 quid
1961 1914 2105 1965 tam
2152 1894 2453 1967 musices
2495 1898 2906 1996 proprium?

792 2010 930 2083 Sed
970 2036 1060 2080 ne
1110 2007 1257 2079 haec
1307 2003 1651 2104 quidem⁶
1698 2007 2187 2104 praesumenda
2231 2036 2388 2108 pars
2434 2031 2577 2082 est:
2631 2034 2708 2083 ut
2757 2040 2907 2086 uno

792 2122 1077 2200 interim
1122 2121 1430 2195 contenti
1465 2122 1684 2193 simus
1712 2124 2032 2223 exemplo
2067 2126 2148 2198 C.
2188 2126 2524 2217 Gracchi,
2568 2128 2903 2228 praecipui

792 2265 1083 2314 suorum
1144 2257 1547 2334 temporum
1611 2236 1935 2326 oratoris,
1985 2239 2101 2312 cui
2153 2240 2597 2313 concionanti
2644 2241 2907 2315 consis-

789 2378 946 2430 tens
980 2374 1133 2454 post
1164 2378 1330 2423 eum
1368 2351 1717 2441 musicus,
1754 2354 2022 2447 fistula,
2059 2383 2274 2456 quam
2308 2372 2584 2448 τονάριου7
2618 2381 2867 2432 vocant
2888 2417 2910 2450 ‚

796 2570 1082 2626 emtionem
1117 2565 1322 2633 trahat,
1353 2564 1510 2637 quod(
1526 2568 1685 2620 etiarn
1713 2587 1805 2620 ve-

794 2666 874 2705 tat
898 2649 1096 2721 Atqui,
1126 2649 1369 2719 protinus
1399 2665 1643 2717 sequens.
1679 2648 1807 2716 Quoe

792 2731 1043 2783 dicuntur
1057 2742 1178 2779 sunt
1202 2739 1372 2798 poetae
1390 2724 1579 2792 verba,
1605 2746 1629 2777 a
1620 2724 1751 2793 ’λα’ξι
1738 2748 1803 2789 ι,ς

795 2813 884 2870 cui
907 2810 1099 2861 accinit
1121 2809 1339 2860 musice.

875 2907 919 2941 ι.
968 2888 1036 2940 Ut
1064 2886 1242 2938 eodem
1277 2895 1409 2937 utar.
1446 2887 1626 2937 Utrius
1658 2884 1805 2937 verbi

794 2972 1040 3022 iteratum
1081 2985 1237 3018 usum
1278 2977 1492 3017 excuset
1508 3000 1525 3028 ‚
1563 2963 1699 3015 vocis
1736 2982 1804 3015 an

794 3046 1194 3111 modulationis,
1217 3062 1325 3096 non
1350 3056 1495 3095 certo
1521 3042 1683 3095 dicas.
1705 3046 1807 3094 Pu-

795 3142 852 3182 to
879 3141 1054 3179 tamen
1081 3122 1479 3187 modulationis,
1508 3141 1667 3193 quam
1691 3141 1805 3175 mo·

794 3205 867 3258 do
893 3205 1005 3258 voci
1029 3201 1338 3275 opponebat
1362 3201 1445 3271 (et
1460 3219 1591 3253 voce
1611 3212 1661 3252 et
1685 3221 1805 3253 mo-

793 3285 929 3359 dul.)
949 3302 1090 3335 nunc
1107 3285 1212 3353 ipsi
1231 3300 1445 3353 quoque
1460 3283 1580 3332 voci
1597 3281 1797 3333 tribuit.

853 3382 919 3416 a.
943 3360 1325 3414 Modulatioue.
1351 3359 1650 3413 Modulatio
1674 3380 1803 3432 pro-

792 3446 908 3517 prie
932 3440 1000 3494 ad
1024 3440 1431 3492 collocationem
1458 3438 1627 3494 solam
1649 3442 1806 3511 perti-

792 3535 918 3584 net3
951 3518 1045 3573 sed
1076 3518 1163 3570 hic
1196 3519 1315 3569 voci
1344 3535 1558 3587 quoque
1587 3536 1803 3569 accom-

792 3599 1058 3655 modatur.
1083 3600 1239 3649 Rom..

868 3682 917 3734 3.
961 3678 1130 3749 Aptus
1165 3686 1348 3728 motus.
1388 3678 1517 3744 Quae
1554 3674 1801 3748 placebat

792 3761 1029 3816 Gesner-o
1052 3754 1286 3808 Gothani
1308 3757 1566 3827 scriptura
1590 3755 1800 3820 modus,

792 3861 856 3896 aa
869 3846 982 3913 jam
1002 3837 1097 3890 ab
1083 3856 1202 3908 ipso
1219 3834 1429 3887 librario
1446 3848 1683 3886 correcta
1702 3835 1803 3888 fuit

790 3923 848 3974 in
873 3930 1157 3989 receptam.
1181 3916 1368 3985 Neque
1392 3911 1606 3965 aliunde
1630 3927 1804 3966 osten·

795 3999 938 4054 ditur
957 3996 1154 4049 modus.

866 4079 916 4145 4.
947 4077 1053 4141 aas.
1088 4084 1177 4127 est.
1206 4075 1383 4125 Turic.
1418 4072 1555 4126 Alm.
1592 4086 1644 4124 et
1676 4071 1798 4125 Ald.

793 4161 1028 4214 inserunt
1041 4164 1095 4204 et
1101 4175 1120 4214 ,-
1137 4152 1422 4223 eleganter,
1442 4172 1582 4224 resp.
1599 4151 1671 4204 ad
1689 4171 1798 4204 nec.

864 4235 897 4290 5
933 4233 1246 4306 Sepositus...
1268 4230 1425 4286 locus.
1439 4229 1664 4300 Lib.xl‚
1679 4249 1726 4284 c.
1745 4231 1799 4286 3.

1966 2569 2018 2623 6.
2053 2572 2135 2624 Ne
2160 2569 2271 2625 hoec
2298 2572 2525 2646 quidem.
2554 2573 2821 2642 Quoniam
2848 2590 2909 2627 et

1896 2668 2015 2702 eam
2037 2663 2354 2706 tractaturus
2378 2667 2458 2705 est
2481 2653 2602 2705 loco
2628 2652 2790 2705 modo
2819 2655 2906 2707 iu-

1895 2727 2087 2781 dicato.

1967 2827 2016 2879 7.
2037 2805 2265 2874 Tovae'puov.
2285 2813 2363 2862 Ita
2383 2825 2435 2863 et
2453 2811 2626 2865 Guelf.
2652 2831 2775 2864 cum
2794 2813 2905 2864 Tu·

1894 2890 1987 2940 ric.
2014 2888 2109 2941 sed
2130 2891 2264 2942 Latt.
2286 2890 2384 2942 litt.
2410 2893 2640 2961 cangius
2667 2893 2720 2943 in
2743 2891 2905 2944 Glos-

1894 2969 2031 3019 sario
2045 2969 2158 3020 Lat.
2181 2968 2466 3020 Tonan‘um
2481 2968 2602 3021 libri
2614 2988 2812 3022 nomen
2827 2972 2905 3022 af-

1893 3046 2027 3112 fert,
2054 3065 2217 3098 masc.
2247 3065 2397 3116 gen„
2427 3046 2520 3099 ubi
2546 3049 2706 3100 etiam
2732 3051 2905 3100 nostn‘

1895 3123 2000 3176 loci
2028 3127 2297 3188 meminit;
2330 3144 2505 3197 neque
2532 3126 2755 3179 dubium
2784 3141 2869 3179 est
2886 3166 2907 3193 ,

1896 3205 2023 3274 quin
2060 3205 2125 3255 sit
2165 3223 2325 3275 prava
2358 3207 2615 3277 scriptura
2646 3224 2902 3277 quorum-

1895 3282 2016 3333 dam
2048 3281 2178 3334 libb.
2211 3279 2402 3350 «νόμον
2430 3302 2529 3355 per
2565 3305 2603 3336 ο.
2638 3286 2902 3338 Memorat

1893 3361 2034 3413 idem
2055 3364 2113 3413 in
2134 3361 2402 3415 Glossario
2421 3366 2606 3417 Graeoo
2618 3402 2634 3430 ‚
2652 3381 2785 3416 voce
2800 3380 2905 3429 χιι-

1893 3436 2125 3509 po'pyaevor,
2151 3441 2332 3494 locum
2354 3443 2463 3496 MS,
2489 3441 2621 3495 cod.
2647 3442 2741 3495 ubi
2762 3439 2903 3495 mi-

1893 3521 1986 3573 διον
2018 3519 2227 3590 legitur,
2256 3520 2403 3591 quod
2434 3520 2590 3593 jubet
2620 3525 2809 3572 mutari
2847 3524 2901 3573 in

1890 3594 2112 3665 euripum.
2155 3629 2227 3640 —
2267 3603 2319 3652 C.
2364 3599 2640 3653 Gracchi...
2679 3597 2899 3669 τοιαίμον.

1891 3677 2074 3731 Multis
2109 3676 2215 3729 hoc
2246 3693 2595 3732 memoratum
2629 3682 2896 3752 scriptori-

1892 3756 2010 3809 bus.
2045 3758 2313 3811 Ciceronis
2346 3758 2497 3811 locus
2530 3770 2610 3810 est
2647 3758 2713 3811 de
2750 3761 2893 3812 Orat.

1890 3835 1986 3902 111,
2011 3835 2110 3901 60,
2135 3853 2293 3905 quem
2317 3839 2508 3909 repetit
2523 3835 2722 3890 Gellius
2740 3839 2789 3902 1,
2819 3855 2893 3889 ιι.

1891 3913 2052 3987 Apud
2070 3917 2380 3968 Ciceronem
2404 3934 2565 3987 quam
2586 3916 2724 3969 bene
2741 3919 2900 3989 scrip·

1891 3997 2016 4047 serit
2040 3996 2289 4046 Emestua
2307 3995 2539 4066 Erycino
2558 4014 2657 4066 pro
2676 3995 2893 4058 Licinio,

1889 4074 2070 4125 nescio
2094 4094 2109 4135 ;
2161 4092 2323 4144 quum
2376 4086 2429 4125 et
2478 4072 2790 4126 Plutarchus
2834 4075 2857 4124 1
2877 4109 2896 4138 ,

1888 4169 1943 4222 p.
1973 4150 2074 4203 825
2093 4190 2110 4218 .,
2148 4154 2203 4204 B.
2239 4154 2295 4203 in
2325 4155 2441 4225 ipsa
2473 4153 2809 4216 narratione,
2842 4162 2897 4203 et

1888 4228 2088 4286 Gellius
2124 4233 2180 4286 in
2214 4230 2337 4286 loco
2375 4232 2723 4288 ciceroniana
2759 4229 2897 4285 Lim·-
