3200 5150
666 1531 721 1565 11

670 1877 728 1912 12

776 461 902 541 264

1340 459 1432 524 M.
1470 457 1697 525 FABII
1733 402 2286 541 QUINTILIANJ

762 581 1109 682 juvenum
1149 581 1509 656 modicum
1550 607 1733 671 esse,
1765 606 1990 680 quum
2021 578 2343 666 audient,
2378 572 2856 648 testimonium

774 695 1002 768 debet.
1034 697 1135 768 Ita
1160 697 1307 787 fiet,
1338 718 1414 768 ut
1438 723 1517 768 ex
1536 695 1803 795 judicio
1828 692 2258 794 praeceptoris
2284 690 2663 789 discipulus
2687 714 2862 786 pen-

774 808 965 899 deat,
1000 831 1204 908 atque
1235 809 1307 881 id
1339 836 1409 881 se
1446 808 1689 881 dixisse
1725 830 1901 881 recte
1924 865 1943 898 ,
1974 811 2163 906 quod
2196 807 2284 878 ab
2320 832 2401 878 eo
2430 802 2856 904 probabitur,

669 955 731 991 ιο
772 926 1021 998 credat.
1052 926 1178 997 Illa
1203 952 1360 997 vero
1389 925 1855 1015 vitiosissima,
1887 951 2040 1022 quae
2054 923 2208 1025 jam
2229 937 2244 967 ¹
2282 920 2711 993 Ιιιιηιαηὶιιις2
2743 940 2862 987 vo-

771 1061 988 1129 catur,
1033 1041 1328 1111 invicem
1370 1039 1883 1137 qualiacunque
1929 1037 2291 1127 laudandi,
2327 1063 2491 1108 cum
2528 1055 2629 1106 est
2665 1032 2864 1104 inde-

767 1180 931 1226 cora
972 1175 1038 1225 et
1082 1152 1511 1242 theatralis³,
1555 1174 1622 1225 et
1666 1179 1893 1225 severe
1938 1151 2258 1223 institutis
2298 1148 2550 1222 scholis
2592 1147 2860 1232 aliena,

769 1290 925 1341 tum
950 1269 1338 1341 studiorum
1362 1268 1938 1367 perniciosissima
1957 1259 2202 1339 hostis}
2227 1290 2651 1364 supervacua
2668 1262 2862 1334 enim

769 1370 1134 1453 videnturli
1168 1411 1333 1454 cura
1374 1409 1451 1454 ac
1492 1383 1712 1471 labor,
1753 1405 2021 1480 parata,
2060 1380 2404 1480 quidquid
2441 1377 2860 1463 effuderint,

772 1495 999 1568 laude.
1032 1496 1331 1569 Vultum
1368 1496 1574 1595 igitur
1606 1498 2037 1596 praeceptoris
2074 1496 2365 1584 intueri,
2393 1515 2536 1566 tam
2575 1491 2698 1591 qui
2735 1518 2864 1563 au-

772 1611 1009 1700 diunt,
1041 1611 1333 1699 debent,
1369 1639 1583 1709 quam
1615 1613 1759 1711 ipse
1789 1613 1909 1709 qui
1936 1611 2133 1700 dicit3
2166 1610 2257 1681 ita
2285 1609 2477 1682 enim
2503 1605 2867 1706 probanda

773 1746 977 1827 atque
1013 1725 1477 1825 improbanda
1510 1727 1939 1799 discernent:
1976 1726 2071 1798 sic
2106 1724 2277 1823 stylo
2301 1721 2329 1770 ⁵
2364 1722 2655 1794 facultas
2689 1748 2864 1792 con-

771 1840 1032 1939 tinget3
1091 1840 1440 1912 auditione
1474 1839 1507 1886 ⁶
1562 1841 1938 1942 judicium.
1997 1844 2088 1912 At
2145 1865 2337 1912 nunc
2398 1836 2599 1937 proni
2659 1857 2866 1935 atque

775 1955 1103 2028 succincti
1152 1955 1243 2026 ad
1286 1983 1575 2028 omnem
1630 1955 2062 2030 clausulam⁷
2106 1981 2250 2027 non
2303 1970 2684 2050 exsurgunt
2714 1976 2868 2020 mo·
2910 1952 2914 1955 ’

777 2143 877 2176 nus
920 2143 950 2176 a
991 2125 1082 2175 tali
1125 2128 1424 2198 suspicione
1466 2125 1778 2178 abhorrebi-

776 2221 927 2268 mus‚
967 2221 1079 2273 quae
1120 2218 1295 2256 tamen
1332 2218 1391 2255 ut
1425 2207 1481 2257 in
1512 2204 1618 2257 hoc
1655 2205 1777 2257 loco

776 2281 907 2333 falsa
931 2284 997 2333 sit
1014 2321 1029 2346 .,
1054 2283 1165 2333 fieri
1189 2302 1313 2334 sane
1337 2296 1529 2355 potest.
1664 2342 1672 2348 ·

853 2377 897 2410 1.
937 2362 1063 2430 Quoe
1079 2363 1217 2433 jam.
1247 2364 1421 2414 Turic.
1456 2362 1592 2414 Alm.
1626 2361 1774 2417 Bodl.

774 2436 939 2489 Andr.
966 2455 1082 2510 quoe
1104 2439 1277 2490 etiam.

849 2534 896 2568 2.
924 2515 1255 2568 Humanitas.
1280 2519 1494 2591 Proprie
1520 2519 1778 2589 significat

776 2596 1139 2648 dexteritatem
1182 2598 1461 2668 quamdam
1506 2618 1611 2671 qua
1657 2619 1778 2670 erga

769 2673 1015 2728 homines
1039 2677 1311 2730 afficimur.
1337 2682 1597 2751 Tempore
1622 2684 1780 2732 etiam

774 2753 922 2806 Fabii
950 2757 1003 2806 in
1034 2755 1222 2806 malam
1251 2771 1455 2829 partem
1479 2758 1778 2830 accipieba-

776 2845 863 2883 tur
908 2846 961 2883 et
1004 2833 1332 2901 significabat
1376 2838 1779 2907 propensiorem

773 2909 917 2962 illam
954 2912 1007 2961 in
1041 2909 1306 2963 laudando
1344 2926 1395 2964 et
1428 2914 1776 2986 approbando

775 2988 1077 3041 facilitatem
1097 3029 1113 3054 ‚
1153 3009 1267 3061 quae
1303 3012 1452 3064 paene
1485 2993 1775 3046 adulatoria

776 3081 881 3130 est;
908 3081 960 3119 et
983 3082 1060 3120 est
1084 3068 1213 3121 illud
1238 3073 1421 3123 vitium
1447 3073 1593 3144 quod
1612 3074 1777 3126 nostri

771 3147 959 3199 'dicunt
972 3148 1151 3219 fausse
1169 3149 1418 3221 politesse.
1444 3154 1536 3205 En.

846 3227 896 3280 3.
931 3226 1248 3293 Theobules,
1282 3229 1448 3301 qualis
1478 3250 1508 3283 a
1537 3230 1777 3298 theatro,

774 3305 826 3355 h.
844 3324 887 3356 e.
904 3306 1306 3376 spectatorihuS‚
1324 3310 1455 3361 solet
1471 3311 1773 3364 acclamari:

774 3381 893 3433 vide
917 3384 941 3432 Ι
954 3420 970 3446 .,
999 3399 1025 3433 2
1044 3421 1060 3447 .,
1086 3400 1134 3451 9.

843 3460 893 3525 4.
914 3461 1299 3531 Supervacua...
1324 3464 1577 3518 videntur.
1596 3466 1774 3520 Guelf.

774 3554 896 3591 eum
928 3538 1088 3591 Goth.
1122 3541 1336 3606 videtur,
1375 3555 1425 3594 et
1457 3541 1567 3595 haec
1600 3545 1778 3615 plera-

773 3635 997 3689 rumque
1022 3631 1143 3669 ante
1164 3620 1335 3672 Burin.
1359 3620 1477 3672 edd.
1502 3624 1774 3694 scriptura.

772 3696 981 3750 Adsunt
1010 3708 1181 3748 tamen
1209 3716 1316 3750 non
1344 3702 1504 3770 pauci
1525 3700 1694 3753 Codd.
1726 3716 1778 3754 et

774 3773 975 3845 aliquot
996 3774 1115 3827 edd.
1133 3789 1257 3827 vett.
1280 3790 1545 3848 receptam
1564 3775 1778 3845 dantes»,

777 3868 890 3922 quae
916 3852 1026 3904 sola
1049 3873 1171 3907 vera
1196 3868 1291 3908 est.
1317 3884 1390 3896 --
1410 3858 1516 3910 RR.
1547 3876 1606 3924 π,
1631 3858 1691 3926 5,
1715 3860 1777 3926 6,

775 3930 990 3982 videtur.
1018 3933 1107 3983 En.

849 4006 896 4057 5.
930 4009 1015 4060 Sic
1044 4008 1195 4079 stylo.
1230 4011 1402 4064 Guelf.
1440 4027 1490 4064 et
1522 4013 1696 4065 Tilric..
1736 4013 1780 4067 εἰ

777 4085 941 4155 stylo,
982 4107 1103 4139 cum
1138 4094 1290 4143 Voss,
1334 4109 1376 4143 1.
1409 4096 1530 4146 Non
1558 4113 1775 4166 prorsus

777 4161 1045 4233 displicet,
1070 4166 1162 4218 sed
1188 4168 1361 4222 obstat
1385 4171 1552 4224 Codd.
1581 4187 1632 4224 et
1652 4173 1770 4225 edd.

1866 2144 2185 2191 consensus,
2209 2137 2261 2176 et
2284 2135 2460 2195 potest
2482 2122 2608 2172 ferri
2629 2117 2869 2192 anapho-

1865 2224 1922 2256 ra
1948 2205 2077 2255 ita...
2099 2203 2200 2267 sic,
2228 2220 2385 2273 quam
2410 2200 2476 2251 de
2499 2198 2754 2251 industria
2775 2217 2870 2250 va-

1866 2286 2072 2336 riaverit
2107 2285 2345 2353 scriptor.
2378 2310 2453 2320 —-
2478 2278 2683 2350 Stylo...
2714 2278 2870 2329 audi-

1867 2362 2021 2414 tione.
2044 2361 2288 2415 Ostendit
2308 2362 2596 2432 posuerim,
2612 2377 2719 2429 quo
2741 2375 2870 2409 casu

1868 2439 2205 2510 accipiendus
2227 2442 2292 2491 sit
2308 2439 2483 2509 stylus.
2505 2440 2584 2490 De
2600 2435 2735 2507 stylo
2749 2435 2869 2488 vide

1865 2520 2031 2591 Epist.
2055 2519 2122 2570 ad
2139 2517 2335 2592 Tryph.
2366 2534 2407 2568 1.
2433 2520 2524 2569 Est
2542 2530 2720 2568 autem
2744 2518 2788 2566 is
2811 2514 2866 2567 h.

1866 2598 1902 2651 l.
1928 2600 2092 2670 ipsius
2117 2598 2367 2664 dicentis,
2390 2600 2479 2667 qui
2503 2597 2749 2668 scriptam
2773 2593 2870 2645 do-

1867 2694 1955 2728 mo
1981 2677 2135 2728 affert
2159 2679 2479 2742 orationem,
2497 2674 2696 2726 auditio
2719 2687 2870 2726 caete-

1865 2774 2077 2822 rorum,
2121 2758 2209 2827 qui
2255 2758 2512 2807 intersunt
2555 2755 2866 2805 recitationi.

1865 2836 2140 2906 perperam
2181 2832 2437 2885 editiones
2471 2829 2710 2903 quadam
2741 2830 2869 2883 dant

1866 2913 2141 2964 auditt‘om‘.

1938 2990 1989 3043 6.
2015 2990 2313 3043 Auditt'one.
2336 2991 2452 3043 Cu».
2480 3002 2533 3042 et
2556 2989 2675 3042 edd.
2702 2989 2863 3040 Hack.

1868 3069 2142 3120 auditioni.
2170 3068 2273 3119 Alii
2294 3067 2461 3121 Codd.
2487 3066 2754 3136 vulgatam
2775 3065 2867 3118 ha·

1867 3149 2012 3201 bent.
2040 3152 2130 3201 En.

1939 3243 1989 3296 7.
2017 3224 2334 3279 Clausulam.
2361 3226 2472 3277 Etsi
2490 3223 2555 3275 de
2575 3224 2677 3275 fine
2696 3241 2867 3294 cujus·

1865 3306 1943 3356 vis
1982 3305 2247 3357 sententiae
2286 3320 2423 3374 saepe
2456 3300 2600 3372 apud
2630 3299 2865 3352 rhetores

1868 3398 2152 3456 usurpatur
2173 3380 2419 3433 clausula?
2441 3399 2636 3432 nomen
2652 3417 2668 3446 ‚
2693 3391 2864 3431 tamen

1864 3462 2115 3532 longioris
2153 3462 2402 3512 circuitus
2439 3468 2620 3528 arguta
2653 3470 2705 3509 et
2735 3475 2866 3508 con-

1866 3543 2018 3592 cinna
2036 3539 2308 3591 conclusio
2323 3539 2535 3610 proprie
2549 3536 2758 3601 dicitur,
2771 3553 2868 3605 pe-

1866 3622 1960 3672 tita
1986 3638 2015 3671 a
2041 3636 2196 3671 scena
2226 3618 2605 3688 significatione
2621 3653 2637 3679 ‚
2667 3614 2760 3667 ubi
2786 3626 2864 3666 est

1866 3698 2098 3751 clausula
2114 3700 2337 3769 petentis
2346 3697 2591 3769 plausum
2600 3694 2865 3747 histrionis

1867 3790 1919 3832 et
1950 3776 2330 3830 finem.fabulae
2361 3776 2700 3848 imponentis.
2739 3770 2866 3824 Inde

1868 3870 1945 3908 est
1980 3855 2125 3926 quod
2155 3857 2339 3907 Cicero
2371 3854 2497 3906 dicit
2521 3876 2533 3904 :
2573 3874 2596 3899 α
2624 3850 2866 3904 Clausala

1874 3957 1895 3980 κ
1916 3947 1991 3987 est
2019 3927 2246 3984 diffi'cilis
2275 3935 2328 3984 in
2355 3933 2628 4005 provincia
2655 3928 2866 3980 traden-

1873 4036 1894 4058 «ι
1914 4012 1981 4062 da
2003 4035 2024 4058 n·
2056 4009 2123 4062 ad
2143 4012 2247 4061 Att.
2270 4013 2367 4076 vt,
2392 4011 2453 4076 3,
2471 4010 2564 4060 ubi
2585 4007 2864 4081 provincia.-

1866 4090 2369 4142 administrationem
2414 4086 2603 4139 fabulae
2645 4101 2864 4156 compa-

1865 4186 1972 4239 rat,
1992 4185 2042 4225 et
2064 4170 2130 4224 ad
2151 4172 2264 4223 niv.
2287 4173 2359 4238 11,
2378 4168 2410 4236 4
2430 4185 2493 4220 :·«
2513 4181 2629 4221 utar
2647 4185 2707 4219 ea
2726 4165 2872 4217 clau-
