3200 5150
645 473 1587 595 1NST1TUT10N1soRAT.
1628 525 1796 590 Lm.
1835 525 1969 602 111,
2011 526 2073 590 s.
2278 522 2406 592 553

312 651 700 725 sententiae¹
746 672 815 728 et
855 649 1224 724 conciones
1261 674 1406 721 non
1446 647 1684 720 minus
1714 645 1983 719 clarum
2004 704 2024 737 ‚
2054 674 2271 746 quam
2308 668 2409 720 est

312 765 385 838 in
411 766 966 840 accusationibus
993 792 1072 837 ac
1100 762 1626 837 defensionibus
1642 776 1697 852 ²,
1723 762 2135 861 eloquentiae
2159 761 2408 835 lumen

312 881 708 953 ostendunt.
738 880 924 953 Dicit
953 900 1191 951 tamen
1225 877 1462 951 idem-²³
1495 878 1581 951 de
1617 878 1954 967 suasoria,
1988 877 2122 949 hoc
2156 877 2408 949 modo:

316 998 491 1067 Tota
517 1012 745 1069 autem
778 1000 1029 1081 oratio,
1064 993 1352 1094 simplex
1379 1008 1445 1065 et
1473 998 1729 1092 qravis,
1762 1008 1828 1065 et
1851 997 2189 1065 sententiis
2218 990 2416 1064 debet

305 1116 619 1184 ornatior
654 1137 815 1197 esse,
856 1136 1068 1211 quam
1107 1107 1348 1181 verbis.
1386 1110 1618 1180 Usum
1657 1103 2191 1207 exemploruml*
2231 1106 2413 1179 nulli
2448 1119 2522 1174 66

305 1223 656 1299 materioe⁵
695 1224 917 1324 magis
956 1223 1324 1297 convenire
1366 1223 1614 1295 merito
1651 1224 1796 1296 fere
1832 1249 2078 1295 omnes
2111 1249 2413 1295 consen-

302 1340 526 1429 tiunt,
571 1367 796 1440 quum
840 1338 1259 1440 plerumque
1301 1338 1669 1412 videantur
1714 1338 2128 1439 respondere
2176 1340 2416 1412 futura

303 1453 694 1554 praeteritis‚
728 1453 1206 1553 habeaturque
1242 1453 1803 1554 experimentum
1832 1452 2023 1527 velut
2055 1453 2414 1553 quoddam

303 1569 587 1643 rationis
628 1570 1133 1643 testimonium.
1173 1567 1474 1641 Brevitas
1512 1594 1797 1668 quoque
1837 1589 1960 1642 aut
1989 1567 2233 1669 copia⁶
2268 1595 2413 1640 non
2451 1588 2521 1659 67

301 1701 600 1784 genere⁷
629 1686 969 1776 materiae,
993 1684 1114 1758 sed
1138 1684 1386 1774 modo,
1416 1681 1812 1774 constant⁸;
1845 1711 2015 1757 narn
2046 1705 2124 1757 ut
2152 1684 2227 1759 in
2253 1710 2416 1757 con-

304 1799 475 1871 siliis
498 1798 931 1899 plerumque
945 1799 1328 1899 simplicior
1353 1799 1640 1898 quaestio
1666 1821 1797 1890 est,
1826 1798 1920 1872 ita
1945 1824 2125 1900 saepe
2153 1799 2229 1871 in
2253 1825 2419 1872 cau-

304 1914 399 1987 sis
426 1913 694 2004 minor3
725 1942 883 2015 quae
914 1916 1157 1987 omnia
1177 1941 1338 1987 vera
1366 1940 1510 1986 esse
1534 1914 1733 2004 sciet,
1764 1914 1820 1987 si
1850 1915 2053 2016 quis9
2075 1941 2221 1987 non
2255 1941 2419 1988 ora-

303 2030 530 2102 tiones
553 2031 765 2103 modo
782 2087 801 2121 ‚
825 2032 949 2105 sed
972 2031 1288 2104 historias
1314 2015 1522 2114 etiam
1551 2035 1890 2131 (namque
1915 2032 1989 2104 in
2011 2030 2124 2105 his
2147 2030 2420 2104 concio-

304 2171 435 2216 nes
457 2165 664 2245 atque
684 2147 1040 2220 sententiae
1066 2147 1486 2247 plerumque
1508 2147 1852 2220 suadendi
1872 2174 1950 2220 ac
1971 2144 2422 2220 dissuadendi

300 2261 707 2357 funguntur
724 2260 985 2360 officio)
1008 2260 1236 2362 legere
1262 2260 1621 2351 maluerit,
1641 2289 1860 2363 quam
1889 2262 1962 2334 in
1992 2281 2424 2334 commenta-

387 2425 431 2460 ι.
460 2408 739 2461 sententie
764 2421 818 2464 et
841 2411 1126 2465 conciones.
1153 2410 1319 2464 Habi-

1479 2410 1531 2464 6.
1555 2411 1670 2463 Aut
1689 2410 1857 2484 copia.
1877 2411 2202 2475 Tui-icensis,
2223 2419 2320 2462 aut
2338 2427 2420 2461 co·

301 2502 371 2541 ιω
396 2490 452 2540 in
476 2502 663 2541 senatu
682 2502 738 2542 et
754 2490 823 2543 ad
840 2489 1105 2564 populum
1123 2492 1321 2543 oratio-
1403 2489 1535 2563 pioe,
1561 2488 1728 2553 male;
1753 2501 1806 2542 et
1830 2488 1992 2542 solus.

300 2587 422 2623 nes.
440 2566 572 2621 Vide
596 2570 644 2638 5.
670 2569 757 2642 67.

384 2665 432 2699 a.
463 2648 886 2704 Accusationibus
909 2668 972 2703 ac
999 2650 1319 2723 defensioni-

299 2729 414 2781 bus.
440 2726 615 2780 Guelf.
640 2748 690 2780 a.
716 2739 770 2780 et
787 2728 838 2783 d.
852 2766 869 2793 ,
891 2727 1055 2801 paulo
1077 2732 1317 2795 suavius,

299 2809 410 2860 nisi
444 2804 591 2879 quod
623 2808 840 2859 variavit
873 2807 1097 2859 fortasse
1132 2809 1316 2877 Quint.

299 2887 373 2939 de
393 2884 679 2952 industria,
700 2896 921 2959 propter
944 2908 967 2932 κ
985 2887 1251 2938 sententioe
1268 2897 1322 2938 et

306 2990 332 3013 ιι
354 2983 642 3018 conciones.
665 2988 689 3014 n

381 3046 435 3098 3.
473 3045 630 3098 Dicit.
648 3085 660 3096 .
676 3085 688 3097 .
703 3081 718 3096 .
762 3043 917 3097 idem,
959 3044 1069 3097 Cic.
1111 3044 1315 3096 Partitt.

299 3127 511 3190 Oratt.‚
535 3142 582 3175 c.
617 3140 680 3194 27
708 3136 837 3177 extr.

380 3204 433 3270 4.
460 3203 619 3256 Usum
638 3198 1010 3275 exemplorum.
1032 3204 1212 3272 Quum
1229 3201 1318 3255 hic

297 3283 517 3338 refellat
543 3301 635 3335 eos
651 3320 668 3349 ‚
697 3283 790 3353 qui
816 3283 872 3335 in
897 3300 1091 3353 genere
1115 3280 1321 3335 delibe-

296 3365 474 3417 rativo
485 3361 767 3415 verborum
776 3362 1217 3433 magnificentiam
1226 3380 1323 3434 pu·

296 3457 425 3500 tant
442 3443 828 3513 adhibendam,
845 3442 991 3515 quod
1009 3456 1090 3496 est
1107 3445 1322 3496 tertium

298 3540 473 3599 caput
503 3545 532 3579 e
562 3539 792 3598 quatuor
818 3543 934 3597 quae
964 3523 1065 3576 sibi
1086 3524 1321 3577 refutan-

300 3609 377 3661 da
399 3608 681 3678 proposuit
693 3645 710 3672 ,
729 3623 840 3658 non
853 3602 1009 3657 video
1025 3623 1121 3657 eur
1132 3621 1322 3676 repen-

297 3704 379 3741 te·
402 3685 468 3739 de
505 3684 756 3758 exemplis
797 3700 933 3755 agat.
972 3687 1129 3737 Forte
1163 3682 1221 3736 id
1256 3702 1321 3737 ex

302 3768 419 3821 alio
443 3765 565 3818 loco
583 3764 692 3817 huc
710 3763 1024 3817 translatum
1043 3777 1139 3818 est.
1159 3765 1317 3816 Rom..

386 3842 437 3896 5.
458 3843 616 3895 Nulli
633 3842 878 3894 materioe.
900 3840 1033 3894 Edd.
1057 3856 1179 3895 ante
1198 3840 1317 3894 Ald.

303 3943 396 3998 pr.
424 3940 551 3973 meat
575 3939 759 3975 omues
783 3919 1035 3972 nonnulla·
1048 3940 1120 3973 m.
1133 3959 1151 3987 ‚
1177 3920 1320 3974 unde

304 4003 513 4072 Regius
538 4015 591 4053 et
616 4002 880 4054 Gesner-us
905 4001 1116 4054 efficere
1142 4001 1329 4054 malint

308 4099 429 4136 non
454 4078 556 4131 uui
585 4081 841 4146 materiae,
876 4080 969 4133 sed
1002 4093 1213 4152 recepta
1247 4095 1329 4133 est

308 4165 375 4216 in
390 4157 558 4213 Codd.
581 4161 710 4211 meis
730 4158 924 4225 tribus,
946 4160 1092 4231 quod
1110 4159 1176 4213 de
1189 4160 1324 4214 vall.

206 4288 223 4299 ,
313 4255 538 4312 quoque
559 4237 719 4291 refert
741 4237 947 4292 Badius.

1482 2590 1531 2643 7.
1561 2571 1814 2624 Genere...
1840 2568 2013 2622 modo.
2036 2570 2304 2623 Posterius
2328 2587 2419 2623 ac-

1408 2652 1529 2722 cipe
1556 2650 2006 2724 maynirudinem
2031 2649 2303 2701 ambitum.
2323 2652 2420 2702 vi-

1405 2728 1474 2782 de
1498 2730 1545 2797 5.
1572 2728 1671 2793 35;
1695 2732 1753 2782 it.
1779 2727 1872 2782 lib.
1898 2731 1972 2795 Π,
1996 2747 2043 2781 c.
2072 2726 2231 2797 21,§.
2261 2746 2307 2781 α.

1479 2809 1529 2860 8.
1560 2808 1724 2861 Modo
1741 2846 1761 2874 ,
1789 2818 2044 2860 constant.
2073 2807 2336 2859 Pluralem
2362 2809 2418 2861 in

1407 2886 1571 2940 verbo
1588 2890 1695 2940 mei
1713 2886 1883 2941 Codd.
1904 2886 2120 2940 habent.
2133 2890 2287 2940 voss.
2310 2907 2422 2940 om·

1406 2984 1503 3019 nes
1517 2966 1838 3038 singularem
1848 3005 1865 3034 ‚
1881 2967 2201 3039 quibuscum
2215 2968 2419 3021 faciunt

1408 3064 1471 3099 ex
1489 3048 1620 3098 meis
1641 3044 1761 3098 edd.
1783 3045 1908 3098 Bad.
1930 3060 2034 3099 utr.
2050 3047 2198 3099 Cerv.
2215 3046 2416 3120 Gryph.

1407 3124 1556 3177 Gibs.
1585 3123 1720 3196 (non
1745 3124 1919 3195 Leid.)
1946 3124 2076 3180 obr.
2105 3125 2244 3178 Roll.
2275 3127 2418 3198 Cap-

1407 3223 1521 3276 per.
1549 3203 1715 3255 Blass.
1744 3199 1879 3272 (non
1908 3203 2156 3276 Andr-es).
2191 3203 2418 3257 Lubrica

1411 3282 1626 3354 quidem
1644 3285 1699 3334 in
1717 3300 1849 3335 voce
1870 3293 2110 3336 constant
2127 3282 2417 3356 disputatio

1410 3362 1478 3416 de
1501 3360 1672 3416 Codd.
1698 3364 2037 3425 auctoritate3
2063 3362 2157 3415 sed
2184 3363 2421 3435 sing-ula-
2493 3406 2502 3413 .

1410 3443 1482 3495 ris
1516 3443 1695 3514 potuit
1730 3444 1918 3514 reponi
1956 3442 2023 3495 ab
2054 3442 2260 3495 erudito
2276 3481 2294 3511 ‚
2328 3446 2420 3516 qui

1409 3521 1669 3595 pluralem
1682 3535 1808 3595 post
1818 3533 1914 3575 aut
1921 3521 2018 3596 disj
2026 3526 2295 3576 unctivum
2307 3543 2421 3578 non

1410 3604 1587 3656 ferret.
1599 3606 1789 3674 Neque
1799 3616 1978 3658 tamen
1990 3604 2250 3676 ejusmodi
2260 3619 2424 3658 struc-

1410 3697 1530 3736 tura
1544 3685 1652 3737 suis
1668 3683 1920 3756 exemplis
1934 3697 2096 3737 caret.
2111 3684 2246 3737 Vide
2263 3686 2310 3738 J.
2333 3688 2417 3737 Fr.

1409 3767 1794 3838 Heusingerum
1810 3765 1880 3819 ad
1894 3768 2001 3819 Cic.
2019 3766 2087 3819 de
2101 3767 2258 3821 offic.
2274 3769 2316 3832 1,
2331 3766 2364 3833 4
2375 3785 2420 3835 1,

1418 3865 1497 3899 ιο.
1522 3849 1726 3899 -RR.
1760 3863 1814 3913 1,
1840 3847 1906 3911 3,
1935 3846 1968 3913 4
1997 3859 2052 3897 et
2073 3847 2266 3912 Caum,
2294 3864 2444 3913 con--

1408 3935 1563 3978 stant.
1588 3927 1651 3977 R.
1681 3942 1709 3976 2
1724 3963 1741 3991 ‚
1764 3934 1979 3977 constat.
2002 3927 2237 3996 Utraque
2259 3923 2442 3992 lectio·

1415 4002 1551 4059 bene
1575 4021 1633 4055 se
1654 4002 1833 4055 habet.
1853 4003 1947 4055 En.

1486 4099 1537 4153 9.
1571 4082 1737 4146 Sciet,
1766 4081 1810 4135 si
1836 4082 1965 4155 quis.
1992 4083 2166 4134 Tur-ic:
2196 4081 2348 4148 scies,
2377 4101 2417 4135 s.

1415 4179 1497 4232 q.‚
1518 4177 1641 4212 cum
1657 4158 1823 4225 Alm.;
1848 4159 1943 4214 aed
1961 4178 1992 4213 a
2010 4159 2242 4214 secunda
2259 4179 2421 4214 manu

1416 4236 1504 4292 ille
1526 4240 1661 4293 sciet.
