3200 5150
1008 570 1057 633 P
1068 570 1121 634 R
1136 570 1210 634 ΔΞ
1220 569 1386 634 FAT
1400 572 1426 634 1
1440 570 1517 636 O.
2211 575 2248 638 3
2263 598 2286 638 1

222 690 692 781 posterioribus
718 692 891 758 curis
918 693 1154 759 melius
1180 695 1585 783 perspexisse
1613 692 1861 774 videor,
1885 716 2006 782 age
2027 716 2297 784 percen-

223 821 499 864 seamus.
522 800 767 863 Ponam
787 800 994 865 varias
1011 822 1277 889 quoque
1298 800 1649 888 scripturas
1664 822 1966 864 meorum
1980 798 2299 865 librorum
2401 830 2411 837 ·

224 905 611 992 insigniores
627 953 644 984 ‚
672 905 804 969 suis
828 906 990 970 locis
1014 930 1050 969 a
1076 929 1183 970 me
1211 907 1678 995 praetermissas
1685 955 1825 969 .....

292 1029 432 1099 (Has
453 1041 627 1080 autem
646 1032 811 1080 varias
831 1008 1082 1081 lectiones
1102 1043 1155 1081 et
1179 1028 1551 1101 explicationes
1576 1031 1682 1081 suis
1709 1046 1969 1100 quamque
1992 1027 2123 1081 locis
2145 1047 2300 1100 repo·

223 1118 450 1180 suimus3
478 1130 800 1188 quapropter
820 1115 908 1166 hic
934 1117 1140 1169 silentio
1167 1131 1287 1170 sunt
1311 1116 1698 1189 praetereundae.
1725 1116 1949 1169 Editoris
1972 1116 2151 1188 nota.)

314 1270 327 1283 .
350 1270 395 1283 ..
418 1268 432 1282 .
460 1218 586 1285 Sed
622 1243 892 1285 manum
930 1220 1014 1286 de
1047 1220 1288 1287 tabula.
1326 1220 1547 1287 Habes
1583 1222 1738 1287 satis
1773 1221 2038 1310 longam
2076 1243 2304 1309 pecca-

224 1342 443 1390 torum
484 1325 805 1405 indicem,
843 1327 998 1391 licet
1037 1328 1256 1393 minus
1301 1325 1581 1392 densum
1617 1328 1806 1391 illum
1846 1328 1912 1391 in
1954 1327 2303 1417 postremis

223 1430 438 1511 hisce,
466 1432 715 1521 quippe
749 1429 1047 1496 nondum
1089 1462 1116 1491 α
1143 1434 1529 1522 refrigerato
1561 1433 1960 1497 inventionis
1997 1456 2239 1498 amore.
2270 1463 2299 1494 υ

221 1539 384 1621 Quae
413 1554 632 1601 tamen
657 1535 766 1602 hic
796 1555 949 1603 sunt
978 1540 1253 1628 repetita
1286 1556 1349 1605 et
1374 1556 1749 1623 retractata,
1781 1561 1967 1628 aeque
1995 1561 2072 1603 ac
2105 1552 2306 1628 typo-

225 1642 457 1732 graphi
484 1665 736 1709 errores
753 1694 770 1724 ,
798 1642 975 1710 leves
1001 1644 1354 1735 plerosque
1370 1695 1387 1725 ,
1419 1669 1817 1735 quamquam
1843 1644 2040 1709 nimis
2063 1645 2308 1710 multos

224 1771 347 1836 pro
392 1748 757 1836 diligentia,
805 1772 952 1839 quoe
996 1751 1064 1814 in
1112 1751 1517 1838 corrigendis
1557 1751 1838 1839 plagulis
1876 1748 2169 1815 adhibita
2212 1766 2311 1816 est

227 1876 513 1933 summa,
561 1871 632 1918 ut
672 1876 1063 1941 percensere
1102 1877 1186 1919 ne
1224 1855 1539 1945 graveris,
1578 1873 1934 1944 antequam
1965 1853 2050 1918 ad
2085 1856 2310 1941 ipsum

227 1983 395 2048 opus
416 1958 771 2048 legendum
793 1960 1091 2039 accedas,
1115 1961 1413 2049 impense
1435 1976 1498 2024 te
1519 1983 1708 2049 rogo,
1730 1960 1939 2024 lector
1955 1957 2306 2039 benevole,

226 2066 331 2155 cuj
342 2088 416 2129 us
437 2063 708 2155 quidem
727 2065 982 2154 judicio
997 2065 1137 2157 jam
1161 2090 1269 2131 me
1294 2090 1614 2156 meosque
1636 2065 1893 2131 labores
1913 2066 2147 2131 volens
2167 2088 2312 2154 per-

227 2172 439 2237 mitto.
490 2171 804 2260 Reliquos
842 2172 1227 2254 Quintiliani
1265 2172 1467 2239 libros
1505 2174 1821 2239 continuo
1857 2195 1964 2235 me
2005 2172 2314 2251 daturum

229 2299 443 2366 spero.
485 2277 756 2341 Interim
791 2278 988 2358 scito,
1030 2278 1218 2366 prelo
1252 2277 1624 2367 subjectum
1658 2278 1857 2342 fuisse
1888 2278 2314 2365 Bipontinum

228 2383 561 2470 scriptoris
584 2383 716 2446 mei
745 2384 1148 2472 exemplum,
1177 2385 1244 2447 in
1270 2407 1405 2473 quo
1431 2384 1513 2462 si,
1544 2396 1730 2448 nunc
1749 2381 2111 2461 mutandis,
2138 2404 2315 2447 nunc

230 2487 592 2552 retinendis
626 2490 1100 2553 sententiarum
1135 2487 1670 2567 diremtionibus,
1699 2488 1848 2578 plus
1871 2489 2095 2568 etiam,
2115 2509 2314 2578 quam

232 2593 543 2674 indicavi,
577 2612 674 2660 est
707 2579 1075 2676 turbatum,
1106 2596 1368 2686 veniam
1398 2612 1573 2684 pet0.
1611 2595 1788 2658 Dum
1817 2617 1975 2658 vero
2005 2593 2144 2684 ipsa
2173 2591 2314 2658 haec

232 2702 531 2792 praefatio
552 2704 721 2791 typis
747 2705 1151 2791 exprimitur,
1181 2702 1471 2792 effigiem
1490 2702 1745 2770 nummi
1764 2702 1938 2780 illius
1964 2701 2312 2781 Paemani,

230 2806 535 2871 habentis
574 2830 817 2872 nomen
853 2807 1274 2889 Quintiliani,
1316 2807 1401 2874 de
1438 2832 1572 2898 quo
1598 2830 1812 2897 -supra
1848 2805 2014 2886 dixi,
2053 2829 2316 2871 meeum

235 2912 745 2978 communicavit
780 2914 881 2975 vir
922 2912 1256 2994 eruditus,
1305 2916 1674 3004 litterisque
1702 2911 2014 3005 juvandis
2057 2931 2320 3001 semper

237 3020 561 3095 inte‘ntuS,
612 3017 973 3097 Kirchhof,
1024 3036 1287 3084 senator
1333 3019 1886 3109 Hamburgensis‚
1939 3040 2320 3086 concessam

239 3124 362 3212 sibi
390 3123 472 3189 ab
505 3117 934 3216 illustrissima
968 3124 1475 3216 doctissimaque
1510 3113 1749 3192 comite
1779 3123 2192 3202 Bentinckia‚
2223 3125 2319 3213 ip-

237 3215 374 3300 sius
417 3232 673 3298 nummi
719 3230 1003 3298 domina.
1054 3236 1342 3322 Apparet
1388 3231 1479 3296 ibi
1527 3253 1600 3298 os
1643 3230 1920 3318 Augusti
1967 3228 2316 3309 aliorsum,

232 3362 441 3428 quam
472 3338 556 3402 jn
596 3338 804 3401 Patini
846 3338 1098 3426 effigie,
1146 3353 1483 3426 spectans,
1528 3334 1840 3401 videlieet
1871 3334 2320 3402 sinistrorsum

228 3444 408 3510 'illud
450 3444 872 3509 convertitur.
919 3447 970 3510 C
1007 3455 1225 3510 autem
1265 3445 1417 3510 satis
1455 3443 1806 3509 inmite-sto¹
1839 3439 2219 3540 agnoscitur
2252 3443 2322 3506 in

244 3551 541 3646 nomine,
576 3555 972 3642 quamquain
996 3551 1215 3650 aliqua
1241 3567 1337 3617 est
1360 3551 1730 3654 litterarum
1751 3547 2112 3654 olisepritas
2141 3548 2246 3634 (6).
