3200 5150
577 509 1233 578 INSTITUTIONJS
1269 507 1529 574 oRA'r.
1567 461 1730 572 Lm.
1771 507 1908 586 ιιι,
1956 528 2054 574 10.

2248 510 2365 576 561

262 661 345 705 ‘ro
362 648 378 678 ¹
398 632 666 735 judicia
689 654 968 733 propter
991 631 1064 702 id
1089 630 1319 703 solum
1347 629 1887 719 constituantur3
1917 630 2092 702 sicut
2113 631 2377 703 divina-

275 756 539 834 tiones-²,
573 776 729 848 quae
764 749 946 820 fiunt
972 745 1058 818 de
1098 766 1493 818 accusatore
1530 746 2019 817 constituendo
2043 803 2062 836 ,
2098 767 2166 816 et
2202 775 2377 819 uou-

273 889 636 963 uunquam
684 863 863 960 iuter
909 860 1245 933 delatores
1273 919 1292 950 ‚
1342 862 1510 932 Uter
1547 866 1914 961 proemium
1967 860 2381 935 meruerit3?

269 978 692 1080 Adjecerunt
735 975 1026 1077 quidam
1080 1003 1381 1049 numero
1434 972 1803 1047 mutuam4
1841 981 2375 1063 accusationem,

272 1124 420 1196 quae
451 1111 847 1186 ἀντικατηγορὸα
861 1093 1242 1181 ⁵3v0catur
1271 1092 1421 1164 aliis
1450 1092 1772 1165 videlicet
1797 1093 2165 1165 succedere
2195 1093 2377 1166 hanc

269 1239 549 1312 quoque
576 1208 1041 1310 comparativo
1077 1209 1315 1308 generi
1353 1208 1952 1298 existimantibus»,
1993 1207 2106 1281 cui
2137 1209 2380 1281 similis

269 1328 394 1400 erit
431 1326 847 1427 petitionum
883 1325 1183 1398 invicem
1224 1321 1731 1411 diversarum⁶,
1764 1303 1956 1422 quod
1996 1323 2243 1398 accidit
2272 1324 2380 1397 vel

268 1441 848 1543 frequentissime.
890 1442 972 1514 Id
1011 1442 1068 1513 si
1106 1462 1175 1512 et
1209 1440 1445 1540 ipsum
1484 1439 1715 1512 vocari
1749 1438 1956 1511 debet
1989 1454 2383 1533 ἀντικατηγορια

268 1561 464 1654 (nam
508 1556 788 1658 proprio
833 1578 1018 1628 caret
1062 1555 1417 1651 nomine),
1463 1553 1606 1625 duo
1647 1573 1852 1626 erunt
1889 1580 2147 1652 genera
2184 1554 2380 1656 ejus;

345 1789 391 1823 1.
416 1772 484 1822 In
499 1770 644 1843 foro.
670 1770 834 1841 Quod
857 1792 920 1825 ex
942 1772 1091 1826 hisce
1116 1789 1279 1844 appa·

267 1872 382 1906 rere
416 1855 489 1903 ait
521 1854 1012 1925 Capperonuerius,
1041 1867 1280 1905 centum-

264 1934 408 1984 viros
425 1949 534 1982 non
548 1933 605 1982 in
622 1931 743 1982 foro
754 1971 772 1998 ,
786 1949 968 1984 verum
987 1934 1043 1984 in
1061 1931 1281 1984 basilica

257 2009 562 2082 judicasse,
584 2007 672 2075 id,
697 2012 796 2063 etsi
816 2012 1176 2076 verissimum,
1200 2022 1282 2061 ta-

263 2108 392 2141 men
412 2088 643 2140 alienum
661 2102 741 2141 est
760 2107 792 2141 a
810 2088 934 2141 loco
959 2103 1161 2141 nostro·
1184 2088 1281 2144 Fo-

260 2185 382 2220 rum
404 2168 545 2217 enim
562 2168 853 2239 improprie
872 2165 1065 2219 dicitur
1083 2166 1151 2219 de
1172 2186 1284 2218 om·

260 2249 316 2298 ui
330 2243 571 2318 judicie,
593 2263 701 2315 quo
725 2248 883 2298 etiam
906 2244 1283 2298 centumvirale

257 2327 590 2388 continetur,
610 2327 667 2375 iu
686 2343 794 2395 quo
814 2343 915 2377 nec
935 2328 1054 2397 ipso
1081 2347 1105 2371 α
1124 2342 1285 2398 prop·

265 2430 289 2454 ιι
311 2420 394 2458 ter
424 2403 480 2455 id
509 2403 683 2457 solum
705 2429 727 2452 n
755 2405 1045 2477 judicatur.
1081 2405 1187 2459 Ubi
1215 2405 1284 2458 de

257 2491 383 2558 ipso
411 2483 534 2535 loco
560 2486 750 2555 agitur,
777 2485 878 2537 alia
904 2500 984 2538 est
1007 2488 1172 2552 ratio,
1196 2505 1284 2538 ve-

254 2566 341 2618 lut
366 2563 448 2631 X,
475 2562 535 2631 5,
566 2567 659 2616 18:
688 2588 711 2611 οι
730 2567 787 2617 in
809 2565 988 2618 foro...
1020 2569 1075 2618 in
1103 2564 1285 2619 basili-

260 2670 285 2692 «
308 2662 453 2697 cam.
476 2667 499 2691 u
530 2645 626 2694 Hic
649 2643 839 2715 forum
869 2648 1162 2717 opponitur
1194 2644 1282 2696 lu·

254 2728 365 2792 do,
390 2723 515 2776 vide
538 2726 611 2790 11,
642 2739 738 2786 103
762 2726 827 2790 V,
850 2740 902 2792 9.

335 2824 387 2857 2.
418 2802 797 2855 Divinationes.
822 2801 1009 2870 Qualis
1034 2814 1114 2854 est
1135 2803 1283 2854 Cice-

252 2888 412 2937 ronis
446 2885 505 2934 in
529 2881 797 2935 Caecilium
823 2881 891 2933 de
914 2884 1088 2934 Verris
1125 2900 1286 2934 accu-

251 2979 447 3018 satore
471 2958 865 3014 constituendo.

330 3046 385 3097 3.
418 3040 711 3094 Proemium
733 3039 993 3091 meruerit.
1020 3040 1158 3091 Nam
1186 3037 1282 3091 de-

247 3122 529 3178 latoribus
568 3134 619 3171 et
656 3118 957 3187 indicibus,
994 3122 1282 3190 praesertim

244 3208 306 3256 in
339 3202 573 3255 crimine
601 3197 981 3271 perduellionis
1011 3211 1064 3250 et
1092 3201 1282 3269 majes-

242 3288 378 3338 tatis
405 3278 632 3355 publice
659 3278 1123 3332 constituebantur
1146 3298 1283 3351 prae·

240 3367 379 3418 mia.
408 3364 511 3414 En.
658 3398 663 3405 .

330 3442 388 3510 4.
458 3438 689 3508 Quidam
745 3456 963 3489 numero
1018 3446 1277 3488 mutuam.

236 3520 441 3578 Guelf.
475 3516 550 3590 (et
574 3531 757 3569 noster
776 3517 837 3569 R.
865 3516 930 3587 4)
959 3517 1155 3568 omittit
1186 3535 1284 3567 nu-

238 3620 434 3664 mero,
475 3595 623 3668 quod
656 3595 872 3667 quidem
902 3596 1093 3649 absens
1124 3613 1282 3647 nemo

235 3677 673 3742 desideraverit,
701 3674 823 3742 sed,
849 3674 1123 3747 quomodo
1146 3677 1286 3727 exci-

236 3762 428 3827 derit,
458 3756 815 3819 manifestim,
842 3773 1001 3825 quam
1026 3773 1189 3827 quare
1216 3752 1285 3806 de

238 3860 357 3897 suo
387 3832 663 3891 addiderit
685 3831 945 3885 librarius.

323 3917 383 3972 5.
416 3909 822 3980 ’.Απιιατκγορίοι
839 3909 975 3964 vide
997 3913 1094 3978 111,
1115 3911 1177 3978 6,
1198 3910 1283 3980 75.

233 3998 470 4053 niffen-t
498 3990 567 4043 ab
597 3986 946 4055 inquinem
970 3990 1057 4043 vel
1077 3988 1287 4042 relatio-

1366 1771 1499 1837 vn,—
1490 1771 1568 1836 4,
1583 1769 1635 1822 8.
1651 1771 1774 1821 Haec
1797 1781 1980 1821 nostra
1996 1782 2208 1822 constat
2226 1788 2384 1822 accu-

1371 1852 1576 1902 satione
1599 1850 1768 1921 ipsius
1794 1850 2004 1914 actoris.
2026 1850 2148 1915 VII,
2175 1868 2233 1917 2,
2265 1851 2344 1902 18.

1441 1927 1491 1979 6.
1516 1928 1881 1980 Petitionum..
1892 1927 2260 1980 .diversarum.
2281 1931 2384 1982 Ge

1369 2008 1519 2062 nitivi
1563 2009 1698 2059 ratio
1749 2005 1988 2059 redditur
2038 2008 2083 2058 si
2135 2007 2385 2099 intelligis

1370 2105 1555 2151 causa,
1599 2084 1746 2171 quod
1787 2085 2168 2138 obversabatur
2206 2089 2384 2139 animo

1373 2181 1538 2236 quum
1560 2148 1804 2217 mu⁹tuam
1827 2166 2208 2217 accusationem
2233 2165 2387 2217 dixis-

1370 2257 1493 2309 set,
1502 2263 1603 2316 pro
1636 2263 1741 2315 φη
1767 2257 1980 2317 poterat
2005 2254 2205 2298 mutuoe
2229 2263 2386 2297 accu-

1371 2324 1585 2376 sationis
1607 2342 1833 2376 causam.
1866 2325 2030 2376 sicin
2054 2322 2278 2376 statibus
2302 2325 2388 2376 iti-

1372 2401 1498 2470 dem
1510 2417 1798 2475 usurpatur
1813 2405 2073 2474 genitivus
2085 2441 2101 2470 ,
2119 2400 2221 2455 «ἐπ-ὂ
2241 2403 2388 2457 κοινοῦ

1373 2481 1754 2555 explicandus,
1789 2483 1967 2555 scripti
2006 2493 2058 2535 et
2103 2482 2386 2537 voluntatis

1372 2561 1499 2635 (ΠΙ,
1527 2562 1591 2631 6,
1619 2562 1716 2631 42,
1748 2563 1876 2636 88),
1906 2565 1998 2635 qui
2030 2583 2386 2618 connumera-

1372 2656 1461 2693 tur
1492 2660 1616 2694 cum
1651 2646 1806 2696 meris
1838 2645 2205 2711 nominativis,
2235 2647 2390 2715 quasi

1370 2732 1531 2775 sturm
1542 2761 1561 2788 ,
1586 2722 1747 2794 'quod
1761 2722 1768 2737 ¹
1781 2723 2106 2775 vocabulum
2137 2724 2387 2797 intelligi-

1373 2814 1476 2867 tur,
1522 2802 1682 2853 fuerit
1729 2802 2072 2873 expressum.'
2102 2803 2387 2861 Petitt’oncs

1373 2892 1552 2932 autem
1575 2879 1634 2932 h.
1661 2879 1693 2931 l.
1719 2879 1855 2933 nihil
1878 2880 2023 2933 aliud
2045 2884 2148 2935 nisi
2171 2901 2385 2937 accusa·

1373 2960 1575 3026 tiones,
1593 2960 1941 3023 intentione„
1966 2958 2112 3032 quod
2134 2980 2258 3013 mox
2280 2962 2383 3015 hae

1370 3041 1487 3112 ipsa
1516 3038 1561 3110 §.
1593 3053 1720 3092 extr.
1752 3041 2092 3095 manifestum
2118 3054 2227 3095 est:
2259 3064 2283 3088 α
2304 3042 2382 3095 al-

1379 3140 1403 3164 «
1422 3130 1593 3170 terum
1613 3142 1635 3165 ιο
1666 3117 1778 3187 (hae
1803 3133 1926 3171 sunt
1949 3122 2233 3192 petitiones
2257 3123 2385 3173 iuvi-

1370 3214 1490 3249 cem
1507 3196 1747 3270 diversae)
1774 3220 1795 3244 κ
1817 3216 1923 3270 quo
1944 3198 2232 3271 litigatores
2251 3204 2385 3254 invi-

1379 3299 1403 3323 «
1422 3294 1540 3330 cem
1562 3274 1709 3328 aliud
1733 3291 1893 3348 atque
1918 3278 2062 3331 aliud
2086 3281 2286 3333 crimen
2309 3282 2382 3332 in·

1379 3368 1691 3407 cna-tentant
1711 3358 1776 3408 Et
1797 3359 1872 3408 sic
1891 3356 2170 3429 aliquoties
2189 3361 2384 3412 Noster

1371 3436 1655 3506 petitorem
1678 3433 1806 3486 dicit
1827 3454 1928 3513 pro
1957 3450 2295 3503 accusatore,
2322 3451 2384 3490 ut

1369 3515 1493 3579 VII,
1538 3530 1585 3580 1,
1621 3513 1681 3581 5,
1710 3514 1916 3585 petitor'
1928 3514 2090 3568 dicit.
2124 3516 2382 3570 Occidisti

1373 3591 1661 3645 hominem.
1683 3594 1926 3646 Vicissim
1955 3595 2140 3648 Cicero
2169 3614 2383 3649 accusa-

1375 3682 1534 3724 torem
1564 3690 1663 3745 pro
1692 3673 1840 3724 omni
1868 3686 2040 3728 actore
2071 3685 2123 3727 et
2146 3678 2381 3747 petitore.

1372 3750 1507 3805 vide
1542 3754 1744 3804 Partitt.
1782 3755 2052 3821 Oratorr.,
2085 3772 2131 3806 c.
2165 3755 2231 3808 32
2265 3757 2383 3816 init,

1379 3830 1532 3903 Quod
1566 3831 1842 3884 relativum
1862 3871 1878 3899 ,
1921 3832 2225 3905 subjectum
2257 3847 2386 3908 post

1375 3910 1690 3962 diversarum
1699 3947 1717 3975 ,
1735 3910 1917 3962 itidem
1936 3914 2035 3963 toti
2053 3916 2297 3983 negotio,
2317 3914 2385 3966 si-

1373 3988 1489 4041 mul
1513 4001 1691 4041 mente
1721 3988 2141 4062 comprehenso,
2172 4010 2386 4044 accom-

230 4098 314 4133 ηρ
340 4070 621 4132 criminin
638 4087 742 4139 qua
758 4068 1038 4121 accusatur
1050 4072 1114 4135 is,
1129 4086 1290 4139 quem
1375 4066 1651 4119 nodatum
1661 4083 1760 4136 est,
1773 4086 1937 4140 quum
1947 4083 2251 4141 exspectare
2265 4082 2387 4145 pos·¹

231 4154 545 4210 vindicare
568 4148 681 4200 vult
705 4163 872 4215 actor,
892 4151 1030 4201 sicut
1047 4147 1290 4221 Clytoem-
1378 4166 1460 4200 ses
1479 4164 1615 4221 quoe,
1634 4146 1781 4219 quod
1798 4149 2081 4201 referretur
2093 4148 2164 4201 ad
2181 4149 2381 4209 similit

228 4248 451 4290 nestra
503 4227 572 4280 ab
613 4230 799 4299 Oreste
846 4247 902 4281 se
949 4226 1285 4283 defendente.

507 4334 548 4369 1.

1379 4227 1579 4280 scilicet
1602 4244 1779 4281 causa.

2035 4316 2102 4369 36
