3200 5150
737 468 858 537 156

1293 468 1386 531 M.
1426 464 1653 530 FABn
1690 459 2242 547 Qnm'rlmAm

719 595 922 681 dent,
959 617 1102 665 non
1145 614 1288 662 esse
1331 589 1558 688 paria,
1585 586 1758 687 'quia
1796 585 1982 687 lepus
2018 584 2410 685 epicoenum
2453 583 2574 672 sit,
2621 583 2818 685 lupus

718 706 1192 779 masculinum
1216 734 1235 794 ;
1261 729 1697 804 quamquam
1721 703 1941 773 Varro
1970 701 2044 771 in
2082 726 2163 772 eo
2197 698 2375 771 libro
2395 756 2414 789 ,
2449 726 2590 799 quo
2622 698 2820 772 initia

716 820 911 892 urbis
939 823 1180 892 Romae
1203 833 1223 864 ¹
1255 838 1559 907 enarrat,
1592 817 1833 916 lupum
1840 817 2190 912 feminam
2209 828 2239 860 ²
2275 815 2470 905 dicit,
2498 815 2817 887 Ennium

617 957 679 1011 13
715 935 1199 1033 Pictoremque
1231 933 1529 1005 Fabium
1565 953 1862 1004 secutus,
1901 930 2009 1002 Illi
2045 951 2282 1002 autem
2310 928 2559 1019 iidem,
2591 956 2818 1029 quum

715 1048 1247 1146 interrogantur,
1272 1074 1398 1118 cur
1418 1072 1589 1146 aper
1610 1051 1786 1146 apri,
1823 1066 1890 1117 et
1912 1061 2114 1144 pater
2134 1051 2350 1145 patris
2369 1043 2612 1116 faciat?
2642 1044 2820 1115 illud

715 1190 979 1236 nomen
1006 1160 1411 1260 simpliciter
1433 1157 1964 1260 positum³,‘hoc
1988 1159 2076 1232 ad
2096 1159 2360 1259 aliquid
2376 1185 2520 1231 esse
2540 1179 2820 1232 conten-

805 1332 847 1367 ι.
888 1312 1031 1365 Urbis
1053 1314 1244 1365 Romoe.
1273 1312 1447 1365 Guell'.
1475 1314 1725 1365 Romanoe

709 1396 865 1459 urbib,
880 1412 998 1445 cum
1015 1392 1176 1445 Goth.
1193 1392 1317 1464 (tac.
1334 1393 1519 1464 Gesn.)
1539 1406 1591 1445 et
1611 1393 1724 1445 aliis

711 1470 881 1525 Codd.
897 1485 947 1524 et
958 1470 1077 1523 edd.
1093 1490 1314 1542 quarum
1329 1474 1487 1523 etiam
1503 1486 1579 1523 est
1589 1475 1721 1524 Ven.

711 1551 837 1603 Bad.
857 1553 1018 1601 Viart.
1034 1579 1106 1590 -—
1119 1550 1287 1602 Codd.
1303 1553 1410 1602 RR.
1435 1566 1454 1601 1
1472 1588 1488 1615 ‚
1516 1569 1543 1602 a
1557 1588 1574 1615 ‚
1596 1548 1656 1617 5,
1672 1562 1725 1601 et

712 1633 873 1684 Cain».
893 1631 1141 1682 Bomanoe
1155 1630 1304 1682 urbis.
1320 1629 1546 1699 Vulgata
1567 1629 1723 1681 nobis

669 1738 675 1747 ·
710 1709 917 1762 videtur
931 1708 1228 1760 emendatio
1247 1711 1613 1760 recentiorum.
1627 1711 1719 1760 En.

787 1806 834 1839 2.
855 1788 1057 1859 Lupum
1063 1788 1199 1858 fem
1216 1788 1395 1840 Guelf.
1415 1786 1594 1859 lupam
1613 1806 1721 1839 ma·

709 1867 777 1921 le.
807 1898 880 1908 —
908 1868 1113 1937 Lupum
1126 1867 1410 1938 feminam.
1447 1869 1552 1936 Qui
1575 1869 1720 1937 frag-

710 1961 887 2000 menta
911 1948 1162 1999 Varronis
1187 1941 1516 2017 collegerunt
1534 1986 1550 2011 ‚
1574 1947 1719 1999 hunc

711 2031 826 2098 ejus
850 2025 1043 2077 librum
1067 2038 1312 2096 separant
1336 2024 1403 2076 ab
1438 2025 1551 2076 aliis
1579 2024 1720 2076 duo-

713 2104 815 2157 bus
832 2143 849 2170 ‚
870 2105 961 2174 qui
980 2115 1337 2154 memorantur
1355 2102 1500 2154 hisce
1521 2101 1685 2153 titulis
1704 2126 1715 2153 :

709 2183 790 2235 De
818 2182 870 2234 V
867 2183 937 2232 ita
958 2179 1145 2253 populi
1169 2181 1392 2231 Romani
1406 2202 1424 2241 ,-
1458 2180 1521 2231 de
1557 2182 1721 2231 Gente

706 2261 896 2336 populi
913 2261 1166 2324 Romani,
1199 2279 1267 2312 an
1287 2261 1411 2312 satis
1432 2273 1571 2311 certa
1594 2278 1720 2312 auc-

710 2344 919 2393 toritate
939 2379 955 2405 ‚
1012 2339 1258 2410 equidem
1307 2358 1416 2390 non
1463 2338 1682 2390 dixerim
1700 2377 1717 2405 ‚

712 2440 876 2494 quum
897 2422 1107 2473 nonnisi
1135 2436 1268 2471 nnus
1293 2418 1379 2469 hic
1404 2418 1553 2469 locus
1578 2418 1716 2488 (sive

711 2519 877 2552 unum
891 2497 995 2550 hoc
1009 2496 1328 2550 vocabulum
1345 2515 1373 2548 a
1387 2496 1715 2565 Quintiliano

708 2578 1087 2648 memoratum)
1106 2597 1135 2629 a
1155 2575 1492 2647 diligentibus
1511 2577 1613 2628 illis
1631 2596 1719 2629 an-

709 2660 964 2729 tiquitatis
983 2655 1378 2727 indagatoribus
1403 2674 1466 2707 ex
1489 2675 1553 2708 eo
1580 2655 1714 2707 libro

708 2738 886 2792 adhuc
900 2740 965 2790 sit
983 2739 1244 2789 inventus.
1267 2740 1483 2789 Veteres
1503 2736 1718 2807 quidem

704 2819 759 2870 in
787 2815 1114 2889 appellandis
1139 2814 1284 2867 libris
1305 2835 1412 2867 non
1434 2815 1568 2866 adeo
1592 2828 1716 2866 sunt

706 2910 1026 2958 constantes.
1063 2898 1217 2949 Ennii
1237 2895 1389 2947 locus
1418 2909 1493 2946 est
1522 2898 1578 2946 in
1601 2897 1715 2947 An-

707 2978 808 3032 nal.
833 2981 888 3044 1,
906 2999 960 3050 p.
984 2975 1226 3028 Column.
1258 2975 1335 3027 16.
1367 2975 1569 3027 Merula
1597 2993 1711 3044 ¹9¹·

711 3081 733 3104 α
753 3057 905 3111 Eudo
944 3070 1121 3109 tuetur
1160 3055 1285 3108 ubei
1324 3053 1467 3126 lupu'
1501 3054 1714 3126 femina

709 3160 732 3184 ει
754 3139 1015 3209 conspicit
1043 3138 1256 3189 amneis.
1282 3160 1304 3184 ι
1343 3135 1597 3187 Caeterum
1624 3154 1714 3186 su-

701 3216 781 3270 bit
807 3219 1010 3283 mit-ari,
1041 3235 1199 3287 quare
1224 3216 1308 3267 hic
1326 3253 1343 3278 ‚
1367 3214 1458 3266 ubi
1474 3253 1491 3278 .,
1524 3214 1712 3266 analo-

700 3298 844 3371 giam
876 3316 984 3347 non
1017 3295 1213 3367 ubique
1246 3294 1565 3365 sequendam
1598 3314 1712 3346 esse

705 3389 785 3428 est
799 3390 1156 3446 praecepturus
1173 3372 1528 3443 Quintilianus
1540 3411 1556 3438 ‚
1571 3391 1713 3425 men-

703 3455 903 3504 tionem
919 3451 1116 3504 nullam
1131 3454 1289 3503 faciat
1304 3450 1421 3503 libri
1433 3453 1681 3503 Varronis
1692 3490 1709 3519 ,

701 3534 987 3606 praesertim
1004 3529 1184 3581 oblato
1201 3531 1337 3581 forte
1354 3533 1465 3600 ejus
1477 3532 1710 3596 nomine,

703 3612 770 3665 de
780 3609 1043 3683 Analoqia
1055 3612 1265 3681 proprie
1277 3609 1710 3680 disputantts‚ubi

702 3691 867 3743 multa
899 3703 1081 3742 contra
1116 3708 1230 3740 eam
1260 3690 1566 3740 afferuntur.
1596 3693 1708 3741 An-

701 3773 1008 3822 numeratnr‘
1027 3783 1229 3834 autem,
1252 3768 1507 3839 quidquid
1528 3788 1709 3840 super-

702 3861 780 3900 est
799 3852 912 3920 ejus
933 3851 1135 3920 operis,
1155 3847 1299 3900 libris
1320 3847 1385 3899 de
1405 3849 1515 3900 Lat.
1537 3850 1707 3917 Ling.,

705 3947 930 3998 quorum
965 3929 1092 3979 facit
1131 3931 1223 3980 vn
1238 3966 1255 3993 .,
1292 3928 1409 3979 v111
1424 3967 1440 3994 ‚
1481 3929 1567 3979 lx.
1606 3926 1708 3980 Sed

702 4025 769 4058 ne
793 4008 1005 4059 Caesaris
1032 4005 1245 4078 quidem
1269 4006 1334 4058 de
1361 4007 1619 4076 Analogia
1643 4006 1708 4057 li-

702 4086 827 4137 bros
851 4100 1102 4138 memorat
1124 4086 1175 4138 h.
1199 4087 1230 4140 l.
1265 4089 1511 4139 Hausisse
1533 4101 1708 4138 tamen

704 4163 826 4218 inde
847 4163 1049 4217 videtur
1064 4165 1255 4237 aliqua3
1270 4186 1317 4219 v.
1331 4185 1454 4220 mox
1475 4165 1542 4221 ad
1558 4168 1602 4235 S.
1624 4164 1703 4220 15.

1884 1314 1933 1365 3.
1988 1315 2197 1366 Nomen
2236 1311 2540 1384 simpliciter
2571 1311 2817 1384 positum.

1812 1392 1988 1445 Guelf.
2018 1406 2070 1444 et
2091 1391 2254 1444 Goth.
2284 1392 2425 1463 (tac.
2446 1393 2606 1444 Gesn.
2627 1390 2650 1463 )
2672 1394 2822 1444 omit·

1813 1485 1933 1524 tunt
1971 1470 2275 1543 simpli’citer
2289 1509 2306 1536 ,
2358 1473 2414 1523 it.
2457 1472 2634 1523 Turic.
2674 1472 2822 1543 quod

1814 1552 1972 1602 etiam
1992 1548 2111 1602 edd.
2136 1549 2382 1601 omnibus
2401 1548 2493 1619 (ut
2511 1552 2653 1602 Jens.
2673 1589 2689 1615 ,
2714 1564 2818 1605 tac.

1813 1631 1970 1683 Gesn.
1988 1668 2005 1696 ‚
2040 1643 2092 1681 et
2117 1632 2267 1681 Tarv.
2289 1629 2311 1700 )
2335 1629 2513 1695 abest,
2542 1644 2662 1682 ante
2685 1629 2816 1683 ohr.

1814 1726 1920 1781 quo
1936 1713 1990 1762 in
2005 1728 2194 1780 genere
2211 1708 2444 1761 miranda
2461 1708 2560 1779 (an
2575 1709 2821 1782 ridenda)

1812 1803 1891 1840 est
1914 1790 2327 1860 Capperonnerii
2346 1786 2611 1857 diligentia
2637 1789 2819 1842 obser-

1808 1870 2006 1934 vanti5‚
2026 1866 2310 1919 desiderari
2321 1867 2686 1939 simpliciter-in
2706 1870 2819 1922 Ste-

1808 1945 2075 2018 phaniana
2087 1984 2103 2011 ‚
2124 1947 2272 2016 quasi
2286 1947 2340 1997 in
2355 1945 2461 1997 ulla
2478 1946 2575 1998 alia
2594 1946 2815 2018 legatur.

1808 2027 1996 2096 Neque
2014 2024 2314 2079 Obrechtus
2340 2026 2393 2075 in
2416 2024 2715 2096 catalogum
2738 2024 2817 2077 le-

1808 2122 2021 2170 corum,
2037 2123 2067 2155 a
2087 2123 2141 2155 se
2163 2122 2284 2155 cum
2306 2105 2528 2172 ingenii,
2546 2118 2660 2156 tum
2678 2104 2814 2158 cod.

1808 2185 2263 2253 Argentoratensis
2288 2201 2390 2254 ope
2420 2197 2817 2252 correctorum,

1807 2261 1983 2314 retulit
2016 2261 2158 2313 hunc
2190 2275 2447 2313 nostrum.
2482 2262 2648 2313 codd.
2704 2264 2816 2315 Bri-

1808 2344 2006 2393 tannici
2028 2341 2136 2392 duo
2162 2344 2319 2412 igitur
2342 2356 2393 2393 et
2414 2341 2548 2393 Alm.
2570 2345 2814 2412 ignorare

1805 2418 1860 2472 ‘tei
1886 2420 2188 2492 simpliciter
2207 2434 2330 2474 sunt
2352 2420 2575 2492 putandi
2590 2460 2607 2488 ‚
2648 2440 2814 2493 quum

1805 2500 1868 2565 ii,
1890 2502 1979 2571 qui
2001 2500 2339 2553 contulerunt
2357 2520 2449 2553 eos
2465 2539 2481 2565 ‚
2505 2519 2571 2553 ne
2590 2503 2645 2553 in
2666 2515 2815 2554 textu

1809 2580 2021 2650 quidem
2074 2594 2279 2653 ponant
2331 2579 2437 2632 hoc
2489 2579 2810 2633 adverbium.

1806 2662 1958 2711 Voss.
1988 2671 2089 2711 tres
2121 2673 2173 2711 et
2198 2662 2347 2710 Bern.
2372 2673 2616 2732 poterant
2649 2660 2813 2715 videri

1806 2752 2073 2809 receptam
2117 2738 2398 2790 defendere
2418 2777 2434 2804 ‚
2490 2739 2652 2790 modo
2694 2760 2813 2792 eam

1807 2818 1980 2871 adhuc
1997 2821 2051 2870 in
2066 2822 2364 2872 Burmanno
2381 2822 2810 2889 cognovissemus

1806 2899 2195 2950 accurationem
2221 2937 2237 2962 ‚
2293 2900 2649 2970 sciremusque
2669 2937 2687 2964 ‚
2742 2898 2813 2952 ad

1807 2976 1951 3048 quod
1975 2977 2269 3048 exemplum
2294 2990 2347 3029 et
2368 2979 2482 3048 ipse
2504 2991 2555 3029 et
2574 2977 2811 3030 Altman-

1803 3075 1902 3107 nus
1920 3094 1937 3121 ‚
1962 3055 2226 3107 Helvetius
2242 3094 2258 3121 ‚
2285 3057 2375 3125 qui
2395 3058 2709 3108 Bernensem
2729 3076 2810 3108 re—

1804 3137 2007 3202 censuit
2028 3173 2044 3200 ,
2097 3133 2417 3186 contulerint
2464 3153 2589 3186 suos
2635 3133 2807 3187 Codd.

1802 3217 1958 3267 Nunc
1983 3213 2268 3266 similitudo
2287 3253 2302 3280 ‚
2329 3234 2442 3285 quae
2467 3227 2547 3266 est
2571 3213 2811 3286 Guelfer-

1802 3293 1982 3363 bytani
2004 3311 2125 3344 cum
2157 3295 2309 3344 Voss.
2346 3310 2364 3344 1
2388 3332 2404 3361 ‚
2442 3293 2506 3361 3,
2544 3307 2595 3344 et
2622 3296 2808 3360 Bern.‚

1806 3372 2035 3423 Gotham’
2052 3391 2173 3423 cum
2192 3375 2344 3424 Voss.
2370 3390 2397 3424 2
2417 3410 2433 3437 ‚
2457 3374 2542 3424 vix
2558 3372 2811 3443 relinquit

1801 3469 1948 3522 spem
1976 3449 2273 3503 inveniendi
2298 3450 2457 3523 hujus
2481 3450 2727 3502 vocabuli
2751 3453 2809 3505 in

1801 3530 1911 3581 ullo
1936 3530 2124 3582 horum
2154 3530 2319 3582 codd.
2360 3531 2510 3583 Unde
2541 3533 2697 3602 igitur
2720 3533 2807 3584 in-

1800 3612 2025 3662 sinuavit
2046 3629 2100 3661 se
2121 3610 2251 3661 illud
2267 3613 2290 3660 ἶ
2318 3609 2573 3680 Equidem
2599 3631 2705 3662 non
2732 3610 2810 3662 di-

1800 3709 1934 3742 cam.
1974 3692 2170 3742 Assum
2205 3704 2378 3741 tamen
2403 3690 2532 3741 cod,
2570 3690 2714 3741 Bodl.
2753 3704 2809 3743 et

1799 3768 1881 3820 ed.
1906 3773 2102 3820 Veneta
2136 3768 2265 3837 1494
2292 3768 2477 3820 dantes
2504 3769 2805 3840 impositum

1798 3867 1895 3919 pro
1918 3848 2143 3919 positum
2160 3885 2176 3910 ‚
2212 3850 2265 3898 in
2293 3866 2398 3917 quo
2432 3846 2614 3898 credas
2640 3847 2803 3899 latere

1795 3925 2109 3999 simpliciter.
2137 3929 2200 3977 Et
2222 3945 2345 3977 sane
2370 3928 2621 3977 ‹ente—ntia
2643 3925 2803 3999 longe

1797 4006 1982 4058 melius
2016 4005 2255 4077 procedit
2291 4008 2454 4057 ascito
2484 4008 2586 4057 isto
2616 4003 2799 4057 adver-

1796 4085 1913 4150 hio,
1954 4104 2065 4156 quae
2101 4087 2211 4137 sine
2247 4105 2310 4136 eo
2346 4105 2410 4137 ne
2445 4085 2550 4136 ulla
2586 4083 2801 4156 quidem

1795 4183 1908 4218 esse
1931 4164 2151 4218 videtur.
2186 4163 2309 4230 vid,
2338 4166 2438 4231 111,
2476 4162 2541 4229 5,
2580 4163 2647 4230 8,
2670 4162 2801 4215 sim-
