3200 5150
762 460 885 539 104

1325 456 1419 519 M.
1458 453 1686 520 FABII
1723 455 2277 539 QUINTtLlANI

652 598 717 653 27
755 580 810 651 si
854 577 1043 651 idem
1081 579 1321 650 Graece
1360 578 1589 649 dicam
1615 634 1634 665 ,
1677 576 1882 650 dativi
1922 590 1971 648 ¹.
2020 576 2157 649 Sed
2198 576 2273 648 in
2308 574 2533 648 verbis
2568 598 2851 675 quoque

754 693 912 793 quis
944 714 1046 766 est
1074 691 1246 764 adeo
1277 692 1678 791 impet-itm,
1727 713 1803 762 ut
1830 691 2097 790 ignoret
2124 717 2415 791 genera,
2458 710 2526 762 et
2559 688 2854 790 qualita-

755 829 853 879 tes
878 821 906 851 ²
923 862 942 894 ‚
973 828 1040 879 et
1062 833 1390 906 personas
1410 862 1430 895 ‚
1460 828 1527 877 et
1548 806 1922 878 numeros?
1951 805 2290 878 Litterarii
2317 831 2513 905 paene
2538 804 2663 877 ista
2688 824 2854 877 sunt

754 921 903 993 ludi
942 942 1009 994 et
1039 920 1317 993 trivialis
1354 922 1673 994 scientiae.
1719 922 1878 992 Jam
1910 921 2251 1019 quosdam
2288 919 2405 991 illa
2430 918 2851 1007 turbabunt,

752 1066 910 1138 quae
945 1038 1527 1110 declinationibus
1555 1065 1700 1109 non
1735 1058 2058 1110 tenentur
2085 1035 2137 1108 ³.
2183 1039 2365 1110 Nam
2394 1057 2463 1109 et
2486 1035 2808 1134 quaedam
2828 1089 2848 1123 ‚

749 1159 1122 1253 participia
1139 1210 1159 1242 ‚
1200 1180 1288 1224 an
1310 1152 1500 1225 verbi
1521 1151 2011 1254 appellationes
2027 1149 2060 1213 4
2079 1151 2217 1224 sint
2231 1207 2251 1239 ,
2276 1151 2575 1224 dubitari
2597 1171 2816 1248 potest
2831 1204 2849 1237 ,

650 1289 714 1342 28
753 1267 918 1367 quia
937 1267 1130 1339 aliud
1154 1265 1288 1338 alio
1309 1267 1463 1339 loco
1485 1267 1718 1339 valent
1733 1323 1753 1357 ‚
1781 1289 1858 1338 ut
1877 1266 2081 1340 lectus
2099 1288 2168 1338 et
2186 1271 2475 1367 sapien&
2501 1263 2848 1355 Quaedam

748 1381 961 1454 verba
993 1379 1575 1481 appellationibus
1605 1382 1895 1471 similia,
1934 1404 2011 1455 ut
2022 1384 2431 1483 fraudator,
2470 1385 2767 1453 nutritor
2793 1377 2845 1451 ⁵.

750 1568 985 1621 dativum
1012 1571 1337 1637 Priscianus,
1368 1570 1475 1623 loc.
1509 1573 1597 1624 cit.
1625 1569 1758 1625 Vide

749 1650 930 1709 Nostr„
957 1650 1010 1714 Ι,
1036 1647 1100 1714 5,
1125 1649 1253 1718 59..

831 1743 849 1778 1
862 1767 873 1777 .
886 1727 1081 1778 Datt‘vt'.
1093 1729 1416 1780 Auctoribus
1427 1728 1600 1781 Guelf.
1618 1727 1755 1781 Alm.

750 1805 912 1859 Goth.
931 1820 983 1858 et
998 1806 1319 1859 editionibus
1333 1810 1513 1860 Locat.
1531 1819 1582 1859 et
1596 1808 1755 1858 Ruso.

753 1887 909 1937 omisi
925 1884 1145 1938 aliarum
1165 1886 1285 1938 edd.
1307 1887 1758 1959 importunissima

749 1965 962 2029 Graeca,
1000 1964 1072 2031 τᾷ
1108 1964 1203 2033 &opi
1220 2002 1238 2027 ‚
1283 1983 1397 2035 quae
1435 1966 1481 2016 si
1515 1977 1692 2016 essent
1727 1981 1758 2015 a

750 2042 1113 2111 Quintiliano,
1140 2043 1362 2096 verbum
1392 2043 1617 2115 pertusi
1652 2040 1758 2094 sal-

750 2133 861 2172 tem
890 2123 1050 2173 etiam
1072 2124 1263 2179 βακε
1301 2136 1441 2174 esset
1474 2121 1756 2174 redditum.

748 2199 915 2268 Quod
938 2203 1111 2252 caeteri
1132 2199 1302 2253 codd.
1330 2219 1393 2254 ea
1415 2201 1575 2255 verba
1599 2202 1759 2253 omit-

753 2291 863 2330 tere
886 2296 996 2330 non
1025 2293 1318 2346 narrantur,
1343 2300 1460 2332 eam
1484 2279 1762 2332 eonferen-

747 2359 884 2409 tinm
907 2369 1041 2429 puto
1056 2394 1074 2422 ‚
1097 2376 1161 2408 ex
1183 2372 1333 2429 parte
1358 2359 1570 2425 saltem,
1594 2358 1763 2429 negli-

747 2438 997 2506 gentiam.
1019 2439 1175 2488 Voss.
1201 2454 1228 2488 2
1243 2475 1260 2503 ‚
1278 2456 1401 2489 cum
1418 2438 1578 2491 Goth.
1592 2475 1612 2504 ,
1634 2439 1761 2490 Ber-

748 2534 899 2567 nens.
941 2528 1120 2567 autem
1157 2530 1210 2569 et
1241 2520 1393 2569 Voss.
1443 2535 1499 2584 ι,
1537 2518 1603 2584 3,
1637 2535 1761 2568 cum

750 2594 925 2648 Guelf.
958 2595 1112 2645 nimis
1141 2594 1314 2647 solent
1341 2600 1662 2669 conspirare.
1689 2625 1762 2635 —-

751 2676 878 2724 Post
891 2671 1057 2724 dativi
1068 2675 1186 2726 CA».
1204 2676 1385 2728 inserit
1396 2673 1468 2743 eresi
1477 2674 1597 2744 δορὶ,
1615 2672 1762 2747 quod

752 2769 854 2803 nec
880 2753 936 2803 in
964 2753 1140 2820 Regiis
1167 2751 1335 2805 codd.
1367 2755 1596 2825 reperias
1612 2792 1630 2821 ,
1661 2771 1759 2805 nec

752 2831 808 2880 in
833 2829 957 2882 edit.
988 2831 1168 2901 Camp.
1192 2833 1287 2884 En.

830 2926 877 2960 2.
909 2910 1134 2974 Genera,
1161 2920 1213 2960 et
1237 2910 1528 2982 qualitates.
1562 2912 1762 2962 Genera

752 2987 1036 3040 verborum
1053 3026 1070 3053 ‚
1115 3007 1230 3060 quae
1271 3001 1323 3041 et
1362 2986 1762 3062 siqmflcationes

753 3066 1024 3138 appellant
1046 3066 1331 3119 Diomedes
1352 3080 1407 3118 et
1432 3067 1726 3118 Priscianus
1741 3105 1759 3133 ,

754 3147 911 3196 etiam
950 3147 1119 3197 nostri
1158 3148 1253 3198 mvi
1292 3146 1619 3220 gratnmatici
1662 3163 1759 3197 au-

750 3223 907 3276 diunt
923 3225 1171 3288 activum,
1189 3225 1470 3297 passivum,
1491 3234 1756 3289 neutrum,

752 3302 1044 3376 deponens5
1086 3302 1359 3374 qualitates
1399 3316 1576 3354 autem
1614 3306 1757 3356 vario

753 3391 911 3432 sensu
957 3380 1235 3447 dicuntur,
1283 3399 1448 3452 quum
1491 3381 1757 3435 Charisius

750 3458 897 3531 apud
927 3457 1139 3510 Putsch.
1157 3497 1175 3524 ‚
1206 3478 1326 3531 pag.
1365 3461 1492 3526 138,
1521 3459 1758 3513 videatur

749 3538 927 3590 modos
978 3537 1373 3609 quodammodo
1423 3539 1716 3609 intelligere
1735 3578 1757 3608 ,

749 3618 877 3670 dum
890 3616 1198 3689 qualitatem
1213 3615 1464 3689 dispescit
1478 3620 1534 3669 in
1534 3614 1755 3689 finitam

756 3719 778 3742 α
800 3715 916 3768 quae
933 3709 1085 3747 notat
1107 3710 1309 3748 certum
1331 3715 1630 3762 numerum,
1649 3716 1758 3750 cer-

754 3797 777 3819 ·
796 3788 912 3825 tum
939 3787 1182 3845 tempus,
1210 3788 1408 3826 certam
1438 3791 1756 3847 personam,

756 3866 854 3904 aut
890 3865 984 3925 eqo
1023 3854 1199 3905 scribo.
1234 3851 1456 3926 Infinita
1488 3868 1599 3921 est,
1638 3874 1753 3925 quoe

754 3954 777 3976 ι
796 3930 926 3983 nihil
954 3945 1157 3984 certum
1188 3929 1383 3999 habet,
1414 3947 1475 3988 ut
1507 3945 1671 4006 teqere
1701 3945 1754 3985 et

752 4032 776 4055 α
794 4010 1016 4062 scribere.
1035 4036 1057 4060 a
1080 4014 1197 4083 lpse
1213 4026 1387 4064 tamen
1401 4031 1543 4078 mox,
1557 4032 1612 4084 p.
1637 4013 1755 4080 142,

749 4093 988 4159 agnoscit
1005 4105 1255 4161 praeterea
1274 4091 1492 4158 modos,
1511 4094 1753 4162 interque

746 4166 849 4224 hos
868 4180 1172 4240 perpetuum
1184 4208 1201 4238 ‚
1225 4173 1319 4241 qui
1334 4170 1476 4223 idem
1494 4184 1575 4224 est
1593 4184 1753 4241 atque

1849 1568 2137 1642 infinitivus
2153 1570 2417 1641 (Dio-iod.
2443 1589 2496 1641 p.
2519 1568 2664 1639 331),
2684 1570 2852 1639 ipsos-

1851 1669 1954 1721 que
1978 1649 2113 1703 adeo
2143 1649 2322 1702 modos
2341 1651 2519 1702 vocari
2542 1650 2698 1701 etiam
2720 1667 2851 1719 qna-

1849 1728 2018 1781 lt'tates
2058 1731 2131 1781 ait
2165 1749 2220 1800 p.
2267 1729 2381 1794 143.
2415 1729 2549 1783 Cum
2589 1745 2656 1779 eo
2695 1728 2851 1796 igitur
2879 1798 2888 1803 .

1848 1809 1977 1860 facit
2008 1809 2112 1876 Qu.
2137 1806 2272 1859 Vide
2303 1809 2358 1872 Ι,
2391 1805 2444 1869 5,
2476 1806 2566 1872 41.
2594 1804 2848 1857 Ceterum

1847 1887 2175 1937 constantior
2219 1903 2347 1937 usus
2390 1885 2850 1954 grammaticorum

1847 1963 2465 2036 vetet-umestflualitates
2474 1962 2754 2015 verborum
2768 1980 2851 2032 np-

1847 2044 2164 2117 pellantium
2189 2057 2454 2114 quatenns
2475 2056 2598 2095 sunt
2623 2040 2848 2094 Inchoa-

1850 2126 1980 2191 tivs‚
1995 2125 2423 2194 Frequentativa‚
2443 2135 2544 2175 etc.
2561 2124 2645 2175 Em
2664 2120 2822 2173 hodie
2834 2159 2848 2183 ,

1850 2204 2115 2255 Prisciano
2162 2214 2378 2253 anctore
2397 2239 2414 2267 ,
2465 2214 2589 2251 sunt
2634 2200 2845 2270 species,

1852 2301 1968 2353 qum
1992 2295 2167 2334 tamen
2190 2294 2243 2333 et
2255 2280 2451 2352 fonnoe
2472 2279 2720 2331 dicuntur
2742 2279 2850 2330 Ser-

1849 2364 1936 2413 vio
1948 2400 1964 2425 ‚
1983 2381 2036 2433 p.
2067 2378 2084 2411 ι
2097 2361 2218 2431 789,
2233 2374 2290 2412 et
2306 2361 2536 2413 Maximo
2551 2358 2849 2421 Victorino,

1848 2458 1903 2511 p.
1937 2439 2086 2507 1‘948.

1922 2518 1969 2569 3.
1988 2518 2264 2569 Tenentur.
2276 2518 2450 2573 Guelf.
2463 2527 2714 2578 teruntur,
2731 2533 2848 2567 cum

1848 2600 2004 2649 Voss.
2042 2613 2088 2663 1,
2119 2613 2181 2662 2,
2209 2597 2276 2663 3,
2303 2599 2455 2649 Bern.
2488 2596 2624 2648 Alm.
2655 2597 2846 2647 Joann.

1852 2685 2079 2727 tenentur
2101 2677 2156 2726 in
2184 2693 2292 2726 uno
2317 2675 2553 2728 Palatino
2568 2713 2587 2741 ‚
2612 2677 2703 2745 qui
2726 2691 2848 2726 sane

1845 2756 1971 2806 fons
2005 2756 2209 2806 erroris.
2241 2784 2313 2794 —
2337 2757 2399 2808 R.
2443 2772 2488 2821 ι,
2518 2772 2578 2820 2,
2601 2764 2847 2806 teruntur.

1849 2837 1941 2887 En.
1967 2864 2041 2873 —
2065 2835 2246 2904 Qnae...
2273 2852 2380 2885 non
2405 2844 2658 2898 tenentur,
2685 2832 2739 2884 h.
2766 2852 2810 2884 e.
2829 2867 2858 2896 ‚

1851 2931 1966 2983 quae
1985 2912 2216 2966 flexione
2245 2915 2359 2985 ipsa
2388 2931 2497 2964 non
2525 2924 2648 2965 sunt
2682 2912 2849 2963 mani·-

1848 2992 1984 3043 festa
1999 3029 2016 3057 ‚
2040 3010 2148 3062 quo
2171 2994 2485 3064 pertineant.
2510 2992 2594 3045 sic
2617 2991 2725 3042 Cic.
2750 3007 2846 3061 pro

1848 3070 2120 3135 Cluentio,
2148 3089 2193 3121 c.
2221 3070 2319 3136 44:
2352 3092 2374 3116 ι
2394 3069 2556 3123 Nullo
2580 3086 2852 3141 argumen-

1854 3171 1877 3195 α
1899 3162 2015 3204 to...
2059 3151 2256 3200 crimen
2303 3150 2564 3210 tenebitur.
2588 3173 2610 3198 ι
2661 3148 2851 3200 Tenere

1848 3241 1929 3280 est
1958 3246 2057 3299 pro
2089 3226 2476 3298 deprehendere.
2510 3229 2641 3295 Quae
2674 3241 2849 3279 nutem

1845 3323 1970 3355 mox
1995 3305 2176 3370 affert,
2201 3305 2427 3377 exempli
2448 3305 2599 3371 loeo,
2617 3323 2679 3358 ea
2698 3309 2849 3376 cujus

1848 3385 1950 3434 sint
1969 3384 2132 3454 partis
2154 3385 2433 3450 orationis,
2457 3384 2707 3451 flexione,
2725 3381 2778 3437 h.
2801 3404 2845 3435 e.

1848 3464 2222 3515 terminatione·
2239 3481 2347 3515 non
2371 3476 2612 3535 apparet.

1918 3542 1966 3608 4.
1985 3541 2232 3611 Quoedam
2250 3543 2395 3594 verba
2410 3541 2716 3614 app.Guelf.
2728 3560 2849 3596 cum

1848 3620 2093 3673 omnibus
2110 3658 2128 3686 ‚
2149 3634 2283 3691 puto
2299 3659 2318 3686 ,
2340 3621 2508 3674 Codd.
2537 3622 2682 3673 verba
2705 3623 2848 3672 insc-

1845 3701 1913 3750 rit
1928 3700 2022 3755 ’τοῖς
2042 3699 2208 3772 qued.
2233 3713 2285 3752 et
2302 3719 2425 3771 app.
2449 3699 2592 3770 quod
2612 3713 2751 3751 recte
2771 3719 2849 3750 re-

1844 3780 1986 3848 cepit
2009 3780 2199 3843 Gesn.‚
2226 3793 2411 3830 contra
2437 3798 2650 3844 omnes,
2676 3797 2849 3849 quan-

1847 3869 1959 3908 tum
1976 3856 2159 3922 video,
2179 3857 2298 3908 edd.
2320 3888 2392 3897 —-
2413 3858 2607 3922 Verba,
2625 3861 2683 3910 R.
2714 3874 2760 3924 t,
2788 3874 2844 3920 2,

1844 3948 1897 3986 et
1924 3938 2102 4006 Camp.
2129 3940 2219 3989 En.

1917 4012 1964 4065 5.
1999 4015 2382 4085 Utfinudator,
2404 4018 2640 4068 nutritor.
2666 4018 2848 4084 Quum

1844 4092 2077 4145 dubitari·
2107 4096 2190 4146 vix
2225 4097 2427 4166 possit,
2462 4098 2596 4166 quin·
2623 4096 2844 4164 Quintil.

1843 4173 1898 4223 in
1932 4189 2062 4225 voce
2099 4174 2324 4228 nutritor
2350 4177 2637 4247 respexerit
2666 4175 2848 4230 locum
