3200 5150
848 551 852 557 .
870 496 995 563 260

1429 493 1522 557 M.
1562 491 1788 557 FABII
1825 489 2382 575 QUINTILIANI

865 639 1009 707 cet,
1053 615 1170 689 sed
1210 613 1572 703 dividetur,
1600 613 1723 713 qui
1764 611 1895 684 sub
1937 639 2081 685 uno
2118 612 2558 702 miscebatur,
2596 610 2830 685 labor:
2867 632 2920 685 et

862 733 990 804 erit
1030 732 1137 804 sui
1175 730 1470 831 quisque
1504 729 1727 827 operis
1765 727 2088 827 magister
2127 726 2396 802 utilior:
2436 725 2627 826 quod
2650 739 2670 772 ¹
2716 726 2922 799 adhuc

859 847 1177 920 obtinent
1206 845 1433 934 Graeci
1452 900 1471 934 ,
1502 871 1544 915 a
1574 842 1879 915 Latinis²
1911 842 2248 914 omissum
2277 839 2449 930 est3,
2479 862 2546 913 et
2573 840 2722 912 fieri
2750 840 2923 913 vide-

857 982 971 1034 tur
999 981 1347 1049 excusate,
1375 959 1543 1059 quia
1568 978 1732 1030 sunt
1747 957 1918 1056 ,qui
1951 956 2167 1028 labori
2196 954 2349 1028 istil*
2376 954 2880 1029 successerint5.

956 1077 1126 1146 CAP.
1153 1076 1243 1145 ΙΙ.
1274 1075 1456 1173 Ergo
1481 1099 1707 1201 quum
1733 1070 1822 1143 ad
1851 1097 1965 1144 eas
1999 1071 2072 1143 in
2096 1069 2338 1143 studiis
2362 1070 2535 1142 vires
2565 1070 2925 1169 pervenerit

855 1216 1056 1288 puer,
1087 1209 1200 1277 ut,
1235 1213 1390 1287 quae
1420 1187 1647 1285 prima
1674 1212 1818 1258 esse
1848 1207 2187 1284 praecepta
2214 1184 2572 1256 rhetorum
2608 1184 2924 1272 diximus,

855 1324 1093 1375 mente
1137 1301 1465 1402 consequi
1511 1300 1756 1432 possit,
1802 1299 2177 1373 tradendus
2217 1299 2367 1401 ejus
2406 1298 2567 1370 artis
2608 1298 2928 1397 magistris

784 1454 812 1491 2
856 1419 982 1491 erit
1003 1439 1359 1548 ,quorum
1394 1417 1713 1516 inprimis
1745 1416 1990 1515 inspici
2025 1413 2299 1488 morea-‚⁶
2334 1413 2722 1514 oportebit3
2757 1412 2927 1513 quod

853 1559 984 1631 ego
1023 1560 1166 1605 non
1199 1532 1445 1604 iccirco
1478 1531 1918 1630 potissimum
1959 1531 2032 1602 in
2071 1531 2203 1603 hac
2242 1551 2431 1629 parte
2468 1549 2756 1601 tractare
2788 1554 2930 1600 sum

851 1673 1240 1745 aggressus,
1267 1645 1433 1744 quia
1457 1645 1702 1741 nonin
1729 1644 1984 1715 caetcris
2018 1671 2301 1741 quoque
2335 1643 2733 1714 doctoribus
2757 1641 2926 1754 ide-m

849 1760 985 1832 hoc
1029 1755 1574 1856 essminandum
1623 1784 1839 1885 quam
1885 1756 2408 1855 diligentissime
2451 1777 2737 1855 putem,
2773 1756 2932 1828 sicut

850 1867 1130 1986 testati&
1154 1900 1314 1944 sum
1339 1872 1516 1943 libro
1548 1871 1862 1969 priore,
1789 1885 1858 1931 ⁷·
1887 1870 2008 1942 sed
2032 1870 2222 1969 quod
2246 1871 2467 1969 magis
2490 1870 2933 1952 necessariam

778 1979 1003 2098 zejus
1038 1987 1153 2109 φὶ·
1142 1986 1600 2059 ·mentionem
1635 1984 1801 2057 facit
1832 2005 1987 2059 aetas
2020 1985 2169 2086 ipsa
2197 1984 2635 2058 discentium.
2663 1989 2848 2058 Nam
2877 2006 2936 2058 et

780 2143 789 2150 ’
930 2109 1158 2285 i.{qd
1177 2146 1404 2199 αάΙιιιε..
1436 2157 1683 2199 excusate.
1712 2146 1857 2215 Quid

851 2233 1047 2306 igitur„
1093 2228 1447 2280 tinentadhuc
1463 2229 1653 2292 διανεί,
1676 2228 1858 2279 omise-

849 2319 979 2370 runt,
998 2291 1454 2372 hutiniPSc-ilicet,
1469 2320 1556 2373 ut,
1571 2305 1700 2357 dum
1714 2304 1858 2377 apud

830 2386 1118 2458 rhetorem
1163 2399 1242 2437 est
1284 2404 1443 2456 puer,
1485 2386 1856 2455 grammaticus

853 2441 1100 2522 eumdem
1133 2461 1340 2514 doceat.
1374 2466 1443 2514 At
1476 2475 1721 2533 potestne
1753 2461 1858 2512 dici

838 2539 966 2616 fieri
976 2539 1213 2612 aliqum,
1235 2551 1398 2611 quum
1417 2541 1706 2592 omittitur?
1722 2542 1858 2592 Nam

856 2620 1007 2672 aliter
1045 2621 1129 2669 vix
1174 2631 1227 2670 te
1272 2617 1553 2688 expedias,
1595 2634 1755 2689 quam
1799 2630 1859 2668 ut

857 2698 1059 2751 omissio
1087 2700 1185 2749 ista
1213 2696 1419 2749 dicatur
1436 2693 1563 2768 fieri
1593 2706 1856 2761 excusate,

856 2777 951 2829 ubi
987 2795 1086 2848 pro
1127 2777 1369 2828 omissum
1402 2786 1476 2827 est
1503 2773 1683 2826 malim
1719 2787 1860 2826 certe

856 2854 1130 2918 omittitur,
1174 2855 1217 2905 si
1243 2851 1370 2925 fieri
1411 2871 1475 2904 eo
1513 2865 1593 2903 est
1629 2853 1860 2903 referen-

852 2932 1001 2984 dum.
1027 2934 1106 2984 Et
1139 2928 1410 3002 quomodo
1440 2930 1568 2981 facit
1600 2928 1670 2981 ad
1702 2947 1862 2981 excu-
1910 2930 1919 2941 '

859 3012 1079 3065 eandam
1093 3013 1430 3064 omissionem
1445 3012 1605 3061 moris
1619 3013 1862 3081 ejus,quo

861 3091 1071 3142 duobus
1127 3089 1281 3141 simul
1333 3090 1592 3159 magistris
1642 3087 1864 3139 vacabat

863 3169 1205 3235 adolescens,
1243 3167 1388 3238 quod
1429 3169 1511 3219 isti
1547 3166 1710 3219 labori
1742 3165 1865 3238 (cui

863 3261 1042 3300 autem
1055 3246 1108 3317 ἶν’)
1129 3257 1465 3300 successerunt
1485 3247 1717 3318 quidam.
1744 3249 1863 3299 He-

863 3344 957 3378 reo
985 3327 1039 3376 in
1067 3324 1221 3390 loco,
1251 3328 1372 3394 qui,
1402 3327 1444 3376 si
1477 3343 1587 3376 non
1620 3325 1864 3392 aliunde,

865 3403 934 3455 ab
983 3404 1403 3473 interpunctione
1453 3416 1594 3454 certe
1640 3403 1861 3455 laborat.

863 3481 1053 3550 Neque
1073 3493 1246 3532 tamen
1266 3480 1428 3531 ullam
1447 3498 1545 3550 ego
1564 3481 1868 3554 diremptio-

862 3576 988 3615 nem
1030 3559 1416 3624 comminiscor,
1459 3576 1571 3627 quae
1614 3559 1681 3611 ab
1722 3562 1867 3613 omni

864 3649 1016 3709 parte
1053 3635 1275 3706 placeat.
1296 3634 1427 3687 Vide
1460 3637 1514 3702 1,
1546 3654 1609 3705 9,
1631 3636 1707 3703 ,6,
1741 3637 1864 3704 ubi,

867 3715 997 3787 quid
1046 3717 1215 3767 Latini
1266 3714 1502 3767 rhetores
1557 3718 1826 3769 omiserint
1847 3755 1866 3785 ,

869 3811 1083 3864 quoque
1128 3792 1401 3845 tractando
1447 3793 1730 3846 levaverint
1774 3814 1866 3848 eoa

862 3875 1208 3944 grammatici,
1219 3872 1375 3942 longe
1388 3888 1466 3925 est
1476 3876 1724 3944 apertius.
1736 3875 1867 3928 Sunt

866 3956 1008 4006 onim
1027 3955 1350 4005 narrationes
1368 3966 1420 4004 et
1436 3970 1606 4022 genus
1622 3954 1872 4024 eloquen-

865 4034 950 4083 tiae
978 4028 1476 4096 demonstrativum,
1508 4032 1575 4083 de
1603 4031 1796 4102 quibus
1823 4037 1868 4086 si

867 4121 1049 4161 noster
1088 4126 1300 4179 quoque
1340 4110 1491 4161 loeus
1532 4113 1638 4179 agit
1682 4109 1868 4181 (qnod

870 4187 1147 4261 suspicor),
1162 4202 1440 4260 corruptus
1459 4187 1548 4243 ille
1568 4190 1634 4241 ait
1651 4208 1867 4244 necesse

1944 2160 2039 2199 est.
2072 2146 2320 2218 Aliquam
2346 2147 2514 2200 Codd.
2548 2149 2602 2199 in
2633 2145 2784 2199 hisce
2816 2146 2938 2199 fluc-

1943 2228 2236 2278 tuationem
2261 2224 2381 2278 vide
2412 2228 2468 2277 in
2498 2227 2640 2277 notis
2680 2226 2937 2295 sequenti·

1942 2303 2073 2372 bus,
2097 2303 2192 2356 sed
2213 2323 2326 2356 non
2349 2303 2629 2376 capitalem
2653 2304 2816 2357 illam.

2019 2401 2066 2435 ο.
2098 2383 2147 2434 Α
2174 2383 2385 2435 Latinis.
2416 2385 2523 2435 BR.
2549 2383 2777 2436 Codices
2809 2400 2860 2450 r,
2886 2401 2939 2446 a,

1946 2472 1998 2513 et
2016 2481 2050 2511 a
2072 2462 2286 2513 Latinis.
2311 2462 2524 2512 Enrron.

2016 2540 2067 2594 3.
2108 2540 2362 2594 omissum
2391 2549 2465 2592 est
2487 2549 2552 2592 et.
2579 2539 2943 2614 Guelferbyta-

1945 2639 2047 2672 nus
2073 2621 2267 2671 omittit
2293 2630 2381 2671 est.

2017 2699 2067 2765 4.
2097 2699 2284 2750 Labori
2307 2698 2403 2751 isti.
2429 2696 2588 2750 Goth.
2614 2698 2746 2770 (tac.
2771 2698 2950 2770 Gesn.)

1951 2776 2071 2827 huic
2094 2775 2280 2841 labori,
2305 2795 2429 2828 cum
2450 2780 2603 2829 Voss.
2635 2794 2683 2829 α.

2020 2854 2070 2906 5.
2113 2856 2462 2908 Successen‘nt.
2506 2858 2582 2907 Ita
2623 2856 2795 2909 Goth.
2838 2875 2950 2909 cum

1949 2936 2091 2987 Jens.
2118 2934 2248 3005 (tac.
2274 2935 2467 3007 Gesn.)
2494 2949 2546 2987 et
2566 2939 2726 2989 Voss.
2757 2938 2821 3003 3,
2845 2938 2950 3007 qui-

1949 3011 2052 3064 bus
2081 3012 2340 3065 accedunt
2366 3013 2485 3065 edd.
2511 3016 2665 3066 Tar-v.
2695 3017 2829 3068 Loc.
2852 3019 2950 3067 Ve—

1951 3105 2058 3144 net.
2085 3094 2241 3144 Rusc.
2259 3092 2380 3145 Ald.
2407 3093 2533 3145 Bad.
2557 3093 2765 3146 Cervic.
2794 3109 2846 3147 et
2868 3093 2956 3146 ad-

1953 3170 2269 3243 stipulantur
2291 3170 2398 3223 Bal.
2425 3184 2478 3223 et
2498 3171 2674 3224 Guelf.
2701 3192 2808 3245 per
2829 3190 2956 3225 erro·

1951 3267 2063 3299 rem
2098 3248 2283 3301 dantes
2314 3251 2694 3301 succensuerint
2725 3251 2853 3318 ille,
2875 3250 2958 3302 bic

1952 3330 2303 3381 mecenserint.
2332 3327 2539 3398 Vulgo,
2575 3343 2637 3380 ιιι
2671 3343 2733 3381 et
2766 3331 2956 3395 Gesn.‚

1951 3417 2302 3460 successemnt.
2328 3428 2400 3449 -·-
2420 3410 2498 3459 Ita
2523 3425 2746 3479 quoque
2771 3411 2880 3463 lut.
2911 3426 2959 3475 ι,

1954 3486 1988 3539 3
2010 3500 2062 3538 et
2083 3487 2243 3539 Can.
2269 3486 2368 3537 Ed.

2024 3565 2075 3617 6.
2118 3565 2312 3636 Inspici
2354 3583 2532 3618 mores.
2587 3589 2610 3613 οι
2628 3567 2960 3620 Justinianus

1959 3666 1986 3691 ι
2006 3661 2218 3714 quoque
2240 3646 2503 3716 praecipit,
2527 3658 2585 3697 ιιι
2609 3645 2876 3701 doctores
2898 3667 2967 3699 ar-

1939 3742 1984 3770 ·«
2003 3724 2134 3775 tium
2169 3724 2398 3793 primum
2432 3722 2569 3775 bene
2602 3729 2808 3777 morati
2841 3729 2966 3788 sint,

1961 3800 2193 3855 udeinde
2230 3800 2461 3853 facundi.
2498 3803 2564 3854 Et
2598 3801 2714 3854 hoc
2755 3807 2967 3857 nomine

1962 3880 2230 3931 «Socratis
2283 3879 2463 3933 schola
2513 3881 2612 3932 fuit
2663 3884 2933 3934 infamata
2951 3919 2967 3948 ,

1960 3958 2151 4027 «qu'od
2174 3958 2362 4012 obesse
2382 3958 2538 4013 bonis
2561 3961 2820 4015 moribus
2837 3961 2970 4015 vide·

1958 4048 2163 4115 «retur.
2184 4059 2208 4083 n
2254 4038 2331 4089 lta
2365 4037 2641 4091 Turnebus
2659 4078 2680 4106 ,
2730 4046 2826 4095 eui
2867 4060 2971 4095 non

1952 4116 2279 4166 assentimur.
2301 4117 2395 4169 En.

2025 4209 2075 4264 7.
2100 4192 2250 4244 Libro
2273 4194 2459 4264 priore.
2474 4192 2604 4248 vide
2624 4196 2693 4265 1,
2724 4215 2790 4266 2,
2817 4196 2872 4252 5.
