3200 5150
732 453 851 519 168

1292 452 1386 515 M.
1425 451 1654 516 FAssn
1689 449 2249 533 QUINTILIAM

725 576 1102 664 reducunt,
1137 595 1257 646 aut
1287 574 1613 673 correptis
1649 595 1768 646 aut
1803 574 2127 673 porrectis
2147 589 2165 619 ¹
2187 629 2207 661 ‚
2244 594 2363 645 aut
2389 571 2670 674 adjectis
2702 592 2829 647 aut

723 690 1033 763 detractis
1054 746 1073 780 ‚
1111 710 1229 761 aut
1264 690 1669 788 permutatis
1704 688 1941 761 litteris
1973 688 2354 787 syllabisve.
2398 689 2570 761 Inde
2599 690 2828 788 pravis

720 804 1060 903 ingeniis2
1095 804 1185 875 ad
1210 804 1583 877 foedissima
1619 831 1839 903 usque
1876 804 2180 878 ludibria
2216 801 2683 877 dilabuntur3.
2722 803 2829 877 Sit

722 917 960 991 eniml*
989 919 1244 992 Consul
1272 946 1313 991 a
1345 918 1777 993 consulendo
1797 974 1817 1008 ,
1845 919 1952 992 vel
1987 947 2028 991 a
2045 919 2434 1020 judicando
2454 918 2518 1007 ⁵3
2553 945 2722 991 nam
2758 938 2829 991 et

720 1033 856 1105 hoc
884 1032 1232 1106 consulere
1248 1052 1506 1107 veteres
1529 1032 2085 1133 appellaverunt3
2122 1035 2310 1107 unde
2335 1034 2565 1106 adhuc
2591 1060 2825 1106 rema-

720 1168 839 1219 net
867 1145 1042 1218 illud
1059 1202 1079 1235 ‚
1103 1149 1362 1247 Roqat,
1390 1146 1554 1220 boni
1569 1147 1919 1238 consulas,
1950 1148 2023 1221 id
2047 1170 2182 1237 est,
2214 1149 2486 1221 bonum
2508 1147 2823 1248 judices;

616 1288 645 1337 Γ»
720 1265 1002 1336 Senatui
1035 1288 1299 1336 nomen
1339 1264 1603 1337 dederit
1646 1286 1843 1355 aetas3
1888 1292 2059 1337 nam
2096 1265 2310 1337 iidem
2350 1269 2587 1337 Patres
2620 1284 2823 1354 sunt3

721 1401 788 1451 et
827 1382 1005 1467 Rex,
1044 1396 1266 1452 rector
1295 1400 1363 1452 et
1398 1379 1532 1452 alia
1563 1380 1872 1480 plurima
1907 1379 2331 1453 indubitata:
2381 1406 2513 1452 nec
2551 1379 2830 1452 abnue-

720 1492 857 1563 rim
879 1492 1155 1591 tequloe‚
1177 1494 1571 1594 requloeque
1586 1495 1645 1585 ⁶,
1666 1516 1733 1567 et
1751 1495 2088 1567 similium
2112 1495 2219 1567 his
2235 1551 2254 1584 ‚
2284 1493 2620 1568 rationem
2642 1521 2655 1564 :
2670 1492 2827 1595 jam

721 1607 806 1679 sit
844 1630 911 1680 et
942 1609 1165 1684 classis
1197 1638 1240 1682 a
1266 1610 1597 1703 calando,
1637 1632 1704 1684 et
1733 1610 1919 1713 lepus
1956 1610 2231 1712 levipes,
2278 1632 2345 1682 et
2375 1608 2612 1709 vulpes
2648 1607 2830 1681 voli-

618 1745 688 1812 ,η
719 1738 913 1823 pes⁷‚
951 1724 1254 1799 etiamne
1276 1724 1738 1805 acontrariis⁸
1767 1727 2002 1826 aliqua
2019 1727 2331 1800 sinemus
2348 1724 2574 1798 trahi?
2613 1744 2692 1797 ut
2716 1723 2830 1796 lu-

803 1894 846 1928 ι.
892 1877 1159 1932 Por-rectis.
1201 1880 1284 1933 Sic
1327 1882 1585 1952 exquisite
1626 1879 1732 1933 diei

722 1975 822 2028 pro
844 1957 1106 2027 productis
1126 1958 1368 2012 observat
1386 1959 1732 2013 Ruhnkeniue

723 2032 795 2087 ad
814 2033 973 2086 Rutil.
990 2037 1154 2106 an.‚
1172 2055 1226 2107 p.
1252 2055 1271 2088 1
1284 2054 1342 2103 2,
1361 2038 1590 2091 afferens
1606 2056 1734 2091 noz-

724 2125 864 2163 trum
890 2111 1084 2163 locum.
1105 2113 1239 2166 Vide
1262 2117 1285 2166 1
1298 2152 1316 2179 ,
1342 2133 1393 2185 7,
1424 2115 1503 2181 ι4.

802 2206 850 2241 2.
877 2189 1061 2243 Pravis
1083 2191 1317 2263 inqeniis.
1343 2195 1382 2243 Ι.
1411 2212 1457 2244 ο.
1477 2194 1735 2265 pravitate

727 2269 1076 2337 ingeniorum.
1109 2268 1253 2320 Nihil
1281 2271 1421 2322 enim
1450 2289 1587 2343 opus
1616 2289 1736 2322 mu-

731 2348 930 2398 tatione
956 2345 1166 2415 qualem
1192 2349 1380 2399 tentari
1401 2347 1576 2400 video.

805 2423 854 2476 3.
898 2424 1230 2475 vitabuntur.
1273 2425 1447 2476 Guelf.
1493 2425 1742 2478 labuntur

734 2521 857 2556 cum
869 2501 1201 2573 quibusdam.
1213 2502 1396 2557 Malim
1409 2503 1736 2561 delabuntur.

735 2613 806 2623 -
825 2582 1107 2648 Labuntur,
1133 2585 1193 2636 R.
1221 2582 1271 2634 6.
1296 2581 1556 2651 labantia,
1576 2586 1736 2640 Cum

806 2738 858 2804 4.
870 2739 950 2792 Sit
961 2740 1118 2792 enim.
1134 2742 1209 2792 Ita
1226 2741 1459 2796 etGuelf.
1476 2744 1578 2798 nisi
1594 2743 1739 2815 quod

735 2818 820 2872 Sic
841 2837 941 2889 pro
964 2819 1073 2884 Sit,
1098 2821 1361 2891 frequenti
1383 2823 1439 2874 in
1461 2820 1630 2890 codd„
1658 2842 1742 2875 er-

735 2915 871 2948 rore.
897 2896 1031 2948 Vide
1059 2911 1242 2950 notam
1268 2898 1337 2952 ad
1364 2902 1417 2963 1,
1441 2897 1476 2951 5
1493 2937 1510 2966 ,
1535 2900 1633 2970 49,
1658 2900 1743 2953 hic

735 2986 831 3026 aut
859 2974 964 3026 ille.
985 2978 1225 3028 Tuentur
1249 2991 1486 3030 nostram
1513 2981 1742 3052 scriptu-

734 3074 848 3107 ram
900 3069 1089 3126 praeter
1136 3070 1456 3112 memoratos
1504 3060 1741 3113 Gesnero

736 3134 905 3188 codd.
946 3138 1102 3188 etiam
1142 3137 1280 3190 Alm.
1314 3139 1490 3190 Turic.
1529 3150 1584 3189 et
1620 3138 1740 3192 edd.

736 3217 880 3266 JenS.
902 3214 1024 3285 (tac.
1047 3216 1231 3288 Gesn.)
1244 3219 1395 3269 Tarv.
1412 3220 1538 3269 Loc.
1555 3221 1744 3271 Venet.

738 3295 896 3346 Rusc.
931 3294 1092 3362 Quod
1118 3298 1174 3347 in
1200 3313 1362 3366 prava
1390 3295 1618 3348 lectione
1644 3314 1745 3367 pro

739 3370 822 3424 vel
841 3374 1161 3444 scripserunt
1183 3393 1254 3424 an
1276 3387 1402 3446 post
1425 3374 1672 3439 Badium,
1690 3374 1747 3426 id

741 3447 808 3500 de
831 3468 998 3514 mera,
1024 3464 1083 3501 ut
1107 3453 1315 3521 opinor,
1339 3455 1648 3520 conjectura
1671 3453 1748 3518 fq·

742 3541 943 3579 cerunt.
967 3557 1039 3566 —
1060 3529 1141 3581 Sit
1164 3528 1323 3579 euim.
1351 3527 1485 3581 Edd.
1517 3529 1669 3584 bonae
1695 3545 1747 3584 et

742 3606 918 3672 em„
940 3606 1085 3657 sitne.
1111 3608 1242 3658 Item
1266 3606 1349 3659 ed.
1375 3608 1535 3661 Περὶ.
1564 3612 1655 3663 Eo.

832 3683 882 3735 5.
940 3683 1260 3737 Consule-ndo
1313 3684 1394 3737 vel
1431 3687 1742 3758 judicando.

740 3759 913 3814 Aliam
931 3762 1154 3815 consulis
1172 3766 1425 3835 originem
1445 3766 1602 3818 tradit
1621 3770 1747 3819 Var-

742 3857 832 3906 ro,
866 3859 920 3912 p.
964 3840 1028 3906 24
1062 3854 1114 3893 et
1150 3840 1268 3907 242.
1303 3845 1380 3895 De
1413 3844 1621 3896 consule
1646 3863 1744 3917 pro

729 3916 909 3989 judice
921 3916 1024 3970 vid.
1041 3920 1262 3986 Liv.1u‚
1282 3918 1377 3986 55,
1404 3939 1463 3974 12
1477 3960 1494 3988 ‚
1514 3921 1580 3973 ad
1601 3942 1745 3974 eum-

747 4012 850 4065 que
869 3994 1130 4048 Drakenb.
1147 3999 1433 4069 Antiquam
1446 3998 1748 4052 consulendi

745 4074 849 4126 vim
861 4071 961 4126 vid.
979 4088 1031 4127 et
1045 4075 1189 4148 apud
1198 4078 1410 4129 Festum
1423 4080 1480 4130 in
1493 4077 1743 4132 consulas.

817 4151 867 4205 6.
890 4152 1097 4228 Tequloe
1117 4154 1418 4229 regulaeque.
1440 4159 1643 4211 Horum
1660 4176 1750 4211 vo-

1822 1878 2137 1932 cabulorum
2150 1899 2180 1934 a
2198 1878 2411 1954 tegendo
2426 1892 2480 1931 et
2494 1875 2711 1950 regendo
2728 1878 2831 1929 ori·

1821 1959 2000 2027 ginem
2027 1957 2245 2022 dubiam
2275 1960 2452 2010 facere
2483 1967 2695 2028 poterat
2725 1956 2829 2026 pri-

1823 2054 1921 2089 me
1945 2035 2156 2110 syllaba
2180 2035 2384 2089 diversa
2404 2035 2686 2106 quantitas.

1899 2131 1947 2183 7.
1987 2114 2208 2186 Lepus...
2245 2112 2437 2185 vulpes.
2471 2113 2551 2165 De
2586 2110 2833 2165 omnibu·

1822 2189 1973 2244 hisce
1998 2194 2182 2266 etymis
2206 2189 2534 2244 consulenda
2558 2188 2741 2242 lexica.
2770 2188 2831 2241 Id

1826 2283 2004 2323 tamen
2040 2268 2561 2323 animadvertendum
2590 2266 2677 2319 hic
2692 2305 2711 2333 ,
2748 2286 2833 2319 er-
2854 2276 2877 2290 ⁶

1825 2366 1942 2401 rare
1969 2366 2094 2414 eos,
2124 2350 2213 2419 qui
2242 2365 2363 2403 cum
2395 2347 2587 2399 vossio
2618 2347 2673 2397 in
2706 2346 2833 2418 Ety-

1826 2427 2092 2498 mologico
2109 2465 2126 2494 ‚
2150 2445 2281 2478 voce
2305 2424 2482 2496 lepus,
2509 2436 2703 2496 putent
2723 2422 2834 2475 dis·
2872 2483 2891 2501 ⁶

1826 2504 2075 2579 plicuisse
2115 2502 2444 2574 Quintiliano
2484 2500 2645 2554 hasce
2688 2500 2833 2573 lepo-

1828 2603 1935 2637 rem
1962 2596 2014 2637 et
2040 2585 2249 2657 vulpem
2277 2581 2553 2654 repetendi
2583 2584 2829 2634 rationes.

1828 2663 2111 2719 oriebatur
2134 2677 2309 2716 autem
2330 2661 2416 2713 ille
2438 2678 2602 2726 error,
2621 2679 2685 2714 ex
2701 2659 2836 2713 falsa

1829 2744 2207 2795 constitutione
2244 2739 2587 2814 prat-edentis
2624 2753 2835 2792 senten-

1829 2822 1932 2886 tie,
1954 2821 2046 2872 ubi
2065 2820 2310 2890 legebant
2328 2818 2533 2872 Sitne...
2553 2836 2624 2868 an
2643 2836 2742 2889 pro
2758 2818 2836 2870 Sit

1828 2899 2026 2951 enim...
2050 2897 2131 2950 vel
2138 2936 2154 2963 ,
2179 2911 2238 2950 ut
2257 2909 2478 2968 apparet
2494 2898 2661 2969 Etym.
2679 2898 2833 2948 Voss.

1830 2996 1962 3030 voce
1983 2977 2181 3030 consul.
2202 2976 2334 3028 Vide
2362 2989 2547 3028 notam
2574 2974 2643 3027 ad
2670 2977 2718 3043 S.
2748 2976 2833 3029 32.

1829 3055 1912 3109 Sit
1935 3056 2092 3110 enim.
2116 3059 2316 3121 Varro,
2345 3053 2413 3106 de
2440 3055 2497 3106 1..
2528 3055 2585 3105 L.
2604 3091 2621 3120 ‚
2649 3073 2703 3124 p.
2737 3071 2836 3125 29,

1831 3136 1977 3208 priua
2010 3148 2223 3208 etymon
2255 3147 2397 3186 recte
2428 3135 2628 3204 rejicit,
2654 3147 2838 3205 poste·

1834 3215 1942 3266 rius
1960 3211 2095 3265 male
2114 3212 2322 3284 probat.
2337 3211 2454 3264 Vid.
2472 3225 2525 3264 et
2537 3211 2671 3265 Gell.
2688 3215 2729 3279 1,
2756 3214 2834 3266 18.

1906 3293 1956 3346 8.
1993 3292 2241 3342 Etiamne
2272 3310 2305 3341 a
2340 3290 2623 3343 contrariis.
2661 3291 2834 3344 Guelf.

1834 3383 1958 3442 post
1978 3370 2204 3422 etiamne
2227 3371 2409 3421 inserit
2426 3368 2567 3421 hoec:
2596 3370 2834 3442 interpre—

1835 3450 2029 3508 tatione
2070 3459 2258 3500 rectam
2293 3448 2607 3521 sequendam
2641 3450 2836 3521 impro-

1833 3528 2057 3581 bandam
2097 3528 2442 3592 contrariam,
2489 3547 2602 3599 quae
2642 3529 2801 3581 verba
2817 3568 2838 3596 ‚

1835 3606 1935 3659 levi
1959 3606 2328 3674 fluctuatione,
2352 3606 2565 3678 plurimi
2590 3608 2838 3662 exhibent

1834 3685 2001 3738 Codd.
2037 3684 2169 3738 Edd.
2209 3700 2387 3739 autem
2414 3699 2538 3738 vett.
2576 3687 2685 3740 fere
2723 3707 2840 3739 om-

1833 3784 1927 3817 nes
1944 3804 1961 3831 ‚
1984 3766 2084 3816 nisi
2110 3764 2253 3836 quod
2277 3765 2466 3817 Badius
2491 3768 2683 3818 omisit.
2706 3769 2841 3820 Bec-

1835 3846 2031 3896 tissime
2053 3846 2347 3916 suspicatus
2371 3859 2480 3897 erat
2497 3847 2719 3915 Regius,
2738 3866 2840 3899 no-

1834 3934 1942 3973 tam
1971 3922 2161 3973 eruditi
2189 3923 2465 3995 cujusdam
2496 3925 2837 3995 marginalem

1835 3998 1902 4053 ab
1956 4000 2207 4071 imperitis
2263 4004 2533 4054 contextui
2587 4021 2839 4055 sensuum

1833 4080 1995 4130 fuisse
2018 4080 2281 4133 insertam.
2304 4081 2512 4134 Absunt
2533 4096 2706 4134 autem
2726 4082 2839 4134 haec

1808 4158 1993 4213 wetha
2021 4179 2053 4213 a
2080 4160 2276 4215 Codice
2304 4160 2535 4216 vallensi
2551 4200 2568 4230 ,
2592 4174 2651 4215 ut
2678 4162 2839 4215 refert
