3200 5150
794 500 881 568 38

1357 502 1454 567 Μ.
1492 496 1723 566 FABn
1756 486 2313 583 QUINTILIANI

791 625 1200 729 ignorabam
1246 627 1506 719 multa,
1541 652 1698 727 quae
1732 626 1820 699 ad
1853 626 1988 699 hoc
2023 653 2199 726 opus
2240 624 2699 726 pertinerent,
2733 622 2885 698 dili-

600 762 613 771 “
722 779 753 817 2
794 742 1188 845 gentissime
1232 742 1483 843 scripta
1522 740 1806 843 posteris
1847 739 2226 842 reliquisse.
2270 739 2408 813 Sed
2443 766 2585 842 qua
2624 766 2753 841 ego
2800 766 2883 839 ex

791 887 997 931 causa
1028 857 1409 931 faciliorem
1444 856 1622 930 mihi
1655 855 1932 937 veniam
1967 879 2141 929 meae
2176 853 2673 956 deprecationis
2705 854 2884 927 arbi-

787 974 1018 1048 trahar
1051 975 1234 1064 fore,
1274 973 1407 1049 hac
1440 972 2001 1046 accendebantur
2033 969 2133 1043 illi
2168 969 2387 1071 magis
2415 997 2430 1042 t
2476 969 2667 1072 quod
2703 968 2886 1043 inter

791 1092 1085 1164 diversas
1118 1090 1482 1192 opiniones
1510 1088 1822 1191 priorum
1841 1147 1864 1181 ,
1897 1109 1964 1162 et
1994 1088 2334 1190 quasdam
2362 1086 2571 1160 etiam
2603 1086 2783 1160 inter
2806 1113 2880 1159 se

788 1207 1197 1297 contrarias,
1227 1205 1527 1279 difficilis
1558 1226 1730 1279 esset
1758 1203 2037 1277 electio:
2071 1226 2150 1277 ut
2180 1194 2395 1293 mihi,
2427 1201 2484 1276 si
2516 1228 2660 1275 non
2695 1201 2880 1275 inve-

788 1322 1032 1394 niendi
1055 1347 1273 1412 nova,
1301 1341 1371 1394 at
1396 1341 1575 1394 certe
1593 1318 1963 1423 judicandi
1992 1319 2077 1392 de
2105 1318 2446 1392 veteribus
2464 1316 2882 1420 ,injungere

718 1451 755 1507 3
790 1434 1103 1508 laborem
1144 1458 1289 1508 non
1326 1435 1577 1537 injuste
1619 1434 2036 1508 viderentur.
2080 1431 2423 1525 Quamvis
2459 1455 2696 1505 autem
2732 1459 2878 1505 non

789 1570 933 1622 tam
974 1578 1088 1623 me
1123 1550 1428 1624 vinceret
1461 1548 1864 1650 praestandi,
1899 1549 2090 1649 quod
2127 1547 2549 1646 exigebatur,
2585 1547 2883 1638 fiducia,

791 1692 1008 1765 quam
1051 1663 1354 1765 negandi
1392 1663 1855 1738 verecundia:
1899 1663 2104 1737 latius
2141 1690 2211 1736 se
2252 1684 2490 1735 tamen
2533 1659 2884 1762 aperiente

792 1778 1115 1872 inateria,
1160 1777 1318 1880 plus
1359 1806 1575 1879 quam
1618 1779 2111 1880 imponebatur
2145 1777 2413 1867 oneris,
2455 1799 2697 1877 sponte
2737 1803 2884 1849 sus-

792 1894 982 1994 cepi;
1013 1894 1224 1968 simul
1250 1917 1328 1968 ut
1353 1894 1648 1995 pleniori
1674 1893 2005 1995 obsequio
2036 1894 2426 1999 demererer
2452 1906 2470 1937 ¹
2502 1890 2886 1964 amantissi-

790 2037 946 2083 mos
992 2010 1172 2099 mei;
1210 2009 1423 2083 simul
1464 2038 1554 2083 ne
1595 2010 1952 2110 vulgarem
1993 2008 2176 2082 viam
2215 2006 2593 2107 ingressus,
2638 2005 2884 2078 alienis

719 2127 757 2196 4
794 2124 1087 2197 demum
1104 2138 1135 2169 ²
1153 2123 1445 2223 vestigiis
1466 2124 1871 2198 insisterem.
1885 2127 2068 2197 Nam
2093 2123 2314 2197 caeteri
2332 2123 2499 2213 fere,
2515 2121 2637 2222 qui
2660 2142 2879 2195 artem

792 2241 1036 2315 orandi
1060 2241 1295 2314 litteris
1318 2242 1786 2332 tradiderunt,
1813 2241 1906 2315 ita
1932 2261 2095 2315 sunt
2122 2240 2338 2314 exorsi
2354 2237 2592 2340 ,quasi
2619 2239 2886 2339 perfec-

790 2356 875 2429 tis
903 2354 1100 2429 omni
1125 2355 1260 2431 alio
1284 2384 1535 2456 genere
1557 2356 1884 2430 doctrinae
1907 2383 2263 2430 summam
2284 2354 2448 2427 inde
2467 2351 2883 2455 eloquentiae

791 2499 1091 2545 manum
1138 2470 1170 2517 ³
1214 2471 1708 2572 imponerent:
1760 2472 1899 2546 sive
1949 2490 2470 2546 contemnentes
2515 2490 2881 2568 tamquam

795 2701 863 2755 de
885 2702 995 2757 off.
1020 2704 1069 2769 1,
1100 2719 1119 2755 t
1143 2724 1158 2755 e
1189 2724 1212 2749 ι
1230 2721 1328 2774 par
1350 2707 1420 2757 sis
1450 2705 1506 2758 in
1530 2706 1794 2779 utriusque

800 2805 825 2829 ιι
844 2782 1089 2834 orationis
1108 2783 1376 2837 facultate.
1397 2807 1422 2834 ι

873 2879 892 2913 1
905 2902 917 2912 .
964 2861 1272 2914 Demererer.
1320 2863 1400 2914 De
1437 2882 1522 2916 me
1558 2882 1790 2916 mererer.

793 2940 954 2993 Goth.
978 2940 1114 3012 (tac.
1141 2940 1337 3013 Gesn.)

873 3038 920 3073 2.
954 3020 1195 3073 Demum.
1233 3020 1393 3074 Plane
1422 3041 1522 3094 pro
1556 3032 1796 3089 tantiam,

794 3101 1047 3171 temporis
1092 3099 1472 3169 significatione
1517 3100 1795 3153 obliterata

796 3177 881 3228 vel
929 3191 1289 3231 evanescente.
1336 3180 1422 3233 Sic
1465 3198 1603 3252 saepe
1649 3178 1795 3252 apud

795 3269 1034 3309 nostrum
1074 3271 1127 3310 et
1162 3257 1293 3311 alios
1332 3257 1569 3331 ejusdem
1608 3262 1790 3313 aetatis.

794 3338 965 3388 Etiam
979 3336 1170 3390 Paulus
1186 3356 1216 3389 e
1228 3339 1384 3389 Festo
1399 3337 1484 3411 (p.
1500 3339 1632 3392 Dae.
1655 3357 1675 3389 1
1691 3356 1709 3391 1
1721 3338 1794 3410 7.)

803 3436 825 3459 ιι
845 3413 948 3467 Alii
969 3414 1177 3467 demum
1204 3434 1303 3490 pro
1327 3416 1586 3468 duntaxat
1605 3436 1796 3489 posue-

803 3515 825 3537 «
845 3505 983 3545 runt.
1006 3518 1028 3541 ι
1062 3494 1183 3547 Vid.
1226 3507 1280 3547 et
1312 3493 1685 3548 Ruhnkenium
1726 3495 1793 3548 ad

792 3569 1046 3624 Rutilium
1067 3574 1277 3645 Lupum
1292 3611 1308 3639 ‚
1329 3593 1385 3645 p.
1411 3573 1497 3643 67.

786 3677 789 3680 ·
866 3654 915 3703 3.
937 3653 1207 3704 Summam
1230 3651 1349 3704 inde
1359 3650 1667 3725 eloquentiae
1684 3672 1792 3704 ma-

794 3749 941 3782 num.
986 3733 1212 3782 Firmata
1255 3730 1368 3784 haec
1413 3734 1670 3803 scriptura
1709 3748 1792 3785 sat

792 3810 969 3862 multis
987 3808 1132 3863 libris
1146 3848 1164 3877 ,
1185 3810 1373 3881 quibus
1393 3809 1595 3862 accedit
1614 3810 1787 3865 Guelf.

791 3902 847 3941 et
883 3888 1042 3941 talem
1076 3891 1272 3942 invenit
1301 3891 1526 3960 Regius,
1559 3892 1651 3961 qui
1680 3894 1792 3963 pri-2

789 3985 909 4021 mus
940 3986 1005 4021 ex
1034 3966 1339 4042 eloquentiae
1364 3968 1603 4021 ultimam
1629 3987 1791 4022 voca·-

791 4045 895 4100 lcm
931 4068 959 4100 e
990 4049 1199 4102 abrasit.
1234 4051 1492 4102 Nimirum
1524 4049 1577 4101 ἷῆ
1595 4088 1613 4115 ,
1644 4049 1790 4122 quod

792 4140 902 4179 erat
934 4128 1308 4200 compendium
1340 4148 1438 4201 pro
1472 4128 1621 4196 inde,
1653 4130 1790 4182 male

790 4205 1244 4278 interpretabatur.
1268 4208 1402 4265 vide
1424 4206 1691 4264 Drakenb.
1723 4207 1790 4272 ad

1879 2702 1987 2758 Liv.
2012 2705 2094 2771 X,
2125 2702 2223 2769 26,
2250 2701 2301 2754 6.
2331 2700 2415 2754 Sic
2443 2711 2589 2765 orta,
2620 2715 2733 2770 quae
2756 2709 2885 2751 anto

1880 2785 2173 2838 Gesnerum
2216 2793 2429 2851 recepta
2475 2791 2587 2831 erat
2608 2816 2627 2846 ,
2672 2775 2828 2829 lectio
2863 2800 2878 2827 ι

1877 2882 2137 2919 summam
2187 2862 2242 2914 in
2292 2857 2587 2932 eloquentia
2639 2875 2877 2909 manum.

1880 2944 2054 2999 Editio
2078 2946 2312 3007 Veneta,
2342 2938 2486 3010 apud
2516 2938 2613 2989 Ge.
2644 2935 2713 2988 de
2742 2937 2885 2988 Rus-

1880 3021 2104 3075 conibus
2139 3019 2267 3073 1512
2285 3058 2302 3086 ,
2329 3020 2513 3070 miram
2540 3014 2752 3068 exhibet
2772 3015 2881 3068 loci

1880 3101 2313 3156 constitutionem
2342 3114 2599 3150 summam
2630 3093 2884 3168 eloquen-

1853 3221 1856 3228 ,
1882 3179 2010 3230 tiam
2037 3196 2270 3230 manum.
2304 3178 2546 3228 Fortasse
2572 3192 2717 3226 mero
2747 3192 2880 3245 ope-

1879 3276 2056 3310 rarum
2071 3275 2271 3319 errore3
2287 3257 2382 3307 etsi
2400 3253 2745 3305 correctiorem
2761 3270 2878 3304 eam

1880 3340 2075 3410 priori,
2111 3338 2234 3388 anni
2278 3334 2441 3403 1493,
2472 3331 2601 3387 dicit
2629 3334 2879 3384 Ernestus

1880 3416 2035 3468 Fabr.
2063 3414 2193 3468 Bibl.
2227 3427 2353 3465 tom.
2380 3413 2458 3478 H,
2487 3431 2544 3484 p.
2576 3411 2695 3464 268.
2722 3408 2877 3462 Falso

1881 3513 2040 3561 sane,
2071 3509 2131 3546 ut
2160 3492 2401 3566 pluribus
2435 3490 2685 3563 exemplis
2723 3488 2878 3542 intel-

1879 3571 1997 3627 lexi.
2017 3577 2125 3626 1³1-ae
2143 3586 2355 3644 recepta
2374 3590 2404 3623 a
2423 3570 2606 3637 nobis,
2622 3588 2736 3641 quae
2756 3570 2877 3623 ferri

1880 3674 2005 3707 sane
2022 3668 2226 3726 potest,
2242 3652 2434 3704 arridet
2447 3652 2729 3703 Burmanni
2749 3668 2879 3701 con-

1872 3738 2077 3806 jectura
2095 3756 2106 3784 ε
2127 3731 2476 3805 eloquentia...
2498 3731 2797 3802 imponeret.
2809 3758 2879 3769 -—

1877 3814 2143 3885 Campana
2172 3811 2332 3863 editio
2357 3822 2410 3864 et
2431 3812 2494 3862 R.
2518 3806 2650 3862 cod.
2688 3825 2706 3860 1
2722 3846 2740 3876 ,
2768 3826 2874 3860 sec.

1878 3910 1991 3959 ma,
2021 3907 2278 3944 summam
2305 3888 2626 3962 eloquentioe.
2650 3890 2714 3940 R.
2740 3886 2874 3940 cod.

1885 3986 1940 4035 1,
1976 3988 2034 4036 2,
2062 3983 2116 4021 et
2148 3968 2307 4022 editio
2340 3969 2786 4042 Capperonnerii,
2820 3968 2873 4017 in

1876 4049 2188 4123 eloquentia.
2222 4051 2314 4102 En.
2344 4078 2414 4088 —
2441 4050 2710 4101 Summam
2756 4045 2875 4096 iude

1874 4127 2180 4202 eloquentiae
2206 4147 2439 4180 manum.
2467 4125 2738 4192 Genitivo,
2766 4144 2876 4177 non

1876 4206 2054 4264 dativo
2069 4226 2194 4263 casu
2210 4205 2517 4279 accipienda
2528 4223 2628 4259 vox
2638 4202 2878 4280 eloquen-
