3200 5150
794 434 831 512 4
1220 423 1605 492 neone.
1652 418 1869 487 Lon.
1918 419 2391 487 SPALmNG

788 551 1225 641 plurimorum
1248 564 1407 638 post,
1421 562 1680 613 renatas
1699 546 1945 610 litteras
1967 543 2343 633 capitalium
2359 544 2652 608 virorum
2673 538 2859 607 dese·

787 659 1068 737 ruerim,
1097 655 1614 738 Quinctilianum
1641 674 1778 717 non
1797 651 2277 734 Quintilianum
2306 648 2756 715 scribentium.
2781 649 2862 711 ln

787 762 965 851 ipsos
993 761 1211 851 operis
1235 758 1432 850 hujus
1461 758 1687 824 titulos
1715 754 1940 822 induci
1967 755 2111 822 haec
2133 755 2301 821 ratio
2324 754 2522 843 coepit
2537 798 2557 833 ,-
2581 753 2711 818 nisi
2739 752 2860 817 fal-

786 867 907 947 lor,
946 889 1123 932 anno
1161 864 1517 952 superioris
1552 862 1758 928 seculi
1793 861 1989 927 tertio
2025 879 2092 926 et
2131 861 2596 950 nonagesimo,
2628 882 2668 923 a
2701 858 2860 924 Gib-

787 994 986 1053 sono,
1019 972 1137 1062 qui
1164 992 1372 1061 quum
1400 966 1796 1034 Leidensem
1824 966 2106 1033 rhetoris
2131 967 2342 1032 nostri
2370 965 2734 1031 editionem
2756 987 2864 1030 re-

787 1092 1070 1167 peteret,
1100 1074 1186 1142 de
1214 1097 1336 1141 suo
1358 1071 1617 1139 addidit
1639 1075 1692 1138 C
1717 1090 1870 1139 ante
1897 1074 1977 1138 T.
2009 1070 2138 1139 Sed
2165 1072 2396 1137 habuit
2421 1072 2533 1136 ille
2558 1088 2861 1136 auctores

784 1183 1125 1273 scripturae
1145 1202 1280 1246 suae
1298 1201 1572 1269 magnos
1590 1180 1767 1245 viros
1791 1196 1858 1244 et
1877 1180 2176 1268 inprimis
2196 1177 2569 1267 diligentes,
2590 1177 2863 1270 utSigo·

785 1287 999 1366 nium,
1026 1276 1352 1375 Lipsium,
1382 1288 1751 1365 Muretum,
1776 1285 1856 1350 G.
1880 1285 1941 1348 J.
1966 1285 2302 1366 Vossium,
2327 1281 2860 1364 alios3Codice1'n

785 1389 1057 1482 quidem
1087 1392 1223 1457 MS.
1250 1412 1484 1456 vereor
1507 1408 1582 1457 ut
1612 1390 1854 1470 ullum,
1882 1391 1955 1454 in'
1983 1390 2127 1479 ipso
2151 1391 2360 1454 nostri
2383 1406 2560 1456 certe
2582 1390 2859 1478 scripto-

782 1499 1214 1580 ris'nomine,
1254 1521 1464 1588 quum
1500 1499 1568 1562 in
1610 1498 1903 1587 cognatis
1936 1498 2427 1580 Quinctiorum,
2469 1497 2858 1579 Quinctilio-

781 1628 961 1685 rum,
987 1627 1124 1669 non
1147 1626 1291 1668 rara
1314 1604 1446 1669 sint
1465 1602 1665 1694 hujus
1688 1604 2027 1692 scripturae
2050 1603 2368 1692 exempla.
2394 1605 2560 1667 Nam
2577 1601 2760 1692 quod
2777 1624 2860 1668 ex

780 1709 1140 1799 BocHejano
1164 1707 1326 1773 Cod.
1353 1707 1686 1773 Gibsonus
1704 1709 1774 1773 in
1792 1710 2011 1774 fronte
2035 1709 2251 1796 operis
2279 1708 2368 1773 ita
2395 1709 2720 1796 signatum
2743 1729 2859 1773 no-

780 1839 938 1883 men
977 1816 1218 1907 afferre
1250 1812 1531 1894 videtur,
1572 1812 1642 1879 id
1679 1815 1981 1881 consulto
2018 1816 2251 1881 fecisse
2289 1838 2443 1880 eum
2477 1815 2583 1878 vix
2618 1813 2855 1895 credo,

778 1923 1094 2011 quoniam
1131 1919 1217 1985 de
1254 1921 1375 1986 ista
1401 1921 1716 1985 varietate
1745 1920 1863 1986 illo·
1894 1920 2043 1986 loco
2080 1922 2346 2010 proprie
2375 1926 2511 1985 no‘n
2541 1920 2693 2009 agit.
2711 1910 2855 1985 ‘Sed

777 2043 1021 2115 negant
1043 2025 1184 2090 fere
1208 2025 1278 2089 in
1302 2024 1540 2090 talibus
1562 2026 2016 2091 auctoritatem
2040 2048 2182 2091 esse
2207 2023 2516 2092 idoneam
2534 2024 2856 2091 Codicum

776 2132 956 2198 MSS.
992 2130 1240 2219 quippe
1270 2145 1682 2194 exaratorum
1711 2129 1795 2196 ab
1824 2131 2065 2218 ignaris
2090 2130 2485 2221 plerumque
2506 2129 2712 2196 medii
2733 2132 2855 2196 aevi

776 2234 1092 2315 librariis;
1129 2249 1355 2298 contra
1391 2232 1727 2323 appellant
1762 2234 2014 2323 lapides
2051 2259 2491 2327 nummosque
2526 2249 2852 2325 vetustos,

775 2340 1089 2405 certiores
1122 2338 1269 2405 illos
1305 2355 1373 2404 et
1407 2340 1838 2429 perenniores
1867 2343 2123 2433 antiqui
2149 2344 2351 2408 moris
2381 2360 2601 2409 testes.
2639 2344 2853 2407 Etiam

774 2449 978 2537 etymi
1017 2446 1379 2513 rationibus
1424 2447 1752 2530 nituntur,
1790 2472 1830 2514 a
1871 2473 2007 2540 quo
2046 2451 2116 2516 in
2153 2450 2532 2533 nominibus
2571 2451 2854 2541 propriis

772 2555 1034 2644 parcius
1079 2578 1410 2623 recessum
1457 2554 1690 2636 fuerit,
1729 2581 1928 2648 quam
1968 2559 2039 2624 in
2078 2557 2650 2649 appellationibus.·
2687 2559 2849 2625 Esse

776 2661 957 2725 enim
983 2674 1085 2730 ἀπὸ
1111 2680 1204 2730 τοῦ
1230 2680 1527 2740 Qquuss
1550 2661 1911 2751 repetenda
1936 2664 2264 2755 ejusmodi
2285 2665 2569 2732 nomina.
2604 2661 2733 2729 Sed
2763 2686 2850 2728 ne

768 2768 1117 2832 marmoris
1152 2766 1424 2857 quidem
1462 2785 1527 2833 et
1564 2769 1711 2834 aeris
1743 2768 2116 2858 ponderosa
2147 2793 2303 2837 sane
2333 2772 2683 2838 au'ctorims
2710 2794 2849 2836 ma·

762 2869 914 2961 jore
950 2894 1031 2936 ex
1058 2888 1246 2961 parte
1279 2874 1671 2961 astipulatur
1705 2875 1816 2955 iis,
1857 2875 2105 2941 nedum
2141 2894 2215 2943 ut
2248 2894 2386 2943 tota
2421 2899 2536 2943 eos
2575 2894 2845 2943 tutetur.

767 2976 1007 3044 Adhuc
1034 2978 1296 3044 nonnisi
1322 3002 1529 3044 unum
1561 2979 1885 3070 lapidem,
1916 3006 2259 3074 unumque
2290 2982 2471 3049 idem
2500 3006 2846 3048 nummum

768 3084 1084 3172 cognovi,
1134 3084 1250 3175 qui
1289 3103 1828 3162 Qumc'nmsuma
1875 3089 2281 3178 praeferrent.
2328 3091 2446 3154 Est
2494 3090 2672 3170 enim
2715 3088 2846 3156 hoe

769 3209 1015 3253 nomen
1042 3190 1132 3255 ita
1156 3191 1474 3277 scriptum
1499 3192 1565 3254 in
1596 3193 1782 3259 fastis
1801 3195 2184 3282 Capitolinis
2208 3196 2474 3261 Gruteri
2500 3218 2566 3284 p.
2591 3195 2750 3284 295,
2779 3213 2846 3262 et

768 3293 838 3356 in
863 3309 1136 3360 nummo
1157 3292 1337 3382 apud
1362 3297 1665 3360 Patinum
1687 3299 1791 3382 (in
1818 3301 2103 3365 Familiis
2127 3302 2437 3366 Romanis
2465 3324 2610 3388 pag.
2647 3301 2840 3389 188),

768 3396 836 3460 in
857 3415 1051 3485 gente
1076 3401 1316 3478 Nonia,
1342 3423 1630 3490 quorum
1650 3412 1935 3493 utroque
1955 3406 2161 3470 utitur
2179 3406 2483 3471 Dukerus
2502 3404 2587 3471 ad
2607 3407 2747 3471 Liv.
2780 3431 2802 3472 1
2821 3456 2839 3487 ‚

767 3501 887 3583 30,
931 3525 1003 3583 2,
1045 3501 1204 3568 dum
1241 3505 1311 3567 C‘
1335 3503 1638 3571 defendit
1673 3508 1741 3570 in
1777 3507 2159 3597 hujusmodi
2195 3511 2592 3577 nominibus.
2631 3512 2842 3577 Patini

765 3607 1038 3698 quidem
1065 3609 1284 3697 ipsum
1307 3632 1657 3676 nummum
1678 3613 1919 3680 Valens
1936 3614 2045 3697 (V
2029 3617 2307 3692 uillam,
2330 3617 2397 3681 in
2419 3621 2595 3682 Fam.
2617 3620 2805 3682 Rom.
2819 3667 2836 3698 ,

763 3728 810 3779 t.
844 3717 937 3795 ΙΙ,
963 3737 1029 3802 p.
1066 3736 1088 3777 1
1106 3715 1223 3801 73)
1246 3716 1311 3780 in
1336 3734 1533 3804 gente
1561 3719 1775 3784 Nouia
1803 3719 2067 3787 exhibet
2090 3723 2416 3811 signatum
2444 3724 2586 3789 sine
2611 3725 2694 3790 C:
2725 3733 2840 3788 ne·

659 3840 663 3844 ’
764 3841 895 3908 que
919 3836 1141 3885 tamen
1163 3817 1442 3886 dubium
1465 3825 1628 3913 quin
1653 3826 1863 3890 Patini
1882 3828 2049 3892 ratio
2072 3849 2227 3893 vera
2249 3828 2359 3909 sit,
2387 3830 2540 3894 etin
2560 3829 2840 3895 Valente

760 3923 1034 4012 insignis
1058 3924 1350 3992 mandati
1374 3929 1624 4016 negotii
1645 3930 1895 3997 incuria
1922 3935 2031 4018 (2).
2060 3933 2431 4026 Utrumque
2460 3935 2834 4024 exemplum

761 4046 860 4096 est
903 4032 1109 4098 aetatis
1150 4035 1533 4123 Augusteae,
1580 4036 1770 4127 cujus
1817 4060 1940 4127 ego
1985 4041 2376 4131 scripturam
2421 4064 2560 4109 non
2598 4040 2834 4110 dubito
