3200 5150
785 500 866 579 42
1347 496 1441 560 Μ.
1481 495 1710 561 FABH
1745 494 2304 578 QUINTILIANI

783 615 1314 716 institutumque
1352 617 1762 717 eloquentiae
1800 618 2002 691 bonis
2044 616 2228 691 male
2268 616 2405 705 uti,
2450 644 2689 690 curam
2727 644 2878 691 mo·

683 738 745 804 ¹4
784 757 941 803 rum
957 788 977 821 ‚
1003 731 1124 829 qui
1154 730 1382 803 diserti
1408 731 1871 823 habebantur,
1896 730 2347 831 reliquerunt.
2374 731 2475 802 Ea
2497 757 2655 801 vero
2677 729 2878 803 'desti-

780 867 962 936 tuta,
999 844 1504 919 infirmioribus
1527 844 1825 946 ingeniis
1846 845 2037 919 velut
2066 843 2313 945 proedae
2334 843 2491 916 fuit.
2526 843 2698 916 Inde
2723 842 2880 942 qui-

782 960 946 1032 dam
966 1015 985 1050 ,
1033 960 1433 1060 'contempto
1478 959 1661 1033 bene
1703 959 1981 1033 dicendi
2023 958 2260 1032 labore
2278 1014 2299 1049 ,
2337 958 2426 1031 ad
2470 958 2876 1059 formandos

780 1076 1053 1150 animos
1084 1077 1619 1177 statuendasque
1651 1076 1805 1150 vitae
1838 1077 2026 1179 leges
2063 1075 2384 1176 regressi,
2423 1096 2690 1175 partem
2727 1075 2877 1175 qui·

779 1191 943 1264 dem
986 1190 1327 1291 potiorem
1346 1248 1367 1281 ,
1415 1190 1471 1262 si
1515 1190 1726 1264 dividi
1773 1211 1999 1291 posset
2017 1246 2038 1279 ‚
2085 1190 2520 1263 retinuerunt
2548 1219 2563 1263 :
2610 1216 2874 1262 nomen

778 1327 1016 1380 tamen
1036 1305 1168 1378 sibi
1190 1305 1809 1380 insolentissimum
1825 1305 2343 1407 arrogaverunt,
2368 1326 2448 1377 ut
2459 1304 2585 1378 soli
2607 1304 2874 1405 sapien·
2945 1326 2948 1329 ·

777 1420 888 1492 tiae
902 1419 1186 1493 studiosi
1200 1442 1640 1494 vocarentur:
1662 1422 1854 1521 quod
1869 1449 2098 1522 neque
2113 1420 2376 1494 summi
2397 1420 2840 1519 imperatores
2852 1476 2873 1511 ,

779 1562 1009 1639 neque
1034 1536 1108 1609 in
1133 1536 1432 1611 consiliis
1457 1565 1692 1610 rerum
1720 1537 2188 1610 maximarum
2214 1565 2293 1609 ac
2321 1536 2527 1610 totius
2549 1535 2876 1608 adminis-

779 1650 1067 1724 tratione
1103 1651 1499 1752 reipublicae
1531 1651 2050 1750 praeclarissime
2079 1652 2357 1741 versati,
2388 1652 2524 1725 sibi
2555 1678 2873 1750 unquam

777 1765 1126 1838 vindicare
1149 1788 1312 1839 sunt
1331 1766 1503 1840 ausi.
1540 1770 1792 1838 Facere
1814 1765 2005 1838 enim
2032 1766 2330 1865 optima,
2353 1793 2568 1865 quam
2593 1766 2876 1866 promit·

681 1900 740 1957 ι5
777 1902 919 1955 tere
946 1894 997 1972 ¹,
1026 1880 1447 1954 maluerunt.
1474 1884 1576 1955 Ac
1599 1902 1911 1954 veterum
1938 1880 2226 1980 quidem
2250 1880 2597 1980 sapientia:
2623 1883 2877 1980 profes-

777 2020 1015 2067 sorum
1041 1994 1299 2068 multos
1319 2017 1387 2068 et
1407 1996 1700 2068 honesta
1720 1996 2118 2095 praecepisse
2134 2051 2153 2086 ‚
2178 2016 2246 2067 et
2269 2016 2347 2067 ut
2366 2015 2874 2095 praeceperunt,

779 2108 988 2182 etiam
1014 2109 1255 2182 vixisse
1273 2164 1294 2199 ,
1325 2109 1527 2201 facile
1555 2112 2054 2183 concesserim:
2092 2110 2337 2183 nostris
2365 2137 2525 2183 vero
2552 2109 2874 2210 tempori-

778 2223 911 2297 bus
927 2224 1058 2297 sub
1077 2225 1213 2297 hoc
1232 2224 1523 2297 nomine
1544 2224 1849 2297 maxima
1868 2224 1939 2295 in
1960 2225 2306 2325 plerisque
2323 2225 2485 2297 vitia
2502 2225 2871 2297 latuerunt.

777 2342 939 2413 Non
973 2338 1165 2413 enim
1188 2339 1435 2413 virtute
1464 2365 1544 2413 ac
1578 2339 1819 2412 studiis
1838 2398 1857 2431 ,
1883 2361 1963 2411 ut
1991 2339 2413 2412 haberentur
2440 2337 2873 2439 philosophi,

778 2453 1219 2546 laborabant,
1243 2454 1364 2526 sed
1387 2453 1663 2527 vultum
1679 2510 1699 2546 ‚
1724 2476 1793 2528 et
1817 2454 2155 2527 tristitiam
2178 2468 2244 2546 ²,
2270 2474 2338 2526 et
2359 2453 2876 2526 dissentientem

778 2697 839 2749 ln
856 2692 1049 2748 Aldina
1069 2696 1246 2767 priore
1269 2696 1427 2748 etiam
1447 2694 1556 2750 hoe
1569 2735 1587 2765 ‚
1613 2696 1708 2750 sed
1725 2700 1783 2752 in

781 2773 1048 2840 secunda,
1082 2773 1391 2841 viderentur,
1429 2774 1572 2830 unde
1605 2789 1783 2831 tamen

779 2853 1047 2907 Gibsonus
1073 2871 1172 2926 per
1198 2873 1428 2907 errorem
1461 2856 1616 2907 affert
1633 2855 1785 2929 judi-

779 2942 975 2986 miur-

860 3030 903 3065 1.
946 3011 1268 3066 Promittere.
1310 3012 1457 3066 Idem
1493 3012 1599 3066 hoc
1638 3013 1784 3085 quod

1869 2716 1982 2750 non
2015 2689 2126 2750 sine
2164 2694 2389 2749 consilio
2423 2691 2671 2765 placendi
2693 2694 2878 2746 Domi-

1871 2779 2015 2829 tiano
2032 2816 2049 2843 ‚
2077 2778 2167 2847 qui
2191 2794 2282 2827 eos
2308 2788 2361 2826 et
2385 2772 2516 2826 urbe
2541 2784 2594 2824 et
2618 2772 2763 2823 Italia
2790 2791 2880 2823 ex-

1870 2856 2104 2928 pulerat3
2132 2874 2234 2926 qua
2253 2854 2320 2906 de
2339 2871 2396 2904 re
2415 2850 2630 2904 liberius
2649 2851 2748 2903 fuit
2767 2850 2881 2904 Sul-

1871 2938 2021 3007 piciae
2053 2936 2270 2988 Poetriae
2292 2933 2552 3006 judicium
2577 2932 2635 2983 in
2663 2931 2876 3004 θείῃ-ες

1873 3014 1966 3066 sed
1982 3028 2034 3066 et
2044 3017 2226 3079 tutius,
2238 3017 2555 3083 interempto
2568 3011 2793 3063 fortasse
2805 3024 2880 3084 ty-

775 3088 1027 3165 profiteri,
1043 3085 1460 3159 ὄπαῃίλλισθαι,
1470 3091 1612 3145 unde
1627 3095 1784 3146 etiam

781 3187 906 3221 mox
935 3169 1282 3242 pmfessorum
1319 3172 1515 3224 mentio
1538 3193 1554 3235 ;
1591 3170 1786 3224 dicitur

781 3262 960 3302 autem
985 3249 1053 3302 de
1085 3252 1148 3303 iis
1179 3253 1269 3322 qui
1305 3251 1538 3303 studium
1566 3250 1785 3324 aliquod

783 3342 874 3382 aut
896 3341 1061 3382 artem
1084 3348 1190 3401 Ρη
1214 3348 1270 3382 se
1293 3329 1487 3382 ferunt.

855 3426 904 3461 2.
933 3407 1233 3460 Tristitiam.
1258 3406 1534 3480 Proprium
1555 3407 1785 3460 vocabu-

780 3487 894 3542 lum
910 3486 978 3539 de
997 3487 1246 3539 affectata
1265 3506 1473 3539 morum
1488 3489 1781 3539 severitatet

783 3568 866 3621 Sic
911 3565 1179 3619 Juvenalis
1223 3568 1279 3618 in
1320 3566 1629 3619 eorumdem
1672 3568 1787 3618 irri-

782 3649 933 3701 sione
951 3667 964 3697 ε
991 3667 1014 3692 ι
1028 3645 1161 3713 Quis
1175 3646 1315 3711 enim
1327 3664 1439 3699 non
1450 3647 1598 3698 vicus
1617 3645 1787 3699 abun-

791 3743 813 3772 ει
834 3725 926 3779 dat
960 3723 1203 3777 Tristibus
1233 3723 1496 3778 obscenis,
1518 3749 1543 3773 ιι
1574 3726 1682 3779 Sat.
1707 3727 1785 3793 11,

786 3805 848 3870 8,
873 3819 941 3873 9,
969 3815 1021 3855 et
1048 3816 1230 3857 noster
1252 3806 1330 3870 11,
1359 3822 1378 3857 1
1401 3842 1418 3871 ‚
1442 3804 1543 3871 34,
1565 3803 1786 3857 barbam

785 3896 840 3935 et
871 3881 1127 3936 ffistitiam
1153 3884 1330 3956 jungit
1349 3921 1366 3950 ‚
1398 3901 1559 3954 agens
1596 3886 1786 3937 iterum

785 3961 850 4015 de
866 3963 1234 4016 ostentantibus
1248 3981 1313 4015 ex
1318 3962 1545 4036 professo
1554 3962 1788 4036 philoso-

782 4040 984 4116 phiam.
1005 4041 1412 4094 Pmtendebant.
1448 4041 1672 4094 Pulchre
1700 4041 1786 4094 hic

787 4141 851 4174 ex
868 4124 985 4193 ipso
1007 4133 1181 4195 etymo
1201 4121 1418 4173 dictum.
1436 4121 1693 4173 Caeterur'n
1709 4123 1789 4173 in·

784 4200 978 4256 vidium
1003 4202 1131 4254 facit
1153 4199 1487 4276 philosophis
1508 4197 1563 4252 h.
1592 4198 1629 4252 l.
1659 4217 1787 4253 sane

1871 3111 2060 3160 ranno,
2079 3093 2372 3158 scribentis,
2386 3091 2468 3143 vel
2489 3109 2702 3142 carmen
2723 3089 2880 3142 eden-

1872 3174 1956 3224 tis·
1982 3174 2058 3224 Ex
2080 3171 2451 3225 Dodwellianis
2478 3168 2693 3239 quidem
2714 3171 2878 3220 ratio-

1872 3251 2028 3304 nibus
2057 3249 2280 3320 (Annal.
2309 3251 2490 3318 Quint.
2518 3250 2564 3316 S.
2595 3246 2724 3318 26),
2754 3261 2877 3299 ante

1872 3329 2002 3381 illud
2040 3330 2326 3381 Domitiani
2364 3327 2627 3393 edictum,
2669 3327 2877 3377 finitum

1865 3413 1977 3482 jam
2001 3421 2111 3461 erat
2135 3421 2307 3459 totum
2330 3405 2436 3458 hoc
2465 3423 2618 3476 opus.
2646 3408 2768 3458 Non
2797 3418 2880 3456 ta·

1873 3506 1995 3540 men
2022 3489 2144 3540 satis
2171 3505 2327 3557 grave
2358 3485 2565 3539 videtur
2596 3503 2877 3554 argumen-

1873 3582 2018 3634 tum,
2050 3581 2173 3638 post
2208 3567 2310 3619 tale
2343 3565 2573 3618 edictum
2610 3562 2879 3616 rhetorem

1874 3660 2140 3712 nostrum,
2161 3659 2267 3697 tam
2284 3645 2570 3717 proclivem
2591 3644 2880 3695 Domitiani

1876 3738 2253 3778 assentatorem
2268 3763 2285 3791 ‚
2309 3715 2704 3795 philosophiam
2729 3736 2779 3774 et
2801 3724 2881 3793 ip-

1876 3824 1963 3858 sos
2001 3802 2384 3876 philosophos,
2414 3803 2681 3854 Socratem
2710 3821 2758 3853 V.
2794 3818 2840 3853 c.
2859 3838 2879 3865 ‚

1875 3904 1987 3937 non
2035 3885 2199 3936 fuisse
2250 3881 2602 3933 laudaturum.
2648 3878 2878 3931 Volebat

1877 3981 2005 4016 sane
2048 3961 2213 4014 videri
2260 3962 2592 4013 Domitianus
2637 3958 2878 4029 philoso-

1874 4040 2014 4114 phos
2030 4079 2046 4107 ‚
2071 4054 2338 4112 tamquam
2359 4041 2499 4091 viros
2523 4037 2689 4088 malos
2705 4075 2721 4103 ‚
2749 4055 2880 4107 pro-

1876 4120 2103 4173 scribere
2117 4159 2136 4189 ,
2157 4140 2266 4174 non
2289 4123 2459 4193 ipsam
2481 4115 2879 4191 philosophiam

1877 4197 2066 4254 odisse.
