3200 5150
847 478 977 568 574

1415 474 1509 538 M.
1550 473 1781 538 FABu
1818 470 2381 556 QmN'rlLlAM

842 599 942 672 tio
963 612 980 642 ¹
1017 621 1186 669 cum
1210 594 1710 685 affirmatione3
1742 615 1821 667 ut
1847 593 2180 685 dicimm,
2207 597 2471 697 Caput²
2498 603 2599 670 rei
2622 612 2718 670 est
2739 598 2952 698 (apud

844 713 1329 788 Menandrum
1344 712 1399 803 3,
1420 725 1690 801 κεφάλαιόν
1708 715 1877 808 ἐστιν)
1898 740 1913 783 :
1936 712 2012 785 in
2035 712 2440 786 universum
2466 735 2705 788 autem
2721 772 2743 806 ‚
2764 716 2953 817 quid·

846 831 1021 931 quid
1050 828 1499 929 probandum
1529 848 1661 919 est,
1695 827 1821 899 erit
1852 843 2098 928 caput;
2126 828 2248 901 sed
2278 829 2350 901 id
2383 828 2649 931 majus»,
2681 852 2807 910 aut
2835 833 2960 906 mi.

748 964 814 1019 28
846 944 1047 1019 nus4.
1074 948 1162 1018 Et
1182 945 1560 1045 quoniam,
1589 970 1749 1043 quae
1782 943 1869 1017 de
1898 943 2009 1016 his
2038 964 2235 1017 erant
2261 971 2303 1017 a
2329 945 2830 1047 scriptoribus⁵
2859 976 2957 1022 ar·

845 1163 977 1213 meis
997 1172 1121 1212 ante
1140 1158 1292 1210 Basil.
1315 1158 1564 1211 omnibus
1580 1197 1596 1226 ‚
1618 1157 1772 1210 male.
1787 1188 1860 1197 —

845 1243 906 1294 R.
932 1239 963 1292 5
984 1253 1035 1291 et
1055 1240 1246 1304 can,
1268 1237 1576 1310 refer-unum
1598 1240 1705 1291 RR.
1731 1253 1751 1289 ¹
1769 1275 1786 1305 ,
1809 1254 1860 1305 2,

846 1319 1154 1393 referantur.
1180 1320 1273 1371 En.

925 1413 945 1449 ¹
957 1437 969 1449 .
992 1396 1301 1468 Propositio.
1318 1397 1443 1448 Non
1457 1394 1610 1447 aliter
1626 1392 1738 1447 haec
1755 1412 1861 1447 vox

844 1475 1053 1530 videtur
1084 1474 1398 1547 accipienda
1426 1475 1479 1526 h.
1513 1475 1547 1527 l.
1577 1493 1739 1546 quam
1767 1493 1860 1526 su-

845 1573 944 1629 pra
966 1557 1063 1620 111,
1085 1574 1149 1626 9,
1176 1552 1237 1620 5,
1260 1551 1552 1627 affimatio
1572 1568 1653 1607 est
1671 1552 1863 1626 proba·

846 1639 923 1690 tio
937 1636 1348 1708 propositioniS,
1369 1653 1528 1707 quam
1546 1636 1714 1688 οἶσι-ιν
1733 1633 1863 1687 dicit

847 1716 1158 1770 Aristoteles
1175 1715 1209 1767 l.
1229 1733 1275 1766 e.
1295 1715 1609 1788 Exemplum
1623 1716 1862 1787 inprimis

848 1811 1091 1870 apertum
1117 1809 1171 1848 et
1198 1793 1410 1848 evidens
1437 1796 1696 1868 proponit
1720 1796 1769 1847 J.
1801 1795 1858 1847 C.

847 1880 911 1931 Τ.
942 1880 1194 1931 Ernestus
1222 1879 1284 1929 V.
1316 1876 1375 1928 C.
1394 1914 1411 1942 ,
1438 1895 1493 1947 p.
1533 1875 1649 1927 180.
1684 1875 1860 1928 Lexic.

850 1957 985 2011 rhet.
1011 1975 1162 2028 graec.
1189 1959 1245 2008 in
1268 1952 1430 2014 κιφαίλ.
1451 1975 1463 2005 z
1499 1977 1520 2000 κ
1539 1955 1667 2006 Jure
1692 1952 1866 2013 occidi

858 2058 880 2083 ι
899 2034 1146 2089 Clodium
1165 2058 1187 2082 n
1233 2032 1598 2105 (propositio)
1648 2053 1670 2077 ι
1691 2030 1865 2083 occidi

859 2137 882 2163 α
902 2117 1042 2169 enim
1071 2111 1434 2167 insidiatorem
1454 2135 1476 2158 n
1514 2109 1859 2183 (affirmatio).

928 2213 976 2247 2.
1007 2195 1079 2247 Ut
1093 2193 1337 2258 dicimus,
1364 2194 1550 2264 Caput.
1573 2191 1658 2243 Sic
1680 2208 1864 2243 omnes

851 2275 973 2329 libri
1001 2288 1190 2348 praeter
1222 2271 1347 2325 Bad.
1381 2290 1486 2324 sec.
1517 2271 1781 2323 Cervicor.
1812 2284 1865 2322 et

854 2354 987 2408 duas
1016 2352 1170 2408 Basil.
1202 2350 1388 2404 dantes
1418 2369 1473 2402 u.
1507 2349 1737 2401 diximus
1775 2350 1861 2415 C.,

852 2437 1096 2508 pessime,
1122 2431 1296 2483 Habet
1321 2443 1495 2481 tamen
1519 2427 1768 2480 eumdem
1790 2447 1865 2480 er-

849 2531 1027 2566 rorem
1061 2531 1093 2564 a
1129 2508 1364 2563 secunda
1394 2525 1557 2560 manu
1588 2510 1765 2560 Turic.
1793 2537 1865 2547 —

851 2596 958 2648 ΒΕ.
996 2611 1044 2660 ι,
1073 2610 1100 2645 2
1122 2631 1138 2659 ,
1166 2590 1401 2642 dicimus.
1429 2591 1492 2641 R.
1525 2588 1558 2642 5
1588 2603 1643 2641 et
1669 2590 1863 2657 Cinna,

850 2674 1095 2726 diximus.
1122 2675 1216 2725 En.

922 2756 972 2808 3.
990 2752 1150 2825 Apud
1163 2747 1577 2803 Menandrum...
1595 2747 1737 2800 iarn.
1749 2748 1866 2800 Dis-

850 2834 1143 2906 tinguendo
1162 2829 1381 2905 paulum
1403 2830 1667 2902 adjuvisse
1679 2826 1865 2881 videor

848 2914 1340 2987 interpretationem
1358 2909 1465 2961 loci
1481 2908 1862 2975 obscurissimi,

851 2994 918 3048 de
947 3012 1056 3066 quo
1083 3005 1208 3065 post
1233 2989 1488 3044 Gallaeum
1514 3006 1674 3041 nemo
1704 2987 1863 3059 quid-

853 3093 1029 3149 quam.
1056 3075 1237 3142 Quum
1260 3072 1400 3124 enim
1423 3067 1731 3136 Turnebus,
1760 3066 1862 3119 sub

851 3160 1005 3228 eujus
1027 3155 1244 3206 nomine
1269 3152 1386 3222 quis
1414 3148 1752 3222 potissimum
1779 3145 1862 3198 la-

851 3249 961 3290 teat
982 3234 1037 3287 h.
1064 3232 1099 3286 l.
1125 3236 1313 3303 ignoro
1338 3228 1616 3301 equidem,
1638 3225 1860 3298 intelligi

849 3333 1010 3388 posse
1028 3309 1380 3366 Menandrum
1398 3308 1666 3360 rhetorem
1677 3343 1694 3372 ‚
1709 3304 1863 3358 dixis-

851 3409 930 3448 set
942 3434 959 3462 ‚
977 3395 1132 3465 cujus
1150 3390 1411 3443 rhetorica
1432 3399 1696 3442 exstarent
1708 3424 1724 3454 ,
1739 3384 1861 3439 Gal·

848 3472 976 3527 laeus
995 3471 1062 3525 de
1082 3471 1290 3523 comico
1303 3469 1483 3540 potius
1498 3467 1731 3538 cogitare
1743 3467 1861 3536 jus·

849 3557 943 3621 sit,
966 3552 1355 3626 proposuitque
1383 3566 1499 3602 eam
1526 3549 1638 3600 fere
1654 3584 1670 3614 ,
1698 3563 1859 3617 quam

849 3635 1109 3707 expressi,
1124 3629 1411 3683 verborum
1430 3627 1853 3697 diremptionem.

847 3715 1030 3768 Caeteri
1064 3708 1276 3782 quidem
1310 3722 1526 3771 omnes,
1559 3717 1621 3755 ut
1656 3717 1711 3756 et
1741 3705 1855 3775 ipse

846 3794 1005 3846 Gesn·
1020 3829 1037 3858 ‚
1063 3813 1084 3836 ιι
1104 3799 1265 3861 caput
1287 3788 1359 3839 rei
1382 3795 1455 3838 est
1469 3783 1615 3856 apud
1634 3785 1858 3835 Menan-

853 3893 874 3918 ι
895 3873 1045 3922 drum
1060 3907 1076 3931 ‚
1102 3887 1197 3927 καφ.
1216 3890 1238 3914 1·
1256 3903 1272 3927 ,
1298 3878 1399 3917 etc.
1423 3859 1674 3923 Κεφάλαιον
1697 3879 1855 3914 voca·

844 3950 1030 4003 bulum
1051 3967 1164 4000 esse
1186 3947 1339 4012 artis,
1356 3945 1536 4016 graecis
1551 3940 1854 3995 rhetoribus

739 4075 743 4078 >
842 4029 995 4083 valde
1010 4030 1418 4099 frequentatum,
1429 4036 1657 4090 constat,
1671 4035 1724 4075 et
1736 4021 1855 4094 plu-

842 4111 985 4162 rimis
1008 4107 1260 4180 exemplis
1280 4105 1620 4159 manifestum
1644 4116 1750 4169 est,
1767 4120 1853 4154 ve·

843 4187 923 4241 lut
943 4186 1089 4260 apud
1104 4189 1490 4255 Hermogenem
1509 4181 1575 4235 de
1596 4181 1820 4237 statibus
1832 4219 1848 4247 ,

1948 1178 2001 1231 p.
2034 1175 2062 1211 2
2080 1182 2094 1211 ε
2123 1157 2237 1230 cup>
2258 1159 2342 1217 ‘ri-'c
2363 1162 2455 1215 τὸν
2477 1165 2736 1215 commu&
2761 1162 2963 1231 ζωμί-

1947 1257 2039 1293 τοι
2075 1239 2337 1307 διωρίσθη
2371 1238 2432 1296 οἷς
2459 1237 2529 1293 ταὶ
2557 1239 2789 1308 λεγόμενα.
2821 1242 2964 1304 αρέ-

1948 1332 2094 1379 λιικι,
2120 1317 2343 1390 aliisque
2367 1333 2422 1373 et
2438 1320 2662 1374 aliorum
2682 1321 2751 1375 de
2771 1322 2963 1394 quihus

1946 1396 2068 1450 vide
2108 1400 2341 1451 Lexicon
2385 1402 2595 1453 Ernesti
2635 1400 2967 1456 rhetoricum

1948 1494 2178 1548 graecum
2195 1476 2249 1529 h.
2266 1495 2317 1530 v.
2339 1480 2512 1532 Etiam
2530 1479 2829 1533 Menander
2849 1480 2967 1536 rhe-

1949 1568 2037 1608 tor
2055 1574 2169 1609 non
2189 1556 2350 1610 semel
2368 1555 2475 1610 hoc
2493 1557 2759 1611 vocabulo
2781 1562 2968 1628 utitur,

1950 1634 2096 1688 velut
2127 1655 2182 1707 p.
2218 1635 2286 1690 63
2319 1633 2428 1707 (ed.
2463 1637 2714 1712 Heeren.)
2733 1660 2747 1689 ε
2786 1638 2969 1694 ἔπαινοι

1944 1713 2111 1780 pano!
2148 1712 2256 1767 cion
2291 1712 2396 1767 «imi
2430 1716 2689 1777 :uniatur
2724 1718 2821 1771 τὸι
2857 1717 2970 1786 *epi

1948 1789 2109 1861 χαίρεις
2142 1789 2377 1862 effascinet
2404 1791 2488 1844 καὶ
2516 1795 2607 1849 φὸυ
2637 1794 2762 1865 «περὶ
2793 1795 2974 1866 dds-‘-

1952 1893 2086 1929 aeovc.
2109 1874 2271 1939 Item‚
2294 1893 2347 1946 p.
2374 1890 2437 1944 9¹
2463 1895 2476 1926 τ
2510 1875 2726 1945 διαίρεσις
2751 1875 2890 1929 mni
2907 1874 2975 1930 u*

1951 1949 2119 2005 φιλικοὶ
2137 1952 2373 2013 minam
2392 1951 2675 2021 καλοᾶμιηι.
2705 1957 2766 2010 Si
2794 1969 2970 2010 tamen

1951 2032 2097 2086 hunc
2119 2033 2473 2088 Menandrum
2497 2034 2620 2088 loco
2644 2049 2837 2089 nostro
2867 2041 2973 2109 sig-

1951 2114 2224 2167 nificatum
2273 2114 2538 2168 credimus
2558 2154 2576 2183 ,
2627 2118 2970 2189 supposititia

1951 2192 2065 2245 haec
2078 2192 2238 2246 verba
2254 2211 2392 2265 agno
2398 2213 2544 2247 scere
2557 2198 2827 2267 cogimur,
2844 2214 2970 2269 quo—

1953 2276 2094 2326 niam
2120 2286 2420 2347 temporum
2437 2277 2670 2329 rationes
2691 2275 2969 2329 subducta

1951 2352 2220 2409 rhetorem
2249 2373 2479 2427 grecum
2510 2356 2853 2424 Quintiliano
2886 2376 2968 2410 re-

1953 2434 2245 2485 centiorem
2271 2432 2485 2485 duobus
2511 2434 2622 2486 fere
2651 2434 2854 2487 seculis
2883 2453 2967 2488 os-

1953 2509 2195 2566 tendunt.
2213 2513 2402 2583 Neque
2426 2524 2507 2563 est
2529 2510 2597 2563 de
2621 2511 2795 2566 nihilo
2823 2513 2969 2586 quod

1950 2589 2177 2645 Galloeus
2199 2604 2384 2645 monet
2407 2593 2600 2647 senarii
2619 2592 2838 2645 initium
2855 2611 2968 2646 esse

1949 2671 2006 2721 in
2025 2669 2203 2723 hisce:
2230 2667 2475 2731 ιοφιίλιιιᾶι
2499 2672 2639 2725 ὄπιν.
2665 2675 2736 2726 Et
2757 2686 2972 2744 potent

1952 2769 2079 2804 sane
2097 2750 2365 2823 judicialis
2385 2754 2639 2805 orationis
2658 2753 2971 2825 exemplum

1950 2832 2062 2903 peti
2107 2850 2140 2884 a
2179 2832 2473 2888 Menandro
2517 2835 2727 2886 comico
2743 2873 2761 2901 ,
2810 2853 2968 2906 quem

1951 2912 2148 2963 Noster
2169 2913 2284 2982 ipse
2309 2929 2418 2963 una
2437 2930 2562 2963 cum
2583 2912 2846 2985 Euripide
2872 2936 2898 2960 ι
2911 2916 2971 2966 iis

1958 3009 1980 3033 κ
2002 2989 2093 3059 qui
2125 3006 2182 3040 se
2215 2987 2285 3041 ad
2320 2989 2586 3060 agendum
2616 3006 2971 3063 comparant,

1957 3087 1980 3111 κ
2001 3066 2184 3120 utilem
2203 3091 2226 3116 n
2256 3067 2453 3120 fatetur
2474 3067 2583 3140 (X,
2613 3086 2660 3136 1,
2684 3069 2756 3123 60
2779 3070 2894 3123 vid.
2918 3085 2974 3123 et

1948 3147 2265 3218 sequentia).
2292 3146 2495 3201 Eodem
2512 3146 2676 3202 modo
2697 3148 2769 3202 ad
2787 3164 2970 3223 partes

1947 3240 2106 3280 vocat
2135 3245 2258 3279 eum
2285 3225 2423 3279 libro
2450 3230 2506 3295 1,
2538 3244 2632 3296 10,
2666 3230 2760 3293 18;
2794 3245 2853 3283 et
2875 3230 2969 3284 lib.

1948 3306 2052 3373 IX,
2081 3306 2148 3373 3,
2178 3308 2278 3375 89,
2300 3305 2395 3358 ubi
2416 3308 2601 3362 itidem
2626 3309 2830 3382 «apud
2851 3313 2970 3364 He—

1953 3406 1976 3430 α
1995 3382 2273 3437 nandi-um.
2298 3408 2322 3432 n

2019 3464 2069 3530 4.
2095 3463 2210 3515 Aut
2231 3464 2423 3517 minus.
2451 3465 2596 3517 Jens.
2620 3463 2750 3534 (tac.
2778 3467 2970 3535 Gesn.)

1945 3561 1995 3594 a.
2013 3546 2206 3615 majus,
2223 3545 2411 3596 iterum
2424 3581 2441 3609 ‚
2455 3563 2552 3615 per
2564 3544 2814 3618 sphalma
2823 3586 2842 3613 ,
2855 3566 2970 3600 non

1946 3624 2228 3694 repetitum
2252 3622 2387 3675 illud
2415 3641 2445 3674 a
2473 3626 2625 3676 Tarv.
2654 3644 2774 3697 quae
2803 3628 2968 3679 vicis-

1946 3705 2044 3755 sim
2067 3701 2229 3755 modo
2249 3703 2579 3774 predandam
2601 3725 2705 3777 pro
2723 3707 2965 3778 proban·

1943 3781 2087 3833 dum.
2109 3780 2244 3834 Vide
2266 3784 2316 3850 s.
2345 3783 2428 3836 26.

2017 3859 2067 3914 5.
2088 3861 2149 3915 H
2147 3862 2188 3913 is
2204 3873 2355 3914 erant
2367 3882 2401 3913 a
2418 3862 2764 3934 scriptoribus.
2780 3866 2963 3918 Tulit.

1945 3943 2136 3993 omittit
2152 3951 2301 3993 eraut
2312 3961 2362 3993 a.
2375 3940 2550 3996 Guelf.
2563 3963 2596 3994 a
2613 3944 2797 3997 solum
2809 3947 2966 3996 omit-

1943 4023 2034 4087 tit,
2063 4039 2184 4073 cum
2214 4024 2367 4074 Voss:
2402 4039 2421 4073 ι
2453 4035 2505 4075 et
2531 4022 2675 4075 Alm.
2703 4054 2780 4064 ——
2807 4026 2874 4076 R.
2907 4040 2928 4074 ι
2947 4061 2967 4087 ,

1901 4129 1916 4140 ·
1939 4111 2089 4152 eram
2112 4101 2451 4172 scriptoribus.
2483 4102 2579 4157 Ed.
2611 4105 2809 4174 Cam„
2835 4114 2966 4157 saint

1937 4180 2275 4251 scriptoribus.
2301 4182 2395 4234 Eu.
