3200 5150
833 434 964 509 422

1399 425 1495 487 M.
1531 421 1758 486 nnn
1795 420 2345 505 Qnm‘rlmmt

833 549 1098 619 tionem
1124 545 1483 633 dixissen13
1506 544 1703 643 quasi
1722 541 1913 614 aliud
1940 542 2026 614 sit
2046 541 2395 642 dispositio
2411 598 2431 631 ,
2450 569 2666 642 quam
2688 569 2927 616 rernm

838 662 1079 735 ordine
1121 687 1335 760 quam
1377 659 1642 759 optimo
1672 673 1688 702 ¹
1740 657 2117 729 collocatio.
2174 658 2406 729 Dion²
2449 658 2931 731 inventionem

835 775 1051 848 modo
1089 796 1157 846 et
1191 774 1710 873 dispositionem
1748 770 2091 863 tradidit-3,
2131 773 2251 844 sed
2290 794 2658 872 utramque
2704 772 2937 873 dupli-

837 918 1027 980 cem,
1059 916 1329 978 rerum,
1361 915 1438 959 ac
1477 889 1883 975 verborum,
1913 909 1991 959 ut
2020 888 2107 959 sit
2139 887 2435 983 elocutio
2473 888 2931 976 inventionis,

915 1139 959 1174 1.
999 1123 1186 1175 Rerum
1220 1121 1399 1174 ordine
1428 1141 1586 1194 quam
1622 1122 1837 1193 optimo.

835 1201 1011 1254 Guelf.
1039 1219 1204 1253 nrum
1230 1201 1285 1252 in
1309 1201 1540 1252 ordinem
1559 1219 1717 1273 quam
1742 1220 1839 1272 op·

838 1281 999 1344 tima,
1035 1292 1158 1332 cum
1189 1280 1349 1332 Goth.
1375 1284 1531 1331 Voss.
1568 1298 1596 1331 2
1633 1293 1685 1331 et
1714 1278 1838 1332 val-

835 1359 1004 1426 lensi,
1031 1374 1090 1411 ut
1117 1361 1275 1412 refert
1303 1359 1507 1411 Badius.
1536 1361 1726 1410 Rerum
1755 1376 1839 1409 on-

836 1437 962 1489 dine
981 1457 1140 1511 quam
1170 1439 1399 1510 optima,
1427 1440 1569 1490 Jens.
1599 1437 1838 1508 (tacente

838 1512 1023 1587 Gesn.)
1051 1535 1171 1569 cum
1205 1515 1323 1568 edd.
1357 1529 1476 1569 ante
1511 1516 1635 1568 Bad.
1675 1518 1838 1568 omni-

837 1594 956 1647 bus.
978 1594 1236 1647 Videntur
1257 1594 1590 1648 abhorruisse
1616 1595 1841 1647 editores

837 1692 871 1724 a
912 1686 1173 1725 structura
1212 1672 1435 1725 verbalis
1477 1692 1660 1725 casum
1696 1672 1842 1725 verbi

839 1752 941 1804 sibi
962 1755 1266 1825 jungentis:
1298 1771 1460 1824 quum
1490 1754 1627 1804 enim
1659 1771 1731 1805 res
1759 1771 1842 1804 or·-

836 1831 964 1882 dine
984 1850 1142 1903 quam
1170 1831 1367 1903 optimo
1393 1829 1639 1882 collocavi
1662 1833 1843 1883 rectis-

842 1913 972 1962 sime
998 1909 1259 1976 dicantur,
1293 1910 1349 1962 fit
1381 1909 1504 1962 inde
1538 1929 1630 1961 rer.
1666 1910 1845 1961 ordine

839 2007 1000 2061 quam
1020 1989 1216 2060 optimo
1238 1988 1512 2041 collocatio
1533 1991 1661 2043 item
1682 2003 1841 2041 recte.

839 2067 974 2120 Vide
1011 2071 1258 2120 Vossium
1297 2068 1364 2121 de
1400 2070 1805 2123 Constructione
1824 2106 1843 2134 ,

841 2165 891 2197 c.
919 2147 980 2211 8,
1004 2167 1056 2218 p.
1083 2144 1368 2199 Aristarchi
1388 2146 1520 2212 345,
1540 2161 1593 2199 et
1610 2148 1841 2200 Gronov.

841 2225 1037 2276 adLiv.
1059 2227 1205 2292 XIII,
1225 2226 1387 2297 35,7.
1403 2228 1510 2279 Cic.
1534 2226 1777 2295 deLegg
1795 2228 1846 2292 1

845 2301 941 2367 15,
974 2304 1392 2395 obtemperatio...
1428 2303 1635 2376 legibus.
1672 2302 1843 2357 Codd.

839 2380 897 2433 h.
923 2339 959 2432 l.
986 2385 1240 2453 scriptura
1269 2385 1440 2433 minus
1466 2381 1675 2453 placet,
1700 2381 1848 2452 quod

841 2458 1088 2511 collocari
1105 2478 1228 2511 cum
1248 2462 1546 2512 accusativo
1566 2479 1677 2511 non
1697 2461 1847 2511 strui·

842 2550 946 2591 tur.
967 2540 1143 2591 Turic-
1163 2558 1284 2590 cum
1304 2538 1439 2591 Alm.
1468 2556 1506 2590 r.
1535 2539 1768 2592 ordinem
1791 2558 1842 2612 q.

844 2636 893 2669 o.
911 2617 1075 2669 male
1060 2620 1309 2689 imposito
1325 2619 1475 2688 apice
1494 2620 1548 2668 'm
1568 2619 1763 2669 ordine.
1775 2649 1846 2658 —-

843 2698 950 2748 RR.
975 2715 1020 2761 1,
1036 2696 1097 2762 5,
1115 2696 1293 2747 ordine
1306 2715 1465 2768 quam
1479 2696 1694 2767 optimo.
1716 2699 1778 2749 R.
1796 2715 1847 2762 α,

845 2777 1006 2828 Cum.
1024 2776 1078 2826 in
1094 2775 1326 2827 ordinem
1340 2794 1498 2848 quam
1514 2776 1730 2847 optima.
1751 2778 1843 2828 En.

918 2873 966 2907 2.
993 2856 1149 2906 Dion.
1175 2856 1471 2920 Prusensis,
1495 2853 1566 2905 ob
1594 2854 1846 2924 eloquen-

841 2935 970 2986 tiam
979 2929 1295 2998 Χρυσὸπομος
1311 2934 1729 3003 cognominatus.
1742 2935 1848 2985 Hu-

837 3017 930 3084 jus
968 3012 1153 3065 saltem
1189 3027 1312 3065 aetas
1349 3013 1563 3064 mirifice
1600 3015 1846 3064 convenit

843 3110 968 3142 cum
986 3091 1296 3158 Quintiliani
1323 3092 1504 3162 ipsius.
1534 3093 1722 3162 Neque
1752 3090 1847 3144 ob-

844 3181 979 3234 stat,
1013 3165 1158 3237 quod
1189 3170 1490 3221 Domitiano
1528 3170 1723 3222 invisus
1743 3207 1762 3235 ,
1794 3181 1847 3222 et

841 3250 957 3318 ipse
988 3248 1216 3298 vicissim
1245 3249 1515 3314 infensus,
1546 3248 1843 3320 voluntario

843 3324 1024 3380 exsilio
1050 3326 1179 3378 urbe
1205 3325 1487 3390 abstinuit3
1522 3341 1847 3399 quapropter

843 3421 967 3456 eum
1011 3406 1313 3456 Domitiano
1357 3406 1562 3457 vivente
1607 3409 1845 3477 potuisse

843 3486 1242 3535 commemorari
1260 3497 1417 3554 negat
1434 3484 1741 3550 Turnebus,
1759 3503 1845 3537 eo·

846 3581 947 3633 que
985 3564 1150 3613 utitur
1181 3576 1488 3632 argumento
1527 3562 1843 3617 amandandi

843 3640 1128 3694 editionem
1175 3642 1349 3711 operis
1390 3640 1731 3709 Quintilianei
1776 3641 1844 3694 ad

841 3734 1081 3792 tempora
1122 3720 1334 3791 Trajani
1352 3758 1369 3786 ,
1411 3738 1441 3770 a
1484 3738 1590 3790 quo
1633 3721 1844 3792 plurimi

842 3801 1043 3851 factum
1064 3801 1289 3852 Dionem
1313 3813 1535 3852 constat.
1558 3800 1719 3867 Quod
1744 3820 1844 3854 un-

842 3877 910 3930 de
945 3880 1218 3951 arripuerit
1249 3893 1561 3950 personatus
1593 3879 1681 3931 ille
1709 3883 1844 3936 Tur-

844 3956 1045 4024 nebus,
1075 3961 1293 4027 ignoro3
1327 3957 1380 4008 id
1413 3957 1598 4022 video,
1635 3961 1736 4010 nisi
1767 3960 1844 4010 vi-

845 4050 997 4087 vente
1033 4038 1335 4089 Domitiano
1368 4038 1507 4091 edita
1542 4039 1697 4089 fuerit
1734 4039 1842 4090 haec

847 4115 1108 4168 Institutio
1123 4117 1384 4182 Oratoria‚
1402 4115 1633 4171 ftaudari
1642 4116 1841 4171 bonum

1926 1121 2307 1192 Quintilianum
2336 1120 2449 1172 sola
2476 1122 2807 1173 necessitatis
2840 1138 2933 1172 ex-

1927 1202 2200 1251 cusatione
2214 1200 2469 1251 vilissime
2485 1197 2834 1261 adulationis;
2849 1198 2937 1250 ab·

1926 1278 2141 1330 horrere
2169 1292 2345 1330 autem
2374 1276 2441 1328 ab
2470 1279 2615 1328 omni
2636 1278 2936 1329 verisimili-

1924 1356 2107 1411 tudine
2121 1396 2137 1424 ,
2152 1358 2492 1410 foedissimam
2502 1355 2757 1422 belluam,
2773 1375 2936 1427 quan

1928 1439 2082 1489 etiam
2101 1437 2356 1491 Martialis
2380 1436 2771 1488 conculcaverit
2795 1455 2935 1487 mor-

1927 1531 2073 1568 tuam
2092 1555 2111 1582 ,
2150 1534 2182 1567 a
2223 1529 2330 1566 tam
2371 1516 2507 1585 frugi
2542 1516 2656 1564 viro
2694 1516 2938 1585 potuisse

1929 1594 2132 1647 laudari
2172 1607 2296 1666 post
2334 1606 2574 1645 mortem.
2617 1594 2685 1644 Et
2724 1606 2943 1663 potent

1931 1692 2344 1727 commemorare
2383 1674 2610 1725 Dionem
2650 1674 2901 1743 profecto
2923 1712 2943 1738 ,

1932 1772 2089 1824 quem
2111 1752 2216 1805 hoc
2241 1755 2357 1823 ipso
2381 1751 2503 1803 loco
2530 1749 2862 1821 improbaret
2888 1767 2945 1802 et

1928 1850 2080 1904 pene
2115 1831 2368 1883 irrideret.
2411 1829 2515 1883 Sed
2551 1848 2661 1900 quo
2702 1833 2758 1881 in
2805 1830 2945 1881 libro

1930 1911 2042 1964 hoec
2070 1913 2345 1982 proposita
2370 1911 2528 1961 fuerit
2556 1927 2588 1960 a
2612 1911 2794 1962 Dione
2827 1909 2951 1961 elo-

1934 1993 2159 2063 quentiae
2186 1989 2406 2055 divisio,
2434 1987 2643 2053 hereo,
2674 1987 2827 2039 nulla
2855 2007 2952 2041 us—

1936 2089 2093 2141 quam
2116 2081 2525 2122 commemorata
2549 2070 2665 2138 ejus
2686 2078 2807 2116 arte
2829 2065 2953 2119 rhe—

1934 2150 2111 2201 torica.
2134 2152 2217 2201 ΑΒ
2237 2148 2369 2200 alins
2389 2148 2488 2198 fuit
2509 2145 2752 2218 ejusdem
2772 2149 2953 2198 nomi-

1934 2231 2052 2280 nis?
2073 2228 2175 2280 Sed
2198 2226 2455 2298 ejusmodi
2482 2225 2614 2275 liber
2640 2224 2789 2276 cadit
2818 2244 2952 2276 sane

1933 2310 1987 2360 in
2010 2307 2309 2373 hominem,
2328 2308 2419 2376 qui
2440 2306 2749 2375 frequenter
2772 2304 2955 2357 deda·

1933 2390 2151 2440 maverit
2173 2390 2349 2439 Romae
2373 2386 2593 2457 aliisque
2618 2387 2673 2437 in
2696 2384 2950 2439 urbibus.

1935 2466 2141 2520 Adeant
2154 2466 2220 2517 de
2234 2467 2407 2518 Dione
2420 2468 2617 2517 tirones
2630 2463 2791 2516 Fabr.
2810 2465 2952 2521 nihl.

1932 2547 2096 2600 Graec.
2121 2545 2263 2598 Harl.
2283 2544 2389 2598 vol.
2413 2548 2479 2610 V,
2509 2562 2603 2598 ιη
2631 2562 2785 2616 seqq.

1938 2671 1947 2674 -
2007 2626 2058 2677 3.
2076 2624 2327 2676 Tradidit.
2343 2624 2692 2678 Consentiunt
2708 2627 2818 2678 mei
2834 2628 2955 2695 qui-

1935 2702 2193 2754 demdibri
2213 2720 2410 2756 omnes.
2432 2702 2613 2754 Malim
2637 2716 2817 2755 tamen
2838 2716 2953 2756 tm-

1934 2780 2039 2846 dit,
2058 2793 2119 2832 ut
2137 2798 2314 2831 errore
2334 2799 2443 2832 non
2464 2780 2681 2832 insolito
2702 2780 2953 2834 librario-

1934 2878 2051 2911 rum
2080 2860 2216 2912 male
2242 2860 2399 2912 fuerit
2422 2862 2681 2928 geminata
2709 2861 2953 2933 syllaba,

1932 2938 2052 2994 vide
2074 2937 2338 2990 Drakenb.
2364 2938 2433 2992 ad
2450 2941 2558 2992 [ἐν.
2578 2942 2827 3007 XXVIII,
2850 2943 2954 3008 30,

1935 3018 1988 3083 4.
2009 3020 2255 3087 Sequitur
2282 3021 2455 3071 enim:
2494 3030 2557 3071 nt
2578 3020 2668 3084 sit,
2700 3039 2805 3090 pro
2836 3040 2950 3092 quo

1934 3094 2194 3162 debebat,
2214 3109 2337 3167 post
2355 3099 2674 3167 praeteritum
2695 3098 2951 3163 tradidit,

1935 3192 2079 3227 esse:
2106 3185 2323 3227 utesset.
2343 3174 2547 3240 Videl,
2573 3193 2654 3240 ιι,
2676 3176 2741 3240 8,
2761 3178 2951 3247 proei-

1929 3253 2026 3325 pit.
2052 3255 2261 3319 Fateor,
2284 3252 2446 3305 modo
2470 3255 2626 3305 etiam
2649 3269 2779 3323 post
2798 3256 2951 3326 adje-

1932 3342 2112 3383 cerunt
2137 3331 2273 3402 legi·
2261 3371 2274 3383 .
2299 3331 2447 3402 quasi
2469 3331 2565 3394 tit,
2592 3329 2686 3381 ubi
2714 3332 2953 3385 fortasse

1933 3409 2234 3480 diligentior
2249 3411 2515 3476 Ciceronis
2539 3411 2671 3461 ratio
2697 3413 2951 3481 postula-

1931 3488 2023 3540 bat
2049 3510 2061 3538 :
2101 3489 2247 3559 quasi
2285 3499 2421 3540 esset.
2465 3487 2566 3540 Sed
2606 3503 2790 3560 potest
2840 3491 2950 3543 hoc

1932 3569 2086 3632 ferri,
2115 3569 2312 3639 quippe
2340 3587 2401 3619 ex
2430 3569 2595 3639 ipsius
2623 3570 2952 3636 Quintiliani

1934 3649 2107 3699 animo
2131 3646 2357 3712 dictum,
2380 3646 2667 3718 judicantis
2698 3669 2853 3702 nunc
2881 3651 2950 3704 de

1931 3729 2032 3780 ista
2051 3726 2346 3798 adjectione
2358 3765 2376 3793 ,
2388 3738 2543 3778 antea
2555 3728 2717 3779 facta.
2740 3732 2951 3782 Nostm

1931 3805 2053 3858 loco
2079 3806 2339 3858 ordinatio
2360 3824 2450 3860 ea=
2472 3817 2532 3858 ut
2550 3808 2643 3871 sit,
2667 3822 2749 3860 est
2772 3811 2953 3880 ipsius

1930 3886 2132 3938 Dionis.
2168 3887 2234 3938 Et
2263 3885 2436 3937 solent
2467 3887 2795 3956 scriptores,
2831 3908 2953 3960 qna

1932 3963 2075 4016 libris
2098 3963 2305 4035 prodita
2330 3977 2478 4030 sunt,
2499 3979 2773 4036 tamquam
2797 3988 2953 4022 nune

1930 4040 2141 4092 demum
2167 4042 2334 4108 dicta,
2362 4061 2785 4099 commemorare
2816 4066 2961 4120 pra·-

1932 4122 2068 4173 senti
2089 4135 2342 4192 tempore.
