3200 5150
808 520 936 568 202

1305 505 1314 512 ·
1369 499 1463 564 M.
1503 448 1731 563 FA'Bn
1766 496 2334 582 Qnm'rtmmr

800 624 875 694 in
904 622 1010 695 his
1046 648 1191 693 non
1225 604 1534 693 auctores
1559 604 1780 693 'modo
1801 677 1818 706 ‚
1854 622 1973 692 sed
2003 610 2215 693 etiarn·
2239 641 2462 720 partes
2495 621 2722 720 operis
2752 622 2907 696 ele-

793 720 1015 836 gerisg
1064 763 1230 808 nam
1276 756 1344 808 et
1384 737 1606 810 Graeci
1649 736 1937 807 licenter
1976 736 2239 826 multa,
2289 757 2356 807 et
2395 739 2781 813 Horatium·
2816 738 2891 811 in

793 851 1216 951 quibusdam
1239 850 1460 922 nolim
1484 848 1939 947 interpretari.
1964 853 2032 922 E
2035 848 2211 947 [eyia
2234 876 2393 921 vero
2412 905 2432 937 ‚
2467 851 2707 949 utique
2732 879 2890 950 quat

787 986 978 1037 -amat
1003 979 1020 1009 ¹
1040 1023 1059 1055 ‚
1110 986 1177 1035 et
1209 963 1769 1061 hendecasyllabi
1791 977 1853 1051 ²,
1906 983 1974 1035 et
1994 964 2263 1062 quibus
2296 985 2458 1035 sunt
2489 964 2891 1037 commata-’⁹

790 1081 1244 1154 Sotadeorum
1284 1080 1497 1173 (nam
1528 1079 1614 1150 de
1642 1076 1948 1150 Sotadeis
1968 1075 2001 1139 4
2029 1105 2119 1150 ne
2146 1078 2693 1177 praecipiendum
2722 1078 2892 1178 qui-

789 1290 1090 1343 vallensem
1112 1289 1243 1342 cod.
1274 1303 1448 1341 narrat
1471 1286 1668 1343 habere
1693 1300 1797 1341 tra-

785 1371 992 1443 qoedioe,
1015 1369 1154 1421 hanc
1176 1388 1362 1420 vocem
1387 1372 1651 1442 reposuit,
1673 1371 1796 1441 quia

785 1448 1004 1520 traqoedi
1032 1456 1205 1509 essent
1230 1462 1434 1500 actores
1450 1487 1467 1514 ‚
1492 1468 1598 1500 non
1626 1452 1795 1520 serip-

788 1541 930 1579 tores
964 1527 1367 1596 tragoediarum‚
1398 1541 1447 1578 et
1477 1527 1660 1580 saltem
1696 1526 1794 1580 de·
1820 1578 1827 1587 ,

787 1607 988 1659 buisset
1026 1606 1184 1659 scribi
1225 1607 1455 1678 Trayici‚
1499 1620 1556 1657 ut
1588 1606 1762 1676 Lyrict‘
1776 1644 1791 1671 ‚

788 1684 934 1755 quod
953 1684 1272 1735 vocabulum
1293 1687 1560 1754 scripturae
1582 1684 1797 1757 traqoedi

785 1764 1106 1834 patrocinari
1127 1762 1266 1815 idem
1287 1776 1428 1814 recte
1443 1777 1616 1832 negat.
1633 1766 1793 1816 Gesn.

789 1841 1020 1914 trayoedt'.
1046 1872 1117 1880 —
1149 1841 1463 1914 quoedioe‚
1495 1844 1602 1893 RR.
1643 1860 1670 1893 2
1693 1880 1710 1906 ‚
1742 1842 1792 1893 6.

791 1920 1055 1993 Τναῃοεάὶ,
1083 1923 1142 1972 R.
1178 1938 1221 1985 ι,
1254 1922 1412 1971 Cssn».
1441 1933 1492 1971 et
1516 1922 1661 1971 Cirr.
1689 1919 1788 1971 Ed.

863 2017 906 2051 1.
947 2002 1073 2069 Quoe
1099 2011 1257 2050 amat.
1290 2002 1475 2051 Forma
1506 1998 1792 2068 loquendi,

787 2077 997 2148 qualem
1021 2097 1158 2148 saepe
1183 2077 1671 2139 animadvertimus,
1700 2080 1792 2129 tri-

784 2156 954 2207 buens
975 2158 1101 2227 ipsis
1116 2156 1287 2207 verbis
1309 2168 1360 2205 et
1380 2157 1629 2219 sermoni,
1647 2155 1792 2225 quod

786 2235 1094 2304 significant.
1110 2233 1241 2286 Vide
1261 2246 1444 2285 notam
1462 2231 1529 2284 ad
1548 2235 1597 2300 1,
1618 2233 1678 2299 6,
1699 2234 1791 2301 23,

786 2332 949 2384 quum
974 2314 1109 2364 ebur.

860 2410 907 2443 2.
943 2389 1372 2460 Hendecasyllabi
1402 2402 1454 2442 et
1483 2392 1679 2464 quibus.
1714 2393 1791 2444 Ita

785 2468 945 2521 Goth.
977 2468 1109 2539 (tac.
1141 2470 1300 2521 Gesn.
1333 2471 1422 2539 qui
1456 2489 1578 2521 cum
1603 2488 1791 2522 recen-

786 2547 1007 2601 tioribus
1031 2546 1122 2600 dat
1146 2546 1567 2619 hendecasyllabo
1591 2548 1793 2622 quibus)

785 2640 840 2680 et
862 2631 1014 2679 Voss.
1044 2646 1091 2679 2.
1117 2629 1427 2698 Exprimunt
1449 2627 1554 2680 hoc
1578 2646 1792 2695 manea,

785 2717 907 2757 ante
934 2704 1163 2778 Gryph.‚
1190 2718 1314 2756 vett.
1348 2705 1466 2757 edd.
1503 2726 1665 2771 meae,
1692 2709 1793 2758 nisi

771 2783 932 2854 *quod
953 2781 1375 2851 hendecasyllabo
1398 2782 1524 2833 dant
1547 2802 1645 2854 pro
1667 2783 1795 2835 hen-

784 2860 1110 2931 decasyllabi.
1171 2860 1344 2911 Habet
1397 2860 1749 2912 masculinum
1772 2900 1789 2929 ‚

787 2940 933 3012 quod
955 2940 1111 3009 longe
1137 2939 1461 3007 frequentius
1486 2938 1631 3011 apud
1648 2952 1793 2993 vete-

769 3039 899 3085 res,
928 3020 1086 3107 ‘fil'm
1112 3017 1288 3071 Guelf.
1321 3017 1415 3068 sed
1444 3019 1556 3069 sine
1586 3020 1789 3089 aspira-

784 3101 958 3164 tione,
978 3117 1092 3168 quae
1117 3099 1274 3148 etiam
1297 3114 1327 3147 a
1345 3096 1593 3148 Gothano
1619 3097 1786 3149 abest.

783 3180 910 3229 Post
923 3176 1061 3227 hanc
1075 3194 1260 3227 vocem
1282 3188 1402 3225 ante
1417 3175 1597 3247 quibus
1610 3175 1785 3229 Guelf.

783 3256 964 3307 inserit
985 3274 1018 3304 a
1031 3290 1049 3317 ‚
1076 3272 1198 3304 cum
1222 3251 1304 3303 ed.
1331 3252 1494 3304 Andr.
1508 3291 1525 3319 ‚
1547 3272 1647 3324 pro
1668 3273 1791 3307 nos-

783 3347 866 3384 tro
891 3343 956 3383 et.
981 3335 1164 3402 Neque
1184 3345 1330 3383 certo
1350 3332 1717 3384 affirmaverim
1735 3336 1789 3384 in

785 3410 1219 3481 hendecasyllabis
1237 3430 1414 3463 revera
1433 3430 1547 3463 esse
1567 3430 1792 3463 comma-

781 3501 841 3540 ta
853 3488 1194 3541 sotadeorum.
1208 3489 1440 3542 Malebat
1457 3493 1613 3542 etiam
1627 3491 1785 3543 Gesn.

784 3577 838 3619 et
868 3569 1163 3639 interponi,
1193 3568 1338 3638 quod
1370 3581 1580 3640 poterat
1607 3571 1662 3620 in
1689 3588 1754 3622 eo
1771 3607 1788 3635 ‚

788 3664 945 3717 quem
984 3646 1272 3712 tractabat,
1307 3647 1504 3699 Codice
1539 3649 1787 3701 invenire.

783 3755 858 3766 —
875 3723 1331 3796 Hendecasyllabi,
1354 3736 1446 3777 etc.
1469 3728 1546 3777 lta
1565 3729 1626 3778 R.
1653 3744 1699 3777 a„
1721 3730 1791 3780 At

783 3805 846 3856 R.
872 3822 890 3856 1
913 3817 964 3855 et
978 3805 1136 3857 Cia-r.
1150 3842 1168 3869 ‚
1188 3802 1612 3875 hendecasyllabo
1630 3824 1663 3855 a
1681 3806 1793 3877 qui-

777 3882 876 3936 ,ὕας
895 3893 1017 3934 sunt
1042 3893 1318 3934 commata.
1352 3885 1502 3949 Cum,
1536 3883 1791 3937 hendeca-

783 3959 983 4031 syllabo
1007 3961 1204 4032 quibus.
1229 3963 1320 4013 En.

847 4039 897 4091 3.
916 4041 1200 4091 Commota.
1212 4040 1386 4093 Guelf.
1399 4051 1657 4092 commota
1668 4060 1792 4093 cum

783 4115 946 4168 Goth.
973 4132 1027 4170 et
1044 4120 1206 4171 Viart.
1229 4119 1311 4171 ed.
1339 4131 1542 4171 comota
1561 4124 1715 4172 Voss,
1737 4122 1788 4173 3.

782 4196 898 4249 Nec
914 4197 1103 4248 mirum
1121 4198 1177 4251 in
1191 4216 1323 4251 voce
1340 4198 1670 4253 insolentiori
1685 4199 1794 4272 lap-

1885 1308 1972 1342 sos
1997 1290 2252 1342 librarios.
2278 1294 2534 1342 Venetam
2559 1303 2737 1341 autem
2759 1288 2889 1342 dm

1882 1379 2164 1420 scommata
2188 1368 2322 1421 falso
2348 1381 2523 1419 narrat
2545 1366 2692 1420 Gibs.
2718 1369 2811 1420 Est
2834 1370 2894 1419 iu

1885 1466 1946 1499 ea
1966 1463 2210 1517 expresse
2229 1456 2516 1509 commata,
2532 1460 2593 1497 nt
2601 1450 2711 1517 jam
2730 1448 2897 1518 scrip-

1885 1539 2011 1577 tnrae
2029 1527 2135 1589 isti,
2150 1526 2302 1576 nimis
2322 1524 2557 1596 probatae
2577 1543 2605 1575 a
2625 1528 2735 1576 VV.
2752 1526 2893 1591 DD„

1884 1623 2020 1655 unus
2040 1603 2365 1675 relinquatur
2383 1605 2556 1670 testis,
2580 1621 2761 1674 margo
2781 1606 2895 1657 Ste-

1923 1683 2065 1734 bani.

1882 1702 1919 1755 P
1955 1761 2004 1828 4.
2031 1761 2275 1813 Sotadeis.
2301 1760 2479 1814 Guelf.
2498 1760 2749 1814 Sotadict‘s
2765 1779 2895 1812 cum

1883 1844 2034 1892 Voss.
2070 1858 2114 1905 ι,
2144 1842 2204 1905 3,
2234 1854 2285 1892 et
2314 1839 2545 1893 vallensi
2568 1838 2698 1890 cod.
2716 1877 2734 1904 ,
2763 1857 2891 1890 nar-

1883 1933 2031 1970 rante
2077 1918 2239 1970 Badio
2264 1956 2281 1985 ,
2325 1916 2469 1988 quod
2510 1918 2737 1969 fortasse
2777 1935 2891 1967 non

1881 2018 2095 2070 prorsus
2126 2012 2229 2051 -est
2276 1997 2664 2067 negligendum.
2716 1998 2893 2048 Possit

1881 2079 2018 2129 enim
2038 2076 2201 2128 videri
2215 2076 2282 2128 de
2297 2076 2614 2128 carminibus
2629 2078 2756 2147 ipsis
2774 2074 2893 2126 die-

1881 2168 1993 2206 tum
2025 2155 2251 2207 sotadica
2266 2192 2282 2218 ‚
2326 2155 2394 2207 de
2436 2168 2602 2205 metro
2644 2153 2887 2216 sotadeoe‘,

1879 2233 1962 2286 vel
1984 2234 2203 2298 sotadei,
2227 2252 2390 2304 quum
2414 2234 2696 2304 praesertim
2722 2230 2888 2282 modo

1880 2315 1936 2364 in
1965 2312 2285 2365 sotadeorum
2323 2311 2467 2364 nulla
2499 2314 2566 2364 sit
2592 2309 2760 2364 codd.
2788 2329 2887 2361 va·-

1880 2393 2202 2445 rietaS.-Sunt
2221 2406 2395 2443 tamen
2415 2404 2470 2443 et
2485 2402 2709 2460 receptae
2725 2402 2888 2443 testes

1881 2473 2004 2522 satis
2042 2469 2369 2541 locupletes,
2401 2482 2460 2521 ut
2486 2467 2679 2533 Goth,
2709 2485 2888 2538 neque

1881 2548 2105 2602 multum
2120 2548 2345 2602 tribuam
2361 2548 2485 2601 huic
2498 2546 2800 2601 discrimini.
2816 2575 2888 2588 --

1880 2629 1954 2679 Et
1982 2628 2218 2700 quibus...
2252 2627 2461 2700 quidem
2499 2638 2587 2678 est.
2621 2624 2886 2679 Sotadeo-

1881 2724 1997 2757 rum
2032 2725 2279 2759 versuum
2316 2709 2447 2760 ratio
2463 2743 2479 2772 ‚
2517 2707 2617 2757 etsi
2649 2722 2758 2756 non
2791 2723 2887 2756 us-

1883 2801 2197 2856 quequaque
2213 2784 2457 2856 expedita
2471 2796 2552 2836 est
2567 2802 2597 2835 a
2612 2786 2720 2834 VV.
2739 2784 2887 2848 DD„

1880 2862 2087 2915 videtur
2110 2863 2220 2915 haec
2243 2863 2354 2915 fere
2380 2880 2522 2929 esse,
2547 2881 2609 2915 ex
2635 2860 2887 2933 Hephaes-

1879 2943 2037 2993 tionis
2051 2979 2069 3007 ‚
2119 2941 2392 2994 Diomedis
2410 2979 2427 3007 ‚
2477 2943 2783 2994 Terentiani
2834 2953 2889 2992 et

1879 3022 2107 3088 Fortuna
2113 3021 2239 3071 tiani
2246 3018 2412 3091 (apud
2426 3017 2755 3089 Putschium)
2765 3037 2891 3070 auc-

1878 3100 2089 3150 toritate
2120 3120 2131 3148 :
2185 3111 2396 3150 constat
2444 3097 2721 3149 sotadeum
2766 3115 2884 3149 me·

1880 3191 2017 3228 trum
2053 3180 2234 3229 lonico
2272 3195 2302 3228 a
2339 3181 2540 3249 majore
2578 3190 2886 3229 tetrametro

1878 3255 2355 3328 brachycatalecto.
2388 3258 2509 3308 Jam
2543 3274 2708 3327 quum
2739 3256 2889 3307 loni-

1881 3353 1974 3386 cus
1997 3348 2248 3406 uterque,
2266 3348 2375 3387 tam
2396 3353 2427 3386 a
2450 3338 2652 3406 majore
2675 3351 2833 3404 quam
2852 3351 2888 3384 ι
2934 3371 2951 3379 -

1878 3415 2082 3465 minore
2092 3451 2110 3478 ‚
2124 3426 2331 3466 constet
2352 3431 2443 3465 sex
2458 3411 2789 3483 temporibus
2803 3411 2889 3464 vel

1879 3494 2064 3559 moris,
2086 3504 2261 3563 potest
2283 3491 2416 3544 illud
2438 3493 2657 3544 mirifice
2669 3492 2856 3543 variari
2869 3511 2890 3553 ;

1880 3589 1986 3642 quo
2004 3573 2058 3623 in
2077 3589 2269 3640 genere
2287 3571 2342 3623 id
2362 3584 2567 3636 tamen,
2589 3572 2692 3623 nisi
2713 3569 2889 3638 fallor,

1879 3663 1958 3702 est
1981 3650 2272 3702 cavendum
2288 3687 2306 3716 ,
2332 3669 2401 3703 ne
2428 3647 2680 3702 sotadeus
2703 3665 2889 3700 versus

1878 3747 2112 3799 unquam
2143 3728 2341 3781 incidat
2367 3731 2423 3781 in
2450 3729 2690 3780 lonicum
2717 3746 2749 3778 a
2782 3729 2888 3779 mi·

1879 3827 2025 3860 nore.
2081 3810 2339 3860 Recenset
2388 3812 2529 3859 enim
2580 3805 2888 3877 Hephaestio

1878 3884 1962 3957 (p.
1988 3887 2181 3936 Pauwii
2204 3886 2295 3957 37)
2317 3885 2546 3952 hancce,
2567 3903 2727 3956 quam
2748 3885 2890 3936 ferat

1879 3981 2060 4015 versus
2083 3963 2330 4016 amadeus
2354 3966 2408 4016 in
2433 3964 2599 4016 tribus
2617 3963 2888 4035 prioribus

1879 4041 2212 4111 regionibus,
2228 4042 2427 4115 pedum
2444 4045 2748 4094 varietatem
2765 4063 2779 4094 z
2805 4063 2891 4093 συ-

1879 4120 2030 4187 ζυγίαι
2041 4117 2267 4189 τροχιῖκιῗ
2289 4129 2308 4139 ’
2337 4121 2386 4188 ⁹,
2410 4129 2428 4138 ⁸
2458 4121 2508 4188 ⁹,
2528 4118 2556 4172 ti
2575 4121 2628 4184 ῖξ
2648 4120 2891 4171 iveta-aie-

1879 4220 1963 4253 σου
1987 4199 2343 4272 κᾳιὶσυρῥιχίου,
2360 4201 2387 4229 '·‘
2408 4201 2434 4229 ’Ξ
2458 4207 2477 4218 ”
2496 4238 2515 4267 ,
2531 4199 2558 4216 ν
2578 4200 2605 4215 “
2619 4237 2636 4266 ,
2661 4198 2687 4250 ⁸¹
2710 4198 2765 4250 ἐκ
2784 4220 2899 4266 ‘tpi—
