3200 5150
665 438 1311 509 INSTITUTIONIS
1348 440 1602 517 ORAT.
1643 438 1804 507 Lm.
1846 442 1909 522 1,
1956 443 2014 523 4.
2307 465 2387 532 79

298 564 491 637 {ibus
531 563 868 663 coegeris,
908 562 1078 662 quid
1112 561 1359 663 juveni
1398 563 1610 635 facias
1633 576 1652 607 ¹
1679 617 1700 653 ,
1745 563 1859 649 cui
1903 589 2033 639 nec
2075 562 2389 636 adhiberi

300 701 521 779 potest
551 679 663 751 hic
698 700 962 769 metus»,
997 698 1064 749 et
1092 677 1354 777 majora
1387 677 1714 753 discenda
1741 677 1942 750 sunt?
1967 678 2165 750 Adde
2199 680 2389 778 quod

300 793 522 867 multa
542 792 1030 891 vapulantibus
1052 790 1238 864 dictu
1270 791 1611 867 deformia
1628 847 1648 882 ,
1677 813 1744 864 et
1771 819 1934 865 mox
1960 794 2389 890 verecundiae

294 912 567 999 futura,
613 934 791 1006 saepe
826 905 1061 979 dolore
1094 905 1198 979 vel
1236 927 1427 979 metu
1462 906 1821 995 accidunt,
1860 906 1982 1007 qui
2023 906 2252 1007 pudor
2285 936 2392 981 re·-

294 1024 535 1123 fringit
562 1023 881 1115 animum
900 1077 922 1111 ,
952 1043 1018 1094 et
1048 1020 1283 1122 abjicit
1303 1076 1324 1113 ,
1356 1041 1562 1121 atque
1596 1021 1812 1121 ipsius
1845 1020 2018 1096 lucis
2048 1024 2294 1123 fugam
2326 1046 2394 1096 et

291 1138 579 1231 ,taedium
629 1137 835 1210 dictat
852 1148 903 1208 ².
948 1136 1107 1209 Jam
1151 1135 1207 1208 si
1248 1135 1480 1209 minor
1512 1135 1587 1208 in
1620 1135 1987 1235 diligendis
2020 1138 2387 1211 custodum

296 1274 365 1325 et
409 1273 910 1352 praeceptorum
960 1249 1274 1323 moribus
1318 1250 1451 1323 fuit
1495 1277 1703 1341 cura,
1757 1251 1974 1350 pudet
2010 1250 2279 1342 dicere,
2318 1252 2390 1326 in

295 1392 453 1466 quae
481 1366 731 1465 probra
764 1364 1048 1437 nefandi
1075 1362 1399 1437 homines
1426 1362 1550 1438 isto
1575 1363 1887 1437 caedendi
1905 1363 2069 1466 jure
2092 1365 2391 1441 abutan-

292 1501 433 1570 tur,
474 1507 689 1580 quam
729 1480 845 1553 det
882 1479 1031 1552 aliis
1066 1505 1349 1579 quoque
1395 1505 1913 1579 nonnunquam
1952 1480 2390 1553 occasionem

294 1593 410 1671 hic
463 1594 873 1666 miserorum
921 1614 1169 1665 metuS.
1218 1595 1377 1666 Non
1431 1590 1801 1664 morabor—³
1856 1592 1928 1664 in
1976 1614 2166 1692 parte
2213 1595 2388 1691 hac}

296 1708 603 1782 nimium
650 1730 750 1781 est
793 1708 984 1808 quod
1030 1694 1721 1805 intelligiturfquare
1762 1706 1900 1779 hoc
1942 1705 2187 1779 dixisse
2233 1708 2392 1781 satis

297 1844 432 1912 est,
468 1824 538 1895 in
573 1844 840 1896 aetatem
876 1823 1264 1910 infirmam,
1289 1842 1357 1892 et
1382 1819 1654 1922 injuriae
1684 1819 2092 1910 obnoxiam,
2122 1822 2390 1896 nemini

298 1935 599 2010 debere4
643 1937 947 2009 nimium
991 1936 1219 2007 licere.
1260 1936 1469 2007 Nunc
1512 1934 1772 2033 quibus
1804 1932 2268 2009 instituendus
2307 1938 2392 2010 sit

297 2052 591 2141 artibus,
613 2051 734 2151 qui
755 2050 848 2122 sic
874 2050 1312 2137 formabitur,
1342 2071 1417 2122 ut
1447 2049 1592 2122 fieri
1627 2046 1837 2148 possit
1863 2070 2113 2142 orator,
2142 2072 2209 2124 et
2236 2048 2391 2150 qu&

297 2168 370 2241 in
405 2194 681 2265 quaque
713 2188 903 2239 aetate
934 2164 1359 2253 inchoanda,
1390 2164 1614 2236 dicere
1643 2163 2010 2263 ingrediar.
2217 2152 2229 2159 ”

397 2282 566 2354 CAP.
627 2283 749 2350 lv.
796 2280 1072 2350 Primus
1124 2277 1192 2350 in
1252 2302 1371 2365 eo,
1419 2276 1541 2377 qui
1586 2276 1864 2377 legendi
1907 2276 2389 2380 scribendique

2435 694 2495 745 16

2435 1172 2498 1225 ¹7

2437 1958 2496 2011 18

298 2394 587 2493 adeptus
621 2394 747 2467 erit
773 2393 1211 2480 facultatem,
1240 2389 1707 2490 grammaticis
1732 2411 1832 2463 est
1856 2390 2071 2465 locus.
2102 2393 2247 2466 Nec
2283 2421 2391 2467 re·
2439 2446 2450 2451 -

294 2511 464 2600 fert,
498 2511 582 2583 de
617 2513 861 2586 Graeco
895 2537 987 2583 an
1017 2510 1103 2582 de
1133 2508 1379 2581 Latino
1409 2506 1690 2608 loquar;
1726 2486 2158 2608 quamquam
2189 2509 2390 2584 Grae·

298 2652 463 2698 cum
503 2652 646 2698 esse
688 2627 990 2725 priorem
1032 2624 1276 2724 placet.
1310 2615 1601 2722 Utrique
1642 2622 1888 2694 eadem
1924 2621 2035 2694 via
2065 2643 2186 2696 est.
2221 2624 2389 2700 Haec

298 2738 507 2836 igitur
543 2740 912 2836 professio,
946 2767 1170 2837 quum
1208 2735 1603 2809 brevissime
1640 2735 1713 2806 in
1752 2734 1922 2807 duas
1956 2756 2179 2835 partes
2213 2736 2389 2812 divi-

301 2852 525 2939 datur,
562 2870 738 2924 recte
759 2852 786 2898 ⁵
825 2852 1151 2953 loquendi
1175 2849 1574 2940 scientiam,
1608 2871 1674 2922 et
1701 2865 2065 2951 poetarum
2098 2877 2390 2923 enarra-

203 3043 211 3051 ,
302 2971 596 3053 tionem;
638 2966 797 3064 plus
830 2965 1041 3038 habet
1074 2966 1144 3035 in
1181 2991 1444 3035 recessu
1467 3020 1486 3051 ,
1524 2989 1738 3060 quam
1773 2967 1999 3036 fronte
2032 2966 2385 3063 promittit.

298 3083 481 3153 Nam
513 3102 579 3155 et
605 3081 950 3153 scribendi
983 3080 1148 3150 ratio
1179 3078 1551 3182 conjuncta
1584 3105 1750 3150 cum
1786 3079 2130 3181 loquendo
2156 3102 2290 3170 est,
2326 3101 2393 3153 et

301 3200 806 3272 enarrationem
844 3195 1164 3297 praecedit
1195 3195 1555 3267 emendata
1589 3192 1820 3282 lectio,
1856 3216 1923 3266 et
1955 3196 2255 3267 mixtum
2285 3197 2390 3269 his

300 3313 634 3386 omnibus
643 3314 994 3414 judicium
1027 3332 1163 3383 est:
1202 3336 1342 3409 quo
1376 3304 1665 3408 quidem
1701 3305 1793 3378 ita
1827 3333 2052 3380 severe
2088 3330 2250 3381 sunt
2284 3310 2389 3381 usi

300 3522 459 3573 tiores
477 3520 615 3574 hanc
630 3520 842 3574 lection.
859 3521 1189 3572 mutaverint.
1206 3520 1298 3570 En.
1390 3515 1616 3568 nimium
1647 3533 1747 3568 esse
1775 3511 1918 3587 quod
1948 3513 2271 3588 intelligitur.
2296 3520 2390 3576 En,

381 3616 423 3652 1.
453 3599 591 3669 Quid
601 3599 792 3671 juveni
807 3598 996 3671 facias.
1025 3595 1185 3649 Goth.
1203 3595 1301 3667 fa·-
1460 3595 1511 3662 4.
1553 3593 1773 3650 Nemini
1810 3593 2000 3646 debere.
2043 3594 2203 3648 Goth.
2246 3593 2392 3667 (tac.

301 3677 552 3749 cies(tac.
577 3679 784 3749 Gesn.).
812 3681 966 3731 Bene.
1387 3674 1588 3744 Gesn.)
1632 3673 1804 3728 Guelf.
1850 3686 1902 3726 et
1944 3692 2125 3726 omnes
2165 3677 2392 3730 fortasse

376 3774 424 3810 2.
456 3757 686 3816 Toedium
710 3758 884 3810 dictat.
910 3755 1127 3809 Ἀκυΐία,
1148 3757 1301 3809 Juve·
1387 3753 1554 3807 Codd.
1579 3753 1755 3814 deben-
1784 3754 2122 3820 infinitivum,
2147 3756 2239 3824 qui
2266 3773 2394 3809 sane

299 3833 405 3890 nal.
425 3873 442 3901 ,
470 3848 565 3888 sat.
594 3838 719 3900 vu,
745 3854 792 3886 v.
825 3836 889 3902 34
907 3874 924 3902 ,
953 3834 1050 3888 35:
1087 3833 1300 3890 «Taedia
1388 3836 1552 3903 magis
1575 3833 1781 3886 videtur
1803 3835 2046 3896 Latinus,
2070 3827 2270 3902 primus
2298 3834 2394 3887 de·

306 3937 331 3962 ι
353 3929 477 3970 tunc
498 3912 726 3967 subeunt
744 3915 976 3978 animos,
992 3928 1119 3966 tunc
1139 3931 1300 3983 sequa
1389 3912 1466 3964 dit
1480 3950 1497 3977 ,
1525 3911 1620 3967 sed
1647 3930 1710 3964 ex
1736 3915 2073 3982 conjectura,
2096 3911 2304 3966 Badius.
2322 3943 2391 3960 -.

308 4015 332 4040 ι
353 3989 1143 4063 suamqueTerpsichorenodit„
1154 4003 1252 4042 etc.
1271 4013 1295 4038 ι
1388 3993 1449 4044 R.
1484 4009 1501 4044 1
1534 4005 1587 4042 et
1614 3992 1807 4055 Cum,
1830 3989 1987 4040 debet.

375 4072 424 4125 3.
457 4073 581 4126 Non
609 4071 858 4123 morabor.
891 4071 996 4123 RR.
1030 4069 1199 4122 codd.
1231 4069 1303 4134 3,
1460 4068 1510 4123 5.
1526 4071 1692 4122 Recte.
1707 4069 1980 4134 Correcte,
2000 4069 2290 4126 emendato.
2312 4072 2390 4130 Ita

300 4150 373 4219 ⁴,
398 4149 429 4203 5
446 4188 463 4218 ,
490 4150 557 4220 6,
586 4170 688 4204 non
718 4167 928 4206 moveor
952 4149 1005 4200 in
1030 4159 1179 4220 parte
1207 4147 1302 4202 hac
1392 4148 1833 4222 explicat-Noster
1855 4148 1990 4201 non.
