3200 5150
789 461 913 506 120

1341 438 1434 501 M.
1474 435 1704 500 FAmt
1740 433 2295 518 QUINTILIANI

680 609 746 644 20
783 560 1184 633 Parcissime
1206 585 1285 632 ea
1298 579 1555 631 veteres
1572 557 1677 629 usi
1696 557 1900 628 etiam
1930 557 2001 627 in
2021 554 2402 645 vocalibus,
2423 579 2647 655 quum
2663 555 2883 644 oedox,

785 683 1094 777 ircosque
1112 674 1460 783 dicebant.
1484 673 1627 745 Diu
1650 671 1901 744 deinde
1925 692 2272 745 servatum
2301 685 2317 715 ¹
2341 728 2360 761 ‚
2390 697 2480 742 ne
2506 696 2888 743 consonan-

778 791 966 865 tibus
986 788 1431 889 aspiraretur‚
1459 803 1547 861 'ut
1568 787 1642 860 in
1670 790 1960 860 Graccis
1980 806 2047 859 et
2068 790 2402 886 triumpis.
2439 786 2686 884 Erupit
2702 784 2887 857 brevi

778 926 1092 1003 tempore
1122 903 1385 976 nimius
1414 929 1617 993 usus,
1664 923 1741 974 ut
1769 899 2126 990 ethomme,
2170 900 2644 973 chenturiones
2657 955 2681 989 ,
2716 927 2890 1000 proe-

781 1016 1031 1091 chortes
1055 1018 1283 1091 adhuc
1309 1017 1736 1117 quibusdam
1763 1015 2331 1116 inscriptionibus
2357 1035 2723 1087 maneant:
2755 1041 2892 1115 qua

678 1188 737 1224 21
784 1133 869 1206 de
900 1161 970 1205 re
996 1133 1252 1205 Catulli
1282 1132 1517 1205 nobile
1547 1132 1987 1232 epigramma
2018 1152 2118 1203 est
2135 1144 2187 1201 ².
2222 1130 2395 1202 Inde
2421 1129 2624 1202 durat
2648 1128 2739 1201 ad
2767 1154 2889 1202 nos

784 1276 1005 1347 usque
1033 1246 1499 1336 vehementer,
1534 1269 1601 1321 et
1629 1244 2232 1348 comprehendere,
2264 1264 2330 1317 et
2357 1241 2571 1317 mihi.-
2604 1264 2671 1317 et
2698 1242 2890 1318 mehe

784 1391 1065 1463 quoque
1086 1390 1210 1461 pro
1241 1390 1347 1435 me
1366 1360 1395 1408 ³
1424 1362 1616 1462 apud
1641 1364 1966 1461 antiquos
1982 1420 2002 1453 ‚
2036 1361 2521 1460 tragoediarum
2544 1359 2888 1459 praecipue

680 1526 742 1562 22
784 1478 1141 1576 scriptores
1164 1475 1219 1567 4,
1250 1478 1323 1548 in
1354 1476 1700 1550 veteribus
1729 1477 1921 1549 libris
1956 1475 2374 1549 invenimus,
2424 1474 2678 1546 Adhuc
2708 1474 2890 1548 diffi-

784 1593 979 1665 cilior
1010 1592 1388 1665 observatio
1423 1614 1522 1665 est
1554 1619 1678 1691 per
1709 1582 1965 1666 tenores
1981 1590 2037 1681 ⁵,
2063 1618 2238 1691 quos
2272 1590 2561 1689 quidem
2597 1589 2687 1662 ab
2717 1589 2889 1663 anti-

783 1709 940 1807 quis
982 1708 1196 1780 dictos
1241 1724 1503 1781 tonores
1541 1707 1889 1806 comperi,
1933 1727 2013 1780 ut
2043 1702 2411 1778 videlicet⁶
2460 1703 2804 1777 declinato
2850 1732 2889 1778 a

785 1824 1043 1896 Graecis
1062 1823 1296 1914 verbo,
1318 1824 1439 1923 qui
1458 1836 1637 1901 τόνους
1661 1812 1938 1912 dicunt,
1957 1821 2065 1895 vel
2097 1843 2419 1895 accentus
2433 1878 2453 1912 ,
2470 1848 2644 1920 quas
2665 1820 2889 1893 Graeci

780 1949 1063 2030 προσῳδίας
1090 1958 1373 2029 vocant,
1401 1965 1627 2037 quum
1658 1960 1859 2012 acuta
1884 1958 1953 2010 et
1975 1936 2229 2038 gravis»,
2260 1935 2395 2008 alia
2414 1961 2537 2034 pro
2559 1934 2729 2026 alia,
2767 1962 2890 2034 po-

782 2160 928 2210 tione
950 2161 1129 2229 itaque
1162 2163 1364 2229 agitur,
1395 2178 1504 2211 non
1533 2159 1600 2212 de
1625 2162 1791 2233 scrip-

781 2251 929 2302 tura,
952 2241 1104 2308 cnjus
1124 2240 1489 2290 tractationem
1499 2242 1612 2310 jam
1631 2241 1789 2291 omit-

780 2317 861 2366 tit.
894 2315 1013 2367 vid.
1040 2316 1108 2368 de
1139 2335 1300 2388 parca
1321 2330 1559 2369 veterum
1585 2319 1789 2389 aspira-

782 2394 928 2445 tione
952 2395 1059 2445 Cic.
1086 2398 1231 2447 Orat.
1251 2433 1268 2460 ‚
1291 2414 1338 2446 c.
1366 2395 1451 2461 48.

860 2491 905 2525 ι.
931 2474 1217 2525 Servatum.
1241 2474 1327 2526 Sic
1344 2473 1518 2526 Guelf.
1536 2511 1554 2538 ‚
1581 2475 1785 2527 sirecte

780 2550 919 2616 vidi,
946 2568 1108 2621 quum
1133 2568 1316 2604 omnes
1338 2565 1588 2623 praeterea
1613 2548 1781 2605 C'odd.

781 2628 910 2681 dent
950 2641 1272 2682 reservatum.
1325 2661 1397 2671 -
1436 2632 1780 2685 Reservatum.

778 2708 980 2764 habent
1011 2708 1180 2761 codd.
1214 2712 1320 2762 RR.
1353 2727 1373 2761 ι
1396 2748 1413 2776 ,
1445 2728 1503 2777 2,
1535 2711 1694 2763 Canu».
1730 2725 1784 2763 et

783 2787 869 2838 alii
896 2787 1157 2858 permulti.
1187 2789 1280 2839 En.

857 2883 903 2916 2.
948 2867 1063 2934 Qua
1097 2866 1161 2917 de
1192 2886 1299 2918 re...
1337 2868 1658 2941 epigramma
1692 2879 1779 2922 est.

778 2946 903 2996 Non
938 2945 1149 3014 quidem
1181 2946 1248 2998 de
1280 2948 1392 2999 istis
1427 2949 1782 3019 inscriptioni·

778 3021 881 3075 bus
897 3062 913 3088 ,
939 3042 1160 3094 quarum
1183 3025 1376 3078 similes
1400 3025 1612 3078 exhibet
1643 3027 1781 3078 Gru-

780 3113 938 3168 terus,
965 3117 1025 3155 ut
1049 3102 1422 3168 homamentia
1449 3118 1579 3167 etc.;
1601 3104 1696 3156 sed
1714 3104 1782 3159 de

778 3184 1354 3254 pronunciatione‚quae
1369 3202 1424 3235 se
1440 3185 1493 3234 in
1508 3185 1636 3255 ipsis
1649 3183 1782 3236 adeo

779 3260 1211 3331 inscriptionibus
1224 3265 1438 3314 exeruit.
1451 3264 1786 3333 Epigramma

780 3351 956 3390 antem
989 3352 1067 3390 est
1094 3339 1287 3391 Catulli
1321 3341 1386 3411 78
1423 3340 1785 3411 (quamquam

780 3418 979 3468 variant
1001 3419 1258 3486 editiones
1296 3422 1349 3470 in
1386 3418 1675 3489 numero),
1716 3419 1784 3472 de

777 3495 965 3562 Arrio,
1014 3499 1121 3549 sive
1157 3497 1333 3547 Hirr-io
1375 3499 1448 3548 sic
1486 3500 1779 3568 incipiens:

786 3598 809 3619 n
831 3576 1160 3627 Chommoda
1196 3575 1438 3642 dicebat,
1484 3578 1529 3627 si
1567 3577 1780 3647 quando

782 3675 808 3700 ι
828 3654 1107 3706 commoda
1130 3654 1303 3707 vellet.
1328 3678 1349 3702 ιι
1379 3669 1480 3706 etc.

792 3767 795 3774 ·
850 3734 900 3784 3.
920 3734 1130 3784 Mehe...
1152 3752 1250 3785 me.
1274 3733 1447 3785 Guelf.
1476 3751 1656 3786 meoe...
1684 3736 1774 3785 mi.

779 3811 919 3863 Male
937 3825 1237 3883 utrumqne,
1251 3831 1411 3883 quum
1430 3827 1644 3885 recepta
1664 3813 1778 3865 sola

779 3893 1216 3959 argumentationi
1243 3892 1542 3943 satisfaciat.
1579 3892 1779 3959 Quam-

779 3986 937 4036 quam
956 3969 1235 4022 Salmasius
1255 3970 1323 4021 ad
1340 3970 1477 4021 Flor.
1501 3972 1554 4034 1,
1591 3986 1608 4020 1
1634 4008 1651 4031 ,
1685 3972 1777 4035 18,

777 4045 923 4097 malit
946 4047 1159 4101 mehoe...
1190 4067 1347 4113 meoe,
1378 4048 1525 4118 quod
1552 4049 1627 4100 sic
1653 4048 1777 4100 nul-

1877 2163 2032 2213 Voss.
2080 2179 2126 2213 2.
2161 2159 2324 2214 Goth.
2367 2160 2510 2221 Jens.
2553 2159 2706 2210 Tar-v.
2741 2175 2882 2210 meoe.

1879 2243 2064 2293 Venet.
2101 2256 2172 2290 eoe
2203 2240 2354 2291 Bern.
2394 2237 2566 2289 caeteri
2597 2226 2881 2307 receptamss

1877 2347 1949 2357 -—
1971 2320 2044 2368 Et
2069 2317 2233 2368 melae.
2259 2319 2319 2368 R.
2352 2334 2373 2369 1
2396 2354 2414 2382 ,
2445 2333 2471 2367 2
2491 2353 2508 2381 ‚
2537 2316 2734 2381 Csina,
2759 2332 2880 2366 nam

1876 2395 2050 2460 mehe,
2080 2394 2225 2466 quod
2247 2393 2579 2465 praetulerim.
2607 2393 2701 2445 En.

1945 2475 1998 2541 4.
2029 2474 2474 2547 quoediarum...
2496 2471 2884 2541 scriptores.,12i·

1872 2555 2015 2606 vium
2038 2552 2402 2607 Andronicum
2417 2591 2435 2619 ,
2470 2551 2705 2604 Naevium
2721 2589 2741 2619 ,
2777 2551 2880 2603 En-
2907 2621 2910 2624 Ἴ

1873 2635 2054 2698 nium,
2082 2635 2397 2698 Pacuvium,
2425 2633 2662 2683 Accium.

1945 2712 1993 2764 5.
2014 2711 2203 2765 Adhuc
2220 2709 2546 2784 difficilior...
2558 2728 2656 2781 per
2666 2719 2874 2763 tenores.

1871 2789 2167 2844 observent
2197 2789 2284 2842 hic
2309 2792 2504 2842 tirones
2531 2787 2703 2839 adhuc
2732 2806 2877 2840 com-

1869 2873 2106 2942 parativo
2139 2873 2382 2940 junctum
2420 2867 2488 2919 ad
2522 2868 2878 2920 recentiorum

1869 2949 1981 3001 fere
2013 2948 2307 3018 linguarum
2330 2946 2581 3012 modum,
2617 2946 2766 3017 quod
2798 2958 2877 2997 ta·

1871 3045 1992 3078 men
2016 3040 2068 3078 et
2089 3025 2201 3079 aliis
2227 3040 2480 3096 argenteae
2504 3026 2668 3077 oetatis
2692 3036 2874 3077 aucto·

1870 3104 2015 3158 ribus
2038 3106 2430 3177 frequentatum
2455 3103 2661 3156 discent
2685 3122 2715 3156 e
2737 3106 2876 3156 Tur-

1874 3183 2058 3237 sellino
2091 3183 2159 3236 de
2184 3181 2454 3235 Particulis
2471 3220 2486 3248 ‚
2513 3180 2724 3252 (Editio
2748 3183 2873 3254 Lip-

1871 3264 2056 3316 siensis
2086 3262 2248 3332 1751)
2271 3281 2324 3333 p.
2347 3261 2435 3330 47,
2460 3263 2585 3313 item
2605 3280 2635 3314 e
2653 3262 2872 3313 Lexicis.

1872 3343 1947 3392 lta
1976 3343 2077 3410 Qu.
2112 3343 2191 3407 11,
2223 3341 2289 3407 4,
2331 3341 2427 3406 13,
2459 3339 2631 3391 adhuc
2656 3339 2876 3401 melius,-

1871 3421 1950 3485 Π,
1986 3419 2046 3472 15
2063 3458 2081 3485 ‚
2107 3419 2206 3485 28,
2229 3417 2400 3470 adhuc
2426 3418 2745 3473 concitatior.
2774 3420 2878 3471 Per

1872 3508 2065 3551 tenores
2082 3511 2258 3551 autem
2273 3536 2291 3563 ‚
2316 3499 2450 3549 sicut
2465 3515 2563 3568 per
2574 3515 2725 3549 sonos
2736 3535 2754 3562 ,
2780 3514 2880 3569 per

1869 3576 2286 3649 aspirationem(
2299 3576 2343 3646 ς
2391 3574 2523 3646 19),
2557 3587 2638 3629 est
2671 3594 2771 3648 pro
2806 3593 2874 3627 eo

1873 3656 2018 3727 quod
2054 3659 2242 3709 attinet
2278 3655 2346 3708 ad
2382 3669 2607 3708 tenores.
2655 3655 2870 3709 Graece:

1867 3732 2006 3805 πειραὶ
2022 3733 2109 3792 ταὶς
2131 3735 2391 3803 προιφῶἀς

1940 3815 1991 3867 6.
2025 3816 2096 3867 Ut
2112 3814 2360 3867 videlicet.
2389 3815 2474 3868 An
2493 3813 2633 3866 forte
2652 3813 2873 3885 abjicie-

1868 3912 1983 3946 mus
2007 3905 2096 3958 ut,
2137 3907 2404 3965 tamquam
2434 3906 2617 3945 natum
2649 3912 2714 3945 ex
2733 3891 2874 3945 male

1866 3976 2089 4045 repetita
2141 3975 2407 4044 sequentis
2457 3975 2623 4045 prima
2669 3972 2876 4044 syllaba

1867 4051 1969 4103 nid.
2000 4051 2169 4104 codd.
2195 4066 2373 4104 autem
2395 4066 2539 4104 nost.
2568 4070 2752 4105 omnes
2775 4050 2878 4104 ha-

777 4120 863 4176 lus
882 4123 972 4176 dat
995 4125 1141 4179 liber.
1164 4146 1273 4181 mee
1289 4129 1464 4199 priore
1488 4127 1612 4181 loco
1635 4127 1771 4182 Alm.
1863 4129 1993 4184 bent
2009 4141 2089 4194 αις
2101 4130 2158 4183 id
2175 4129 2490 4186 servandum
2501 4133 2758 4186 existimo.
2774 4132 2872 4185 Eo-
