<?xml version="1.0" encoding="UTF-8"?>
<!DOCTYPE html PUBLIC "-//W3C//DTD XHTML 1.0 Transitional//EN"
    "http://www.w3.org/TR/xhtml1/DTD/xhtml1-transitional.dtd">
<html xmlns="http://www.w3.org/1999/xhtml" xml:lang="en" lang="en">
 <head>
  <title>
</title>
<meta http-equiv="Content-Type" content="text/html;charset=utf-8" />
  <meta name='ocr-system' content='tesseract 3.04.00' />
  <meta name='ocr-capabilities' content='ocr_page ocr_carea ocr_par ocr_line ocrx_word'/>
</head>
<body>
  <div class='ocr_page' id='page_1' title='image "./deinstitutioneo12quingoog_0567.png"; bbox 0 0 3200 5150; ppageno 0'>
   <div class='ocr_carea' id='block_1_1' title="bbox 604 479 2026 565">
    <p class='ocr_par' dir='ltr' id='par_1_1' title="bbox 604 479 2026 565">
     <span class='ocr_line' id='line_1_1' title="bbox 604 479 2026 565; baseline 0 -16"><span class='ocrx_word' id='word_1_1' title='bbox 604 479 1256 549; x_wconf 80' lang='lat' dir='ltr'>INSTITUTIONIS</span> <span class='ocrx_word' id='word_1_2' title='bbox 1291 481 1546 557; x_wconf 80' lang='lat' dir='ltr'><strong>ORAT.</strong></span> <span class='ocrx_word' id='word_1_3' title='bbox 1587 483 1748 549; x_wconf 84' lang='lat' dir='ltr'><strong>LIB.</strong></span> <span class='ocrx_word' id='word_1_4' title='bbox 1791 484 1923 565; x_wconf 90' lang='lat'>111,</span> <span class='ocrx_word' id='word_1_5' title='bbox 1965 487 2026 551; x_wconf 91' lang='grc'><strong>8.</strong></span> 
     </span>
    </p>
   </div>
   <div class='ocr_carea' id='block_1_2' title="bbox 2241 492 2357 572">
    <p class='ocr_par' dir='ltr' id='par_1_2' title="bbox 2241 492 2357 572">
     <span class='ocr_line' id='line_1_2' title="bbox 2241 492 2357 572; baseline -0.026 -16"><span class='ocrx_word' id='word_1_6' title='bbox 2241 492 2357 572; x_wconf 64' lang='grc'><strong>54,</strong></span> 
     </span>
    </p>
   </div>
   <div class='ocr_carea' id='block_1_3' title="bbox 271 601 2367 710">
    <p class='ocr_par' dir='ltr' id='par_1_3' title="bbox 271 601 2367 710">
     <span class='ocr_line' id='line_1_3' title="bbox 271 601 2367 710; baseline 0.004 -36"><span class='ocrx_word' id='word_1_7' title='bbox 271 603 450 703; x_wconf 66' lang='lat' dir='ltr'><strong>ejus»,</strong></span> <span class='ocrx_word' id='word_1_8' title='bbox 488 603 1190 703; x_wconf 79' lang='lat' dir='ltr'><strong>tacentibusquoque</strong></span> <span class='ocrx_word' id='word_1_9' title='bbox 1229 601 1433 676; x_wconf 74' lang='lat' dir='ltr'><strong>nobis</strong></span> <span class='ocrx_word' id='word_1_10' title='bbox 1466 604 1674 694; x_wconf 82' lang='lat' dir='ltr'><strong>valet3</strong></span> <span class='ocrx_word' id='word_1_11' title='bbox 1715 605 1869 695; x_wconf 87' lang='lat' dir='ltr'><strong>sed,</strong></span> <span class='ocrx_word' id='word_1_12' title='bbox 1911 628 1989 680; x_wconf 92' lang='lat' dir='ltr'><strong>ut</strong></span> <span class='ocrx_word' id='word_1_13' title='bbox 2020 634 2091 680; x_wconf 83' lang='lat' dir='ltr'><strong>se</strong></span> <span class='ocrx_word' id='word_1_14' title='bbox 2125 609 2367 710; x_wconf 88' lang='lat' dir='ltr'><strong>reipu-</strong></span> 
     </span>
    </p>
   </div>
   <div class='ocr_carea' id='block_1_4' title="bbox 270 715 2476 819">
    <p class='ocr_par' dir='ltr' id='par_1_4' title="bbox 270 715 2476 819">
     <span class='ocr_line' id='line_1_4' title="bbox 270 715 2476 819; baseline 0.005 -32"><span class='ocrx_word' id='word_1_15' title='bbox 270 715 466 790; x_wconf 85' lang='lat' dir='ltr'><strong>blicae</strong></span> <span class='ocrx_word' id='word_1_16' title='bbox 498 738 748 806; x_wconf 87' lang='lat' dir='ltr'><strong>servet,</strong></span> <span class='ocrx_word' id='word_1_17' title='bbox 782 718 1239 790; x_wconf 81' lang='lat' dir='ltr'><strong>hortabimur.</strong></span> <span class='ocrx_word' id='word_1_18' title='bbox 1268 720 1421 791; x_wconf 85' lang='lat' dir='ltr'><strong>Hac</strong></span> <span class='ocrx_word' id='word_1_19' title='bbox 1449 719 1551 791; x_wconf 85' lang='lat' dir='ltr'><strong>illi</strong></span> <span class='ocrx_word' id='word_1_20' title='bbox 1584 746 1762 819; x_wconf 88' lang='lat' dir='ltr'><strong>opus</strong></span> <span class='ocrx_word' id='word_1_21' title='bbox 1795 742 1896 793; x_wconf 86' lang='lat' dir='ltr'><strong>est</strong></span> <span class='ocrx_word' id='word_1_22' title='bbox 1932 724 2363 817; x_wconf 76' lang='lat' dir='ltr'><strong>¹occasione,</strong></span> <span class='ocrx_word' id='word_1_23' title='bbox 2404 736 2476 808; x_wconf 76' lang='lat'><strong>47</strong></span> 
     </span>
    </p>
   </div>
   <div class='ocr_carea' id='block_1_5' title="bbox 266 832 2469 1507">
    <p class='ocr_par' dir='ltr' id='par_1_5' title="bbox 266 832 2469 1507">
     <span class='ocr_line' id='line_1_5' title="bbox 270 832 2366 932; baseline 0.004 -29"><span class='ocrx_word' id='word_1_24' title='bbox 270 858 358 904; x_wconf 89' lang='lat' dir='ltr'><strong>ne</strong></span> <span class='ocrx_word' id='word_1_25' title='bbox 388 859 554 905; x_wconf 90' lang='lat' dir='ltr'><strong>eum</strong></span> <span class='ocrx_word' id='word_1_26' title='bbox 577 832 824 904; x_wconf 83' lang='lat' dir='ltr'><strong>talium</strong></span> <span class='ocrx_word' id='word_1_27' title='bbox 851 857 1142 932; x_wconf 89' lang='lat' dir='ltr'><strong>precum</strong></span> <span class='ocrx_word' id='word_1_28' title='bbox 1166 833 1461 932; x_wconf 84' lang='lat' dir='ltr'><strong>pudeat;</strong></span> <span class='ocrx_word' id='word_1_29' title='bbox 1487 855 1555 907; x_wconf 81' lang='lat' dir='ltr'><strong>et</strong></span> <span class='ocrx_word' id='word_1_30' title='bbox 1576 837 1657 907; x_wconf 91' lang='lat' dir='ltr'><strong>C.</strong></span> <span class='ocrx_word' id='word_1_31' title='bbox 1683 836 1980 908; x_wconf 72' lang='lat' dir='ltr'><strong>Caesari-²</strong></span> <span class='ocrx_word' id='word_1_32' title='bbox 2000 838 2366 912; x_wconf 77' lang='lat' dir='ltr'><strong>suadentes</strong></span> 
     </span>
     <span class='ocr_line' id='line_1_6' title="bbox 269 947 2365 1050; baseline 0.003 -32"><span class='ocrx_word' id='word_1_33' title='bbox 269 974 602 1046; x_wconf 73' lang='lat' dir='ltr'><strong>regnum,</strong></span> <span class='ocrx_word' id='word_1_34' title='bbox 649 947 1163 1020; x_wconf 83' lang='lat' dir='ltr'><strong>affirmabimus</strong></span> <span class='ocrx_word' id='word_1_35' title='bbox 1214 969 1389 1021; x_wconf 84' lang='lat' dir='ltr'><strong>stare</strong></span> <span class='ocrx_word' id='word_1_36' title='bbox 1429 948 1583 1049; x_wconf 81' lang='lat' dir='ltr'><strong>jam</strong></span> <span class='ocrx_word' id='word_1_37' title='bbox 1638 950 2189 1050; x_wconf 84' lang='lat' dir='ltr'>rempublicam,</span> <span class='ocrx_word' id='word_1_38' title='bbox 2232 953 2365 1025; x_wconf 84' lang='lat' dir='ltr'><strong>nisi</strong></span> 
     </span>
     <span class='ocr_line' id='line_1_7' title="bbox 269 1064 2368 1162; baseline 0.003 -28"><span class='ocrx_word' id='word_1_39' title='bbox 269 1090 413 1134; x_wconf 89' lang='lat' dir='ltr'><strong>uno</strong></span> <span class='ocrx_word' id='word_1_40' title='bbox 442 1083 754 1161; x_wconf 77' lang='lat' dir='ltr'><strong>regente,</strong></span> <span class='ocrx_word' id='word_1_41' title='bbox 786 1088 929 1134; x_wconf 87' lang='lat' dir='ltr'><strong>non</strong></span> <span class='ocrx_word' id='word_1_42' title='bbox 960 1087 1197 1161; x_wconf 85' lang='lat' dir='ltr'><strong>posse;</strong></span> <span class='ocrx_word' id='word_1_43' title='bbox 1228 1089 1398 1135; x_wconf 83' lang='lat' dir='ltr'><strong>nam</strong></span> <span class='ocrx_word' id='word_1_44' title='bbox 1427 1064 1550 1162; x_wconf 88' lang='lat' dir='ltr'><strong>qui</strong></span> <span class='ocrx_word' id='word_1_45' title='bbox 1580 1064 1666 1136; x_wconf 86' lang='lat' dir='ltr'><strong>de</strong></span> <span class='ocrx_word' id='word_1_46' title='bbox 1703 1092 1773 1137; x_wconf 88' lang='lat' dir='ltr'><strong>re</strong></span> <span class='ocrx_word' id='word_1_47' title='bbox 1811 1066 2074 1137; x_wconf 82' lang='lat' dir='ltr'><strong>nefaria</strong></span> <span class='ocrx_word' id='word_1_48' title='bbox 2105 1064 2368 1140; x_wconf 88' lang='lat' dir='ltr'><strong>delibe-</strong></span> 
     </span>
     <span class='ocr_line' id='line_1_8' title="bbox 267 1176 2366 1281; baseline 0.002 -31"><span class='ocrx_word' id='word_1_49' title='bbox 267 1199 400 1268; x_wconf 83' lang='lat' dir='ltr'><strong>rat,</strong></span> <span class='ocrx_word' id='word_1_50' title='bbox 429 1176 500 1249; x_wconf 90' lang='lat' dir='ltr'><strong>id</strong></span> <span class='ocrx_word' id='word_1_51' title='bbox 536 1176 764 1250; x_wconf 87' lang='lat' dir='ltr'><strong>solum</strong></span> <span class='ocrx_word' id='word_1_52' title='bbox 796 1176 1073 1276; x_wconf 86' lang='lat' dir='ltr'><strong>quaerit,</strong></span> <span class='ocrx_word' id='word_1_53' title='bbox 1098 1203 1240 1277; x_wconf 89' lang='lat' dir='ltr'><strong>quo</strong></span> <span class='ocrx_word' id='word_1_54' title='bbox 1280 1179 1494 1252; x_wconf 87' lang='lat' dir='ltr'><strong>modo</strong></span> <span class='ocrx_word' id='word_1_55' title='bbox 1530 1205 1745 1278; x_wconf 82' lang='lat' dir='ltr'><strong>quam</strong></span> <span class='ocrx_word' id='word_1_56' title='bbox 1786 1180 2170 1254; x_wconf 86' lang='lat' dir='ltr'><strong>minimum</strong></span> <span class='ocrx_word' id='word_1_57' title='bbox 2200 1208 2366 1281; x_wconf 90' lang='lat' dir='ltr'><strong>pec-</strong></span> 
     </span>
     <span class='ocr_line' id='line_1_9' title="bbox 267 1291 2469 1394; baseline 0.003 -28"><span class='ocrx_word' id='word_1_58' title='bbox 267 1317 419 1366; x_wconf 82' lang='lat' dir='ltr'><strong>eare</strong></span> <span class='ocrx_word' id='word_1_59' title='bbox 450 1291 782 1364; x_wconf 82' lang='lat' dir='ltr'><strong>videatur.</strong></span> <span class='ocrx_word' id='word_1_60' title='bbox 820 1292 1135 1365; x_wconf 87' lang='lat' dir='ltr'><strong>Multum</strong></span> <span class='ocrx_word' id='word_1_61' title='bbox 1179 1295 1384 1366; x_wconf 79' lang='lat' dir='ltr'>refert</span> <span class='ocrx_word' id='word_1_62' title='bbox 1420 1294 1632 1366; x_wconf 85' lang='lat' dir='ltr'><strong>etiam</strong></span> <span class='ocrx_word' id='word_1_63' title='bbox 1647 1293 1707 1384; x_wconf 76' lang='grc'><em>3,</em></span> <span class='ocrx_word' id='word_1_64' title='bbox 1749 1321 1905 1394; x_wconf 81' lang='lat' dir='ltr'><strong>quae</strong></span> <span class='ocrx_word' id='word_1_65' title='bbox 1945 1295 2031 1366; x_wconf 84' lang='lat' dir='ltr'><strong>sit</strong></span> <span class='ocrx_word' id='word_1_66' title='bbox 2071 1319 2365 1394; x_wconf 85' lang='lat' dir='ltr'><strong>persona</strong></span> <span class='ocrx_word' id='word_1_67' title='bbox 2401 1307 2469 1373; x_wconf 75' lang='grc'><strong>48</strong></span> 
     </span>
     <span class='ocr_line' id='line_1_10' title="bbox 266 1404 2364 1507; baseline 0.002 -28"><span class='ocrx_word' id='word_1_68' title='bbox 266 1406 658 1495; x_wconf 84' lang='lat' dir='ltr'><strong>suadentis;</strong></span> <span class='ocrx_word' id='word_1_69' title='bbox 689 1404 926 1507; x_wconf 75' lang='lat' dir='ltr'><strong>quia4,</strong></span> <span class='ocrx_word' id='word_1_70' title='bbox 961 1427 1273 1481; x_wconf 84' lang='lat' dir='ltr'><strong>anteacta</strong></span> <span class='ocrx_word' id='word_1_71' title='bbox 1297 1410 1433 1481; x_wconf 80' lang='lat' dir='ltr'><strong>vita</strong></span> <span class='ocrx_word' id='word_1_72' title='bbox 1466 1409 1520 1480; x_wconf 90' lang='lat' dir='ltr'><strong>si</strong></span> <span class='ocrx_word' id='word_1_73' title='bbox 1557 1408 1844 1481; x_wconf 84' lang='lat' dir='ltr'><strong>illustris</strong></span> <span class='ocrx_word' id='word_1_74' title='bbox 1876 1408 2041 1498; x_wconf 85' lang='lat' dir='ltr'><strong>fuit,</strong></span> <span class='ocrx_word' id='word_1_75' title='bbox 2072 1432 2192 1482; x_wconf 85' lang='lat' dir='ltr'><strong>aut</strong></span> <span class='ocrx_word' id='word_1_76' title='bbox 2225 1411 2364 1484; x_wconf 75' lang='lat' dir='ltr'><strong>cla-</strong></span> 
     </span>
    </p>
   </div>
   <div class='ocr_carea' id='block_1_6' title="bbox 245 1585 1270 4259">
    <p class='ocr_par' dir='ltr' id='par_1_6' title="bbox 255 1585 1270 3069">
     <span class='ocr_line' id='line_1_11' title="bbox 260 1585 1269 1654; baseline -0.001 -14"><span class='ocrx_word' id='word_1_77' title='bbox 260 1590 361 1640; x_wconf 86' lang='lat' dir='ltr'><strong>ris:</strong></span> <span class='ocrx_word' id='word_1_78' title='bbox 388 1587 824 1654; x_wconf 74' lang='lat' dir='ltr'>memorabimus,</span> <span class='ocrx_word' id='word_1_79' title='bbox 848 1585 1148 1640; x_wconf 80' lang='lat' dir='ltr'><strong>afferemus.</strong></span> <span class='ocrx_word' id='word_1_80' title='bbox 1175 1586 1269 1639; x_wconf 77' lang='lat' dir='ltr'><strong>Al·</strong></span> 
     </span>
     <span class='ocr_line' id='line_1_12' title="bbox 262 1662 1265 1739; baseline 0.001 -22"><span class='ocrx_word' id='word_1_81' title='bbox 262 1666 432 1739; x_wconf 68' lang='lat' dir='ltr'><strong>legare</strong></span> <span class='ocrx_word' id='word_1_82' title='bbox 464 1685 630 1737; x_wconf 78' lang='lat' dir='ltr'><strong>graece</strong></span> <span class='ocrx_word' id='word_1_83' title='bbox 662 1682 742 1720; x_wconf 87' lang='lat' dir='ltr'><strong>est</strong></span> <span class='ocrx_word' id='word_1_84' title='bbox 773 1662 1125 1734; x_wconf 60' lang='grc' dir='ltr'><strong>ἐινροοαίμοιιν</strong></span> <span class='ocrx_word' id='word_1_85' title='bbox 1153 1665 1265 1719; x_wconf 84' lang='lat' dir='ltr'><strong>scil.</strong></span> 
     </span>
     <span class='ocr_line' id='line_1_13' title="bbox 263 1744 1268 1817; baseline 0.001 -21"><span class='ocrx_word' id='word_1_86' title='bbox 263 1745 451 1812; x_wconf 59' lang='grc' dir='ltr'><strong>φίλοινοι</strong></span> <span class='ocrx_word' id='word_1_87' title='bbox 474 1748 684 1799; x_wconf 82' lang='lat' dir='ltr'><strong>Mittere</strong></span> <span class='ocrx_word' id='word_1_88' title='bbox 702 1744 773 1799; x_wconf 90' lang='lat' dir='ltr'><strong>ad</strong></span> <span class='ocrx_word' id='word_1_89' title='bbox 787 1745 1019 1817; x_wconf 74' lang='lat' dir='ltr'><strong>aliquem</strong></span> <span class='ocrx_word' id='word_1_90' title='bbox 1039 1748 1238 1798; x_wconf 89' lang='lat' dir='ltr'><strong>amicos</strong></span> <span class='ocrx_word' id='word_1_91' title='bbox 1251 1783 1268 1813; x_wconf 91' lang='lat'>‚</span> 
     </span>
     <span class='ocr_line' id='line_1_14' title="bbox 263 1823 1267 1898; baseline 0.001 -23"><span class='ocrx_word' id='word_1_92' title='bbox 263 1827 356 1897; x_wconf 85' lang='lat' dir='ltr'><strong>qui</strong></span> <span class='ocrx_word' id='word_1_93' title='bbox 383 1824 582 1897; x_wconf 86' lang='lat' dir='ltr'><strong>aliquid</strong></span> <span class='ocrx_word' id='word_1_94' title='bbox 610 1828 659 1878; x_wconf 91' lang='lat' dir='ltr'><strong>ei</strong></span> <span class='ocrx_word' id='word_1_95' title='bbox 684 1823 1040 1898; x_wconf 76' lang='lat' dir='ltr'><strong>persuadeant</strong></span> <span class='ocrx_word' id='word_1_96' title='bbox 1055 1862 1072 1890; x_wconf 86' lang='lat'><strong>‚</strong></span> <span class='ocrx_word' id='word_1_97' title='bbox 1097 1825 1267 1896; x_wconf 87' lang='lat' dir='ltr'><strong>preci·</strong></span> 
     </span>
     <span class='ocr_line' id='line_1_15' title="bbox 261 1903 1264 1976; baseline 0 -22"><span class='ocrx_word' id='word_1_98' title='bbox 261 1903 362 1955; x_wconf 82' lang='lat' dir='ltr'><strong>bus</strong></span> <span class='ocrx_word' id='word_1_99' title='bbox 395 1916 447 1955; x_wconf 87' lang='lat' dir='ltr'><strong>et</strong></span> <span class='ocrx_word' id='word_1_100' title='bbox 478 1904 711 1957; x_wconf 86' lang='lat' dir='ltr'><strong>consiliis</strong></span> <span class='ocrx_word' id='word_1_101' title='bbox 745 1903 813 1955; x_wconf 81' lang='lat' dir='ltr'><strong>ab</strong></span> <span class='ocrx_word' id='word_1_102' title='bbox 850 1923 915 1956; x_wconf 89' lang='lat' dir='ltr'><strong>eo</strong></span> <span class='ocrx_word' id='word_1_103' title='bbox 948 1916 1264 1976; x_wconf 77' lang='lat' dir='ltr'><strong>expugnent.</strong></span> 
     </span>
     <span class='ocr_line' id='line_1_16' title="bbox 263 1982 1269 2052; baseline -0.001 -18"><span class='ocrx_word' id='word_1_104' title='bbox 263 1982 443 2035; x_wconf 81' lang='lat' dir='ltr'><strong>Multis</strong></span> <span class='ocrx_word' id='word_1_105' title='bbox 467 1982 604 2034; x_wconf 81' lang='lat' dir='ltr'><strong>hanc</strong></span> <span class='ocrx_word' id='word_1_106' title='bbox 628 1982 1066 2052; x_wconf 72' lang='lat' dir='ltr'><strong>significationem</strong></span> <span class='ocrx_word' id='word_1_107' title='bbox 1090 1999 1269 2033; x_wconf 81' lang='lat' dir='ltr'><strong>exem-</strong></span> 
     </span>
     <span class='ocr_line' id='line_1_17' title="bbox 262 2059 1268 2131; baseline 0.001 -21"><span class='ocrx_word' id='word_1_108' title='bbox 262 2059 364 2131; x_wconf 83' lang='lat' dir='ltr'><strong>plis</strong></span> <span class='ocrx_word' id='word_1_109' title='bbox 401 2059 727 2114; x_wconf 82' lang='lat' dir='ltr'><strong>demonstrat</strong></span> <span class='ocrx_word' id='word_1_110' title='bbox 761 2061 809 2111; x_wconf 81' lang='lat' dir='ltr'><strong>J.</strong></span> <span class='ocrx_word' id='word_1_111' title='bbox 850 2063 931 2111; x_wconf 85' lang='lat' dir='ltr'><strong>Fr.</strong></span> <span class='ocrx_word' id='word_1_112' title='bbox 970 2060 1268 2112; x_wconf 75' lang='lat' dir='ltr'><strong>Gronovius</strong></span> 
     </span>
     <span class='ocr_line' id='line_1_18' title="bbox 262 2137 1270 2204; baseline 0.001 -15"><span class='ocrx_word' id='word_1_113' title='bbox 262 2137 331 2189; x_wconf 77' lang='lat' dir='ltr'><strong>ad</strong></span> <span class='ocrx_word' id='word_1_114' title='bbox 353 2140 461 2190; x_wconf 78' lang='lat' dir='ltr'><strong>Liv.</strong></span> <span class='ocrx_word' id='word_1_115' title='bbox 486 2140 733 2203; x_wconf 71' lang='lat' dir='ltr'>XXXVI,</span> <span class='ocrx_word' id='word_1_116' title='bbox 760 2153 843 2204; x_wconf 82' lang='lat'><strong>11,</strong></span> <span class='ocrx_word' id='word_1_117' title='bbox 870 2157 888 2191; x_wconf 86' lang='lat'>1</span> <span class='ocrx_word' id='word_1_118' title='bbox 908 2177 925 2203; x_wconf 84' lang='lat'>‚</span> <span class='ocrx_word' id='word_1_119' title='bbox 950 2137 1087 2190; x_wconf 82' lang='lat' dir='ltr'><strong>adde</strong></span> <span class='ocrx_word' id='word_1_120' title='bbox 1105 2139 1162 2189; x_wconf 82' lang='lat' dir='ltr'><strong>L.</strong></span> <span class='ocrx_word' id='word_1_121' title='bbox 1185 2139 1270 2190; x_wconf 84' lang='lat' dir='ltr'><strong>Se·</strong></span> 
     </span>
     <span class='ocr_line' id='line_1_19' title="bbox 262 2214 1265 2287; baseline -0.001 -21"><span class='ocrx_word' id='word_1_122' title='bbox 262 2234 448 2267; x_wconf 72' lang='lat' dir='ltr'><strong>necem</strong></span> <span class='ocrx_word' id='word_1_123' title='bbox 485 2214 551 2269; x_wconf 89' lang='lat' dir='ltr'><strong>de</strong></span> <span class='ocrx_word' id='word_1_124' title='bbox 590 2217 765 2268; x_wconf 84' lang='lat' dir='ltr'><strong>Benef.</strong></span> <span class='ocrx_word' id='word_1_125' title='bbox 796 2219 862 2283; x_wconf 85' lang='lat' dir='ltr'><strong>V,</strong></span> <span class='ocrx_word' id='word_1_126' title='bbox 904 2215 997 2281; x_wconf 79' lang='lat'><strong>25,</strong></span> <span class='ocrx_word' id='word_1_127' title='bbox 1033 2235 1088 2287; x_wconf 85' lang='lat' dir='ltr'><strong>p.</strong></span> <span class='ocrx_word' id='word_1_128' title='bbox 1128 2233 1265 2285; x_wconf 82' lang='lat'><strong>299:</strong></span> 
     </span>
     <span class='ocr_line' id='line_1_20' title="bbox 268 2294 1268 2366; baseline 0 -19"><span class='ocrx_word' id='word_1_129' title='bbox 268 2319 289 2340; x_wconf 78' lang='grc' dir='ltr'><strong>ι-</strong></span> <span class='ocrx_word' id='word_1_130' title='bbox 310 2297 422 2347; x_wconf 91' lang='lat' dir='ltr'><strong>Diis</strong></span> <span class='ocrx_word' id='word_1_131' title='bbox 459 2313 675 2366; x_wconf 83' lang='lat' dir='ltr'><strong>quoque</strong></span> <span class='ocrx_word' id='word_1_132' title='bbox 715 2297 1025 2347; x_wconf 73' lang='lat' dir='ltr'><strong>Homericus</strong></span> <span class='ocrx_word' id='word_1_133' title='bbox 1061 2294 1151 2347; x_wconf 84' lang='lat' dir='ltr'><strong>ille</strong></span> <span class='ocrx_word' id='word_1_134' title='bbox 1188 2313 1268 2347; x_wconf 87' lang='lat' dir='ltr'><strong>sa—</strong></span> 
     </span>
     <span class='ocr_line' id='line_1_21' title="bbox 266 2371 1264 2448; baseline -0.001 -23"><span class='ocrx_word' id='word_1_135' title='bbox 266 2398 288 2420; x_wconf 78' lang='lat'><em>·</em></span> <span class='ocrx_word' id='word_1_136' title='bbox 309 2373 496 2427; x_wconf 82' lang='lat' dir='ltr'><strong>cerdos</strong></span> <span class='ocrx_word' id='word_1_137' title='bbox 523 2374 721 2448; x_wconf 66' lang='lat' dir='ltr'><strong>allegat</strong></span> <span class='ocrx_word' id='word_1_138' title='bbox 743 2374 936 2427; x_wconf 82' lang='lat' dir='ltr'><strong>officia.</strong></span> <span class='ocrx_word' id='word_1_139' title='bbox 964 2398 987 2421; x_wconf 76' lang='grc' dir='ltr'><strong>ι·</strong></span> <span class='ocrx_word' id='word_1_140' title='bbox 1026 2375 1107 2426; x_wconf 83' lang='lat' dir='ltr'><strong>Ita</strong></span> <span class='ocrx_word' id='word_1_141' title='bbox 1138 2371 1190 2426; x_wconf 84' lang='lat' dir='ltr'><strong>h.</strong></span> <span class='ocrx_word' id='word_1_142' title='bbox 1229 2373 1264 2425; x_wconf 91' lang='lat'><strong>1.</strong></span> 
     </span>
     <span class='ocr_line' id='line_1_22' title="bbox 258 2452 1266 2528; baseline 0.001 -24"><span class='ocrx_word' id='word_1_143' title='bbox 258 2466 488 2523; x_wconf 75' lang='lat' dir='ltr'><strong>persona</strong></span> <span class='ocrx_word' id='word_1_144' title='bbox 510 2455 802 2526; x_wconf 82' lang='lat' dir='ltr'><strong>imponitur</strong></span> <span class='ocrx_word' id='word_1_145' title='bbox 824 2452 1100 2525; x_wconf 74' lang='lat' dir='ltr'><strong>cupiditati</strong></span> <span class='ocrx_word' id='word_1_146' title='bbox 1121 2454 1266 2528; x_wconf 65' lang='lat' dir='ltr'><strong>vite,</strong></span> 
     </span>
     <span class='ocr_line' id='line_1_23' title="bbox 260 2533 1269 2605; baseline 0.001 -22"><span class='ocrx_word' id='word_1_147' title='bbox 260 2545 309 2583; x_wconf 83' lang='lat' dir='ltr'><strong>et</strong></span> <span class='ocrx_word' id='word_1_148' title='bbox 352 2534 676 2605; x_wconf 85' lang='lat' dir='ltr'><strong>insperatum</strong></span> <span class='ocrx_word' id='word_1_149' title='bbox 718 2534 944 2585; x_wconf 88' lang='lat' dir='ltr'><strong>nitorem</strong></span> <span class='ocrx_word' id='word_1_150' title='bbox 984 2533 1269 2584; x_wconf 75' lang='lat' dir='ltr'><strong>consciscit</strong></span> 
     </span>
     <span class='ocr_line' id='line_1_24' title="bbox 260 2611 1265 2682; baseline 0.002 -21"><span class='ocrx_word' id='word_1_151' title='bbox 260 2613 457 2677; x_wconf 83' lang='lat' dir='ltr'><strong>oratio,</strong></span> <span class='ocrx_word' id='word_1_152' title='bbox 484 2629 597 2682; x_wconf 77' lang='lat' dir='ltr'><strong>quae</strong></span> <span class='ocrx_word' id='word_1_153' title='bbox 620 2611 752 2664; x_wconf 81' lang='lat' dir='ltr'><strong>nihil</strong></span> <span class='ocrx_word' id='word_1_154' title='bbox 775 2611 939 2664; x_wconf 84' lang='lat' dir='ltr'><strong>habet</strong></span> <span class='ocrx_word' id='word_1_155' title='bbox 963 2611 1265 2680; x_wconf 75' lang='lat' dir='ltr'><strong>elegantiae‚</strong></span> 
     </span>
     <span class='ocr_line' id='line_1_25' title="bbox 258 2687 1269 2761; baseline -0.001 -20"><span class='ocrx_word' id='word_1_156' title='bbox 258 2692 303 2741; x_wconf 82' lang='lat' dir='ltr'><strong>si</strong></span> <span class='ocrx_word' id='word_1_157' title='bbox 320 2689 681 2761; x_wconf 71' lang='lat' dir='ltr'><strong>pervulgatam</strong></span> <span class='ocrx_word' id='word_1_158' title='bbox 700 2689 843 2761; x_wconf 85' lang='lat' dir='ltr'><strong>apud</strong></span> <span class='ocrx_word' id='word_1_159' title='bbox 858 2691 1178 2741; x_wconf 74' lang='lat' dir='ltr'><strong>recentiores</strong></span> <span class='ocrx_word' id='word_1_160' title='bbox 1193 2687 1269 2740; x_wconf 84' lang='lat' dir='ltr'><strong>al-</strong></span> 
     </span>
     <span class='ocr_line' id='line_1_26' title="bbox 259 2766 1267 2839; baseline -0.001 -22"><span class='ocrx_word' id='word_1_161' title='bbox 259 2766 470 2839; x_wconf 71' lang='lat' dir='ltr'><strong>leyandi</strong></span> <span class='ocrx_word' id='word_1_162' title='bbox 495 2779 814 2838; x_wconf 78' lang='lat' dir='ltr'><strong>potestatem</strong></span> <span class='ocrx_word' id='word_1_163' title='bbox 841 2780 1099 2819; x_wconf 83' lang='lat' dir='ltr'><strong>tenemus.</strong></span> <span class='ocrx_word' id='word_1_164' title='bbox 1136 2768 1267 2817; x_wconf 82' lang='lat' dir='ltr'><strong>Pro·-</strong></span> 
     </span>
     <span class='ocr_line' id='line_1_27' title="bbox 257 2841 1265 2897; baseline -0.002 -1"><span class='ocrx_word' id='word_1_165' title='bbox 257 2843 401 2897; x_wconf 86' lang='lat' dir='ltr'><strong>cedit</strong></span> <span class='ocrx_word' id='word_1_166' title='bbox 428 2856 605 2897; x_wconf 87' lang='lat' dir='ltr'><strong>autem</strong></span> <span class='ocrx_word' id='word_1_167' title='bbox 632 2844 742 2897; x_wconf 74' lang='lat' dir='ltr'><strong>haec</strong></span> <span class='ocrx_word' id='word_1_168' title='bbox 770 2846 904 2896; x_wconf 81' lang='lat' dir='ltr'><strong>ratio</strong></span> <span class='ocrx_word' id='word_1_169' title='bbox 932 2845 989 2895; x_wconf 85' lang='lat' dir='ltr'><strong>in</strong></span> <span class='ocrx_word' id='word_1_170' title='bbox 1017 2841 1265 2895; x_wconf 83' lang='lat' dir='ltr'><strong>omnibus</strong></span> 
     </span>
     <span class='ocr_line' id='line_1_28' title="bbox 255 2922 1265 2996; baseline -0.003 -20"><span class='ocrx_word' id='word_1_171' title='bbox 255 2926 429 2976; x_wconf 80' lang='lat' dir='ltr'><strong>nostri</strong></span> <span class='ocrx_word' id='word_1_172' title='bbox 450 2924 626 2996; x_wconf 83' lang='lat' dir='ltr'><strong>operis</strong></span> <span class='ocrx_word' id='word_1_173' title='bbox 651 2922 808 2991; x_wconf 86' lang='lat' dir='ltr'><strong>iocis,</strong></span> <span class='ocrx_word' id='word_1_174' title='bbox 822 2922 967 2975; x_wconf 79' lang='lat' dir='ltr'><strong>velut</strong></span> <span class='ocrx_word' id='word_1_175' title='bbox 985 2925 1074 2989; x_wconf 83' lang='lat' dir='ltr'><strong>IV,</strong></span> <span class='ocrx_word' id='word_1_176' title='bbox 1101 2937 1148 2989; x_wconf 78' lang='grc' dir='ltr'><strong>ι,</strong></span> <span class='ocrx_word' id='word_1_177' title='bbox 1164 2923 1265 2989; x_wconf 70' lang='lat'><strong>13,</strong></span> 
     </span>
     <span class='ocr_line' id='line_1_29' title="bbox 264 3002 1262 3069; baseline -0.002 -15"><span class='ocrx_word' id='word_1_178' title='bbox 264 3004 470 3065; x_wconf 73' lang='lat' dir='ltr'><strong>16;·et⁸i</strong></span> <span class='ocrx_word' id='word_1_179' title='bbox 484 3002 1161 3069; x_wconf 74' lang='lat' dir='ltr'><strong>obscurius‚fateor,V11‚4‚</strong></span> <span class='ocrx_word' id='word_1_180' title='bbox 1179 3018 1262 3053; x_wconf 80' lang='lat'><strong>21.</strong></span> 
     </span>
    </p>

    <p class='ocr_par' dir='ltr' id='par_1_7' title="bbox 245 3082 1266 4097">
     <span class='ocr_line' id='line_1_30' title="bbox 338 3082 1265 3165; baseline 0 -33"><span class='ocrx_word' id='word_1_181' title='bbox 338 3098 380 3133; x_wconf 91' lang='grc' dir='ltr'><strong>ι.</strong></span> <span class='ocrx_word' id='word_1_182' title='bbox 430 3082 720 3133; x_wconf 76' lang='lat' dir='ltr'><strong>Occasione.</strong></span> <span class='ocrx_word' id='word_1_183' title='bbox 763 3083 1227 3165; x_wconf 83' lang='lat' dir='ltr'><strong>Capperonnerius</strong></span> <span class='ocrx_word' id='word_1_184' title='bbox 1246 3119 1265 3149; x_wconf 86' lang='grc'><em>,</em></span> 
     </span>
     <span class='ocr_line' id='line_1_31' title="bbox 256 3162 1265 3234; baseline -0.002 -22"><span class='ocrx_word' id='word_1_185' title='bbox 256 3175 382 3234; x_wconf 85' lang='lat' dir='ltr'><strong>post</strong></span> <span class='ocrx_word' id='word_1_186' title='bbox 418 3178 647 3231; x_wconf 86' lang='lat' dir='ltr'><strong>eumque</strong></span> <span class='ocrx_word' id='word_1_187' title='bbox 672 3162 971 3228; x_wconf 70' lang='lat' dir='ltr'><strong>Gesner-us,</strong></span> <span class='ocrx_word' id='word_1_188' title='bbox 1004 3180 1033 3212; x_wconf 87' lang='lat' dir='ltr'><strong>e</strong></span> <span class='ocrx_word' id='word_1_189' title='bbox 1064 3177 1265 3230; x_wconf 56' lang='grc' dir='ltr'>ὅτεω-</span> 
     </span>
     <span class='ocr_line' id='line_1_32' title="bbox 254 3237 1266 3308; baseline -0.001 -16"><span class='ocrx_word' id='word_1_190' title='bbox 254 3259 376 3292; x_wconf 89' lang='lat' dir='ltr'><strong>rum</strong></span> <span class='ocrx_word' id='word_1_191' title='bbox 392 3238 665 3293; x_wconf 79' lang='lat' dir='ltr'><strong>rhetorum</strong></span> <span class='ocrx_word' id='word_1_192' title='bbox 682 3238 944 3292; x_wconf 78' lang='lat' dir='ltr'><strong>vocabulo</strong></span> <span class='ocrx_word' id='word_1_193' title='bbox 965 3237 1141 3308; x_wconf 69' lang='grc' dir='ltr'><strong>ἀφορμιδ</strong></span> <span class='ocrx_word' id='word_1_194' title='bbox 1160 3237 1266 3291; x_wconf 85' lang='lat' dir='ltr'><strong>hoc</strong></span> 
     </span>
     <span class='ocr_line' id='line_1_33' title="bbox 256 3331 1265 3391; baseline -0.003 -20"><span class='ocrx_word' id='word_1_195' title='bbox 256 3331 446 3371; x_wconf 81' lang='lat' dir='ltr'><strong>mutuo</strong></span> <span class='ocrx_word' id='word_1_196' title='bbox 476 3332 741 3390; x_wconf 86' lang='lat' dir='ltr'><strong>sumptum</strong></span> <span class='ocrx_word' id='word_1_197' title='bbox 768 3331 987 3391; x_wconf 86' lang='lat' dir='ltr'><strong>putant;</strong></span> <span class='ocrx_word' id='word_1_198' title='bbox 1016 3331 1070 3371; x_wconf 87' lang='lat' dir='ltr'><strong>et</strong></span> <span class='ocrx_word' id='word_1_199' title='bbox 1098 3335 1265 3390; x_wconf 88' lang='lat' dir='ltr'><strong>appo·</strong></span> 
     </span>
     <span class='ocr_line' id='line_1_34' title="bbox 256 3395 1263 3451; baseline -0.003 0"><span class='ocrx_word' id='word_1_200' title='bbox 256 3401 425 3451; x_wconf 65' lang='lat' dir='ltr'><strong>site-I.</strong></span> <span class='ocrx_word' id='word_1_201' title='bbox 447 3400 504 3451; x_wconf 89' lang='lat' dir='ltr'><strong>C.</strong></span> <span class='ocrx_word' id='word_1_202' title='bbox 525 3397 623 3451; x_wconf 86' lang='lat' dir='ltr'><strong>Th.</strong></span> <span class='ocrx_word' id='word_1_203' title='bbox 646 3395 1043 3451; x_wconf 82' lang='lat' dir='ltr'><strong>Ernestusinh.</strong></span> <span class='ocrx_word' id='word_1_204' title='bbox 1064 3416 1113 3449; x_wconf 72' lang='grc' dir='ltr'><strong>ν.</strong></span> <span class='ocrx_word' id='word_1_205' title='bbox 1136 3399 1263 3449; x_wconf 87' lang='lat' dir='ltr'><strong>citat</strong></span> 
     </span>
     <span class='ocr_line' id='line_1_35' title="bbox 254 3476 1263 3551; baseline -0.003 -20"><span class='ocrx_word' id='word_1_206' title='bbox 254 3479 544 3551; x_wconf 79' lang='lat' dir='ltr'><strong>Ulpianum</strong></span> <span class='ocrx_word' id='word_1_207' title='bbox 573 3476 643 3529; x_wconf 88' lang='lat' dir='ltr'><strong>ad</strong></span> <span class='ocrx_word' id='word_1_208' title='bbox 672 3477 948 3532; x_wconf 85' lang='lat' dir='ltr'><strong>Demosth.</strong></span> <span class='ocrx_word' id='word_1_209' title='bbox 984 3476 1263 3529; x_wconf 79' lang='lat' dir='ltr'><strong>Androtia-</strong></span> 
     </span>
     <span class='ocr_line' id='line_1_36' title="bbox 252 3551 1261 3625; baseline -0.003 -16"><span class='ocrx_word' id='word_1_210' title='bbox 252 3575 418 3609; x_wconf 80' lang='lat' dir='ltr'><strong>nam.</strong></span> <span class='ocrx_word' id='word_1_211' title='bbox 452 3551 765 3621; x_wconf 59' lang='lat' dir='ltr'><strong>&amp;cupam-isc</strong></span> <span class='ocrx_word' id='word_1_212' title='bbox 793 3557 1011 3623; x_wconf 65' lang='lat' dir='ltr'><strong>qm</strong></span> <span class='ocrx_word' id='word_1_213' title='bbox 1044 3555 1067 3606; x_wconf 74' lang='lat' dir='ltr'><strong>«i</strong></span> <span class='ocrx_word' id='word_1_214' title='bbox 1097 3553 1261 3625; x_wconf 60' lang='grc' dir='ltr'><strong>βίαιος.</strong></span> 
     </span>
     <span class='ocr_line' id='line_1_37' title="bbox 253 3632 1263 3725; baseline 0.003 -41"><span class='ocrx_word' id='word_1_215' title='bbox 253 3637 323 3684; x_wconf 59' lang='grc' dir='ltr'><strong>δι</strong></span> <span class='ocrx_word' id='word_1_216' title='bbox 309 3632 393 3725; x_wconf 43' lang='grc' dir='ltr'><strong>οἶδε</strong></span> <span class='ocrx_word' id='word_1_217' title='bbox 422 3633 521 3699; x_wconf 57' lang='grc' dir='ltr'><strong>γὰρ</strong></span> <span class='ocrx_word' id='word_1_218' title='bbox 551 3632 630 3684; x_wconf 67' lang='grc' dir='ltr'><strong>καὶ</strong></span> <span class='ocrx_word' id='word_1_219' title='bbox 666 3634 710 3687; x_wconf 73' lang='lat' dir='ltr'><strong>iv</strong></span> <span class='ocrx_word' id='word_1_220' title='bbox 743 3632 908 3704; x_wconf 66' lang='grc' dir='ltr'><strong>ἀπόρου</strong></span> <span class='ocrx_word' id='word_1_221' title='bbox 910 3656 930 3691; x_wconf 79' lang='lat' dir='ltr'><strong>e</strong></span> <span class='ocrx_word' id='word_1_222' title='bbox 958 3633 1095 3705; x_wconf 69' lang='grc' dir='ltr'><strong>ιῦριῖυ</strong></span> <span class='ocrx_word' id='word_1_223' title='bbox 1128 3633 1263 3702; x_wconf 60' lang='lat' dir='ltr'><strong>nicop-</strong></span> 
     </span>
     <span class='ocr_line' id='line_1_38' title="bbox 245 3708 1263 3786; baseline 0 -20"><span class='ocrx_word' id='word_1_224' title='bbox 245 3710 367 3780; x_wconf 60' lang='grc' dir='ltr'><strong>μείς.</strong></span> <span class='ocrx_word' id='word_1_225' title='bbox 388 3711 547 3766; x_wconf 78' lang='lat' dir='ltr'><strong>Vides</strong></span> <span class='ocrx_word' id='word_1_226' title='bbox 565 3708 765 3780; x_wconf 59' lang='grc' dir='ltr'><strong>ἀφορμὴ</strong></span> <span class='ocrx_word' id='word_1_227' title='bbox 785 3713 972 3766; x_wconf 74' lang='lat' dir='ltr'><strong>endem</strong></span> <span class='ocrx_word' id='word_1_228' title='bbox 987 3713 1148 3786; x_wconf 84' lang='lat' dir='ltr'><strong>plane</strong></span> <span class='ocrx_word' id='word_1_229' title='bbox 1164 3732 1263 3786; x_wconf 86' lang='lat' dir='ltr'><strong>po·</strong></span> 
     </span>
     <span class='ocr_line' id='line_1_39' title="bbox 252 3792 1260 3864; baseline 0 -19"><span class='ocrx_word' id='word_1_230' title='bbox 252 3806 443 3845; x_wconf 82' lang='lat' dir='ltr'><strong>testate</strong></span> <span class='ocrx_word' id='word_1_231' title='bbox 464 3803 800 3864; x_wconf 71' lang='lat' dir='ltr'><strong>usurpatam,</strong></span> <span class='ocrx_word' id='word_1_232' title='bbox 817 3809 920 3862; x_wconf 86' lang='lat' dir='ltr'><strong>qua</strong></span> <span class='ocrx_word' id='word_1_233' title='bbox 934 3806 1118 3846; x_wconf 83' lang='lat' dir='ltr'><strong>nostro</strong></span> <span class='ocrx_word' id='word_1_234' title='bbox 1140 3792 1260 3845; x_wconf 84' lang='lat' dir='ltr'><strong>loco</strong></span> 
     </span>
     <span class='ocr_line' id='line_1_40' title="bbox 251 3872 1264 3944; baseline 0.001 -20"><span class='ocrx_word' id='word_1_235' title='bbox 251 3872 606 3932; x_wconf 71' lang='lat' dir='ltr'><strong>occasioroem5</strong></span> <span class='ocrx_word' id='word_1_236' title='bbox 654 3883 735 3923; x_wconf 87' lang='lat' dir='ltr'><strong>est</strong></span> <span class='ocrx_word' id='word_1_237' title='bbox 774 3873 909 3922; x_wconf 84' lang='lat' dir='ltr'><strong>ratio</strong></span> <span class='ocrx_word' id='word_1_238' title='bbox 952 3887 1068 3924; x_wconf 86' lang='lat' dir='ltr'><strong>sese</strong></span> <span class='ocrx_word' id='word_1_239' title='bbox 1103 3890 1264 3944; x_wconf 82' lang='lat' dir='ltr'><strong>expe·</strong></span> 
     </span>
     <span class='ocr_line' id='line_1_41' title="bbox 254 3949 1265 4022; baseline -0.002 -18"><span class='ocrx_word' id='word_1_240' title='bbox 254 3950 463 4018; x_wconf 86' lang='lat' dir='ltr'><strong>diendi,</strong></span> <span class='ocrx_word' id='word_1_241' title='bbox 482 3949 705 4004; x_wconf 81' lang='lat' dir='ltr'><strong>honesta</strong></span> <span class='ocrx_word' id='word_1_242' title='bbox 724 3953 944 4022; x_wconf 80' lang='lat' dir='ltr'><strong>species.</strong></span> <span class='ocrx_word' id='word_1_243' title='bbox 970 3950 1055 4003; x_wconf 90' lang='lat' dir='ltr'><strong>Sic</strong></span> <span class='ocrx_word' id='word_1_244' title='bbox 1075 3951 1186 4004; x_wconf 82' lang='lat' dir='ltr'><strong>fere</strong></span> <span class='ocrx_word' id='word_1_245' title='bbox 1210 3964 1265 4003; x_wconf 80' lang='lat' dir='ltr'><strong>et</strong></span> 
     </span>
     <span class='ocr_line' id='line_1_42' title="bbox 251 4028 897 4097; baseline -0.005 -14"><span class='ocrx_word' id='word_1_246' title='bbox 251 4032 353 4097; x_wconf 73' lang='lat' dir='ltr'><strong>w,</strong></span> <span class='ocrx_word' id='word_1_247' title='bbox 386 4047 430 4096; x_wconf 88' lang='grc' dir='ltr'><strong>ι,</strong></span> <span class='ocrx_word' id='word_1_248' title='bbox 455 4028 663 4095; x_wconf 83' lang='lat' dir='ltr'><strong>5;x11‚</strong></span> <span class='ocrx_word' id='word_1_249' title='bbox 695 4046 786 4096; x_wconf 88' lang='grc' dir='ltr'><strong>ιο,</strong></span> <span class='ocrx_word' id='word_1_250' title='bbox 818 4029 897 4081; x_wconf 85' lang='grc' dir='ltr'><strong>ι3.</strong></span> 
     </span>
    </p>

    <p class='ocr_par' dir='ltr' id='par_1_8' title="bbox 253 4104 1259 4259">
     <span class='ocr_line' id='line_1_43' title="bbox 329 4104 1259 4177; baseline -0.002 -15"><span class='ocrx_word' id='word_1_251' title='bbox 329 4128 377 4162; x_wconf 79' lang='lat'><strong>2.</strong></span> <span class='ocrx_word' id='word_1_252' title='bbox 408 4112 461 4163; x_wconf 86' lang='lat' dir='ltr'><strong>G.</strong></span> <span class='ocrx_word' id='word_1_253' title='bbox 492 4108 692 4162; x_wconf 67' lang='lat' dir='ltr'><strong>unsar-i.</strong></span> <span class='ocrx_word' id='word_1_254' title='bbox 722 4108 806 4161; x_wconf 85' lang='lat' dir='ltr'><strong>Sic</strong></span> <span class='ocrx_word' id='word_1_255' title='bbox 828 4106 961 4177; x_wconf 85' lang='lat' dir='ltr'><strong>(non</strong></span> <span class='ocrx_word' id='word_1_256' title='bbox 987 4106 1111 4159; x_wconf 75' lang='lat' dir='ltr'><strong>Caio</strong></span> <span class='ocrx_word' id='word_1_257' title='bbox 1141 4104 1259 4160; x_wconf 69' lang='lat' dir='ltr'><strong>Ces.</strong></span> 
     </span>
     <span class='ocr_line' id='line_1_44' title="bbox 253 4184 1259 4259; baseline -0.003 -20"><span class='ocrx_word' id='word_1_258' title='bbox 253 4200 318 4239; x_wconf 88' lang='lat' dir='ltr'><strong>ut</strong></span> <span class='ocrx_word' id='word_1_259' title='bbox 337 4187 522 4259; x_wconf 80' lang='lat' dir='ltr'><strong>Gesn.)</strong></span> <span class='ocrx_word' id='word_1_260' title='bbox 553 4185 726 4243; x_wconf 78' lang='lat' dir='ltr'><strong>Guelf.</strong></span> <span class='ocrx_word' id='word_1_261' title='bbox 765 4184 925 4239; x_wconf 84' lang='lat' dir='ltr'><strong>Goth.</strong></span> <span class='ocrx_word' id='word_1_262' title='bbox 960 4186 1104 4238; x_wconf 58' lang='grc' dir='ltr'><strong>ἕως.</strong></span> <span class='ocrx_word' id='word_1_263' title='bbox 1133 4184 1259 4253; x_wconf 82' lang='lat' dir='ltr'><strong>(tac.</strong></span> 
     </span>
    </p>
   </div>
   <div class='ocr_carea' id='block_1_7' title="bbox 1342 1586 2364 4253">
    <p class='ocr_par' dir='ltr' id='par_1_9' title="bbox 1353 1586 2364 3388">
     <span class='ocr_line' id='line_1_45' title="bbox 1357 1586 2361 1661; baseline 0.002 -21"><span class='ocrx_word' id='word_1_264' title='bbox 1357 1588 1543 1661; x_wconf 81' lang='lat' dir='ltr'><strong>Gesn.)</strong></span> <span class='ocrx_word' id='word_1_265' title='bbox 1557 1605 1679 1639; x_wconf 90' lang='lat' dir='ltr'><strong>cum</strong></span> <span class='ocrx_word' id='word_1_266' title='bbox 1694 1586 1948 1640; x_wconf 87' lang='lat' dir='ltr'><strong>editionn.</strong></span> <span class='ocrx_word' id='word_1_267' title='bbox 1967 1601 2088 1639; x_wconf 84' lang='lat' dir='ltr'><strong>ante</strong></span> <span class='ocrx_word' id='word_1_268' title='bbox 2102 1589 2361 1642; x_wconf 86' lang='lat' dir='ltr'><strong>Stoerium</strong></span> 
     </span>
     <span class='ocr_line' id='line_1_46' title="bbox 1356 1665 2363 1739; baseline 0.003 -21"><span class='ocrx_word' id='word_1_269' title='bbox 1356 1669 1488 1719; x_wconf 83' lang='lat' dir='ltr'><strong>meis</strong></span> <span class='ocrx_word' id='word_1_270' title='bbox 1521 1665 1800 1733; x_wconf 82' lang='lat' dir='ltr'><strong>omnibus,</strong></span> <span class='ocrx_word' id='word_1_271' title='bbox 1825 1677 1955 1737; x_wconf 83' lang='lat' dir='ltr'><strong>quas</strong></span> <span class='ocrx_word' id='word_1_272' title='bbox 1990 1669 2139 1739; x_wconf 85' lang='lat' dir='ltr'><strong>sequi</strong></span> <span class='ocrx_word' id='word_1_273' title='bbox 2170 1668 2363 1734; x_wconf 79' lang='lat' dir='ltr'><strong>malui,</strong></span> 
     </span>
     <span class='ocr_line' id='line_1_47' title="bbox 1359 1747 2362 1818; baseline 0.002 -20"><span class='ocrx_word' id='word_1_274' title='bbox 1359 1764 1517 1818; x_wconf 82' lang='lat' dir='ltr'><strong>quam</strong></span> <span class='ocrx_word' id='word_1_275' title='bbox 1537 1757 1734 1799; x_wconf 80' lang='lat' dir='ltr'><strong>nomen</strong></span> <span class='ocrx_word' id='word_1_276' title='bbox 1748 1748 2009 1816; x_wconf 69' lang='lat' dir='ltr'><strong>integrum</strong></span> <span class='ocrx_word' id='word_1_277' title='bbox 2023 1765 2251 1817; x_wconf 87' lang='lat' dir='ltr'><strong>ponere,</strong></span> <span class='ocrx_word' id='word_1_278' title='bbox 2269 1747 2362 1800; x_wconf 85' lang='lat' dir='ltr'><strong>ubi</strong></span> 
     </span>
     <span class='ocr_line' id='line_1_48' title="bbox 1356 1823 2361 1897; baseline -0.001 -19"><span class='ocrx_word' id='word_1_279' title='bbox 1356 1828 1526 1897; x_wconf 80' lang='lat' dir='ltr'><strong>prima</strong></span> <span class='ocrx_word' id='word_1_280' title='bbox 1558 1839 1694 1878; x_wconf 79' lang='lat' dir='ltr'><strong>esset</strong></span> <span class='ocrx_word' id='word_1_281' title='bbox 1732 1826 1785 1877; x_wconf 80' lang='lat' dir='ltr'><strong>C.</strong></span> <span class='ocrx_word' id='word_1_282' title='bbox 1821 1842 1932 1875; x_wconf 86' lang='lat' dir='ltr'><strong>nou</strong></span> <span class='ocrx_word' id='word_1_283' title='bbox 1967 1825 2029 1877; x_wconf 91' lang='lat' dir='ltr'><strong>G.</strong></span> <span class='ocrx_word' id='word_1_284' title='bbox 2058 1823 2193 1877; x_wconf 83' lang='lat' dir='ltr'><strong>Vide</strong></span> <span class='ocrx_word' id='word_1_285' title='bbox 2227 1827 2276 1887; x_wconf 83' lang='lat'><strong>1,</strong></span> <span class='ocrx_word' id='word_1_286' title='bbox 2305 1844 2361 1896; x_wconf 85' lang='lat'><strong>7,</strong></span> 
     </span>
     <span class='ocr_line' id='line_1_49' title="bbox 1361 1902 2364 1975; baseline 0.001 -20"><span class='ocrx_word' id='word_1_287' title='bbox 1361 1905 1445 1957; x_wconf 78' lang='lat'><strong>28.</strong></span> <span class='ocrx_word' id='word_1_288' title='bbox 1470 1903 1611 1956; x_wconf 84' lang='lat' dir='ltr'><strong>Male</strong></span> <span class='ocrx_word' id='word_1_289' title='bbox 1631 1917 1808 1956; x_wconf 87' lang='lat' dir='ltr'><strong>autem</strong></span> <span class='ocrx_word' id='word_1_290' title='bbox 1824 1902 2055 1975; x_wconf 84' lang='lat' dir='ltr'><strong>reliquas</strong></span> <span class='ocrx_word' id='word_1_291' title='bbox 2076 1902 2196 1955; x_wconf 88' lang='lat' dir='ltr'><strong>edd.</strong></span> <span class='ocrx_word' id='word_1_292' title='bbox 2217 1924 2364 1956; x_wconf 79' lang='lat' dir='ltr'><strong>secu·</strong></span> 
     </span>
     <span class='ocr_line' id='line_1_50' title="bbox 1358 1980 2359 2054; baseline -0.001 -20"><span class='ocrx_word' id='word_1_293' title='bbox 1358 1995 1442 2034; x_wconf 87' lang='lat' dir='ltr'><strong>tus</strong></span> <span class='ocrx_word' id='word_1_294' title='bbox 1465 1984 1624 2054; x_wconf 85' lang='lat' dir='ltr'><strong>posui</strong></span> <span class='ocrx_word' id='word_1_295' title='bbox 1646 1985 1695 2046; x_wconf 83' lang='lat'><strong>1,</strong></span> <span class='ocrx_word' id='word_1_296' title='bbox 1719 1981 1781 2048; x_wconf 90' lang='grc'><em>6,</em></span> <span class='ocrx_word' id='word_1_297' title='bbox 1809 1980 1894 2034; x_wconf 85' lang='grc'><strong>36.</strong></span> <span class='ocrx_word' id='word_1_298' title='bbox 1919 2011 1993 2021; x_wconf 93' lang='lat'><strong>——</strong></span> <span class='ocrx_word' id='word_1_299' title='bbox 2018 1984 2070 2035; x_wconf 89' lang='lat' dir='ltr'><strong>C.</strong></span> <span class='ocrx_word' id='word_1_300' title='bbox 2103 1984 2359 2036; x_wconf 78' lang='lat' dir='ltr'><strong>Coesan&#39;...</strong></span> 
     </span>
     <span class='ocr_line' id='line_1_51' title="bbox 1356 2059 2362 2134; baseline 0.002 -22"><span class='ocrx_word' id='word_1_301' title='bbox 1356 2073 1590 2133; x_wconf 72' lang='lat' dir='ltr'><strong>requam.</strong></span> <span class='ocrx_word' id='word_1_302' title='bbox 1634 2060 1824 2113; x_wconf 74' lang='lat' dir='ltr'><strong>Similis</strong></span> <span class='ocrx_word' id='word_1_303' title='bbox 1868 2059 2187 2114; x_wconf 66' lang='lat' dir='ltr'><strong>consultatio</strong></span> <span class='ocrx_word' id='word_1_304' title='bbox 2220 2062 2362 2134; x_wconf 81' lang='lat' dir='ltr'><strong>apud</strong></span> 
     </span>
     <span class='ocr_line' id='line_1_52' title="bbox 1356 2141 2362 2194; baseline 0 -2"><span class='ocrx_word' id='word_1_305' title='bbox 1356 2141 1583 2192; x_wconf 87' lang='lat' dir='ltr'><strong>Dionem</strong></span> <span class='ocrx_word' id='word_1_306' title='bbox 1599 2141 1839 2194; x_wconf 83' lang='lat' dir='ltr'><strong>Cassium</strong></span> <span class='ocrx_word' id='word_1_307' title='bbox 1860 2153 1939 2192; x_wconf 88' lang='lat' dir='ltr'><strong>est</strong></span> <span class='ocrx_word' id='word_1_308' title='bbox 1952 2141 2227 2193; x_wconf 80' lang='lat' dir='ltr'><strong>Octaviani</strong></span> <span class='ocrx_word' id='word_1_309' title='bbox 2241 2153 2362 2193; x_wconf 84' lang='lat' dir='ltr'><strong>cum</strong></span> 
     </span>
     <span class='ocr_line' id='line_1_53' title="bbox 1356 2218 2363 2289; baseline 0.004 -21"><span class='ocrx_word' id='word_1_310' title='bbox 1356 2219 1592 2289; x_wconf 78' lang='lat' dir='ltr'><strong>Agrippa</strong></span> <span class='ocrx_word' id='word_1_311' title='bbox 1617 2232 1670 2270; x_wconf 90' lang='lat' dir='ltr'><strong>et</strong></span> <span class='ocrx_word' id='word_1_312' title='bbox 1696 2221 2010 2285; x_wconf 67' lang='lat' dir='ltr'><strong>Maecenate,</strong></span> <span class='ocrx_word' id='word_1_313' title='bbox 2035 2218 2129 2271; x_wconf 84' lang='lat' dir='ltr'><strong>ubi</strong></span> <span class='ocrx_word' id='word_1_314' title='bbox 2155 2219 2244 2272; x_wconf 87' lang='lat' dir='ltr'><strong>bic</strong></span> <span class='ocrx_word' id='word_1_315' title='bbox 2270 2223 2363 2272; x_wconf 81' lang='lat' dir='ltr'><strong>iis-</strong></span> 
     </span>
     <span class='ocr_line' id='line_1_54' title="bbox 1357 2294 2363 2366; baseline 0.004 -19"><span class='ocrx_word' id='word_1_316' title='bbox 1357 2294 1479 2347; x_wconf 85' lang='lat' dir='ltr'><strong>dem</strong></span> <span class='ocrx_word' id='word_1_317' title='bbox 1506 2296 1618 2349; x_wconf 84' lang='lat' dir='ltr'><strong>fere</strong></span> <span class='ocrx_word' id='word_1_318' title='bbox 1645 2301 1965 2366; x_wconf 71' lang='lat' dir='ltr'><strong>argumentis</strong></span> <span class='ocrx_word' id='word_1_319' title='bbox 1989 2300 2170 2364; x_wconf 86' lang='lat' dir='ltr'><strong>utitur,</strong></span> <span class='ocrx_word' id='word_1_320' title='bbox 2196 2302 2363 2351; x_wconf 82' lang='lat' dir='ltr'><strong>auctis</strong></span> 
     </span>
     <span class='ocr_line' id='line_1_55' title="bbox 1356 2374 2364 2450; baseline 0.004 -25"><span class='ocrx_word' id='word_1_321' title='bbox 1356 2376 1412 2426; x_wconf 89' lang='lat' dir='ltr'><strong>in</strong></span> <span class='ocrx_word' id='word_1_322' title='bbox 1448 2387 1655 2426; x_wconf 83' lang='lat' dir='ltr'><strong>tantum</strong></span> <span class='ocrx_word' id='word_1_323' title='bbox 1691 2374 1991 2447; x_wconf 74' lang='lat' dir='ltr'><strong>reipublicae</strong></span> <span class='ocrx_word' id='word_1_324' title='bbox 2029 2377 2221 2448; x_wconf 84' lang='lat' dir='ltr'><strong>opibus</strong></span> <span class='ocrx_word' id='word_1_325' title='bbox 2251 2382 2364 2450; x_wconf 87' lang='lat' dir='ltr'><strong>jam</strong></span> 
     </span>
     <span class='ocr_line' id='line_1_56' title="bbox 1357 2453 2364 2524; baseline 0.004 -20"><span class='ocrx_word' id='word_1_326' title='bbox 1357 2455 1555 2505; x_wconf 78' lang='lat' dir='ltr'><strong>civitati</strong></span> <span class='ocrx_word' id='word_1_327' title='bbox 1582 2453 1762 2505; x_wconf 80' lang='lat' dir='ltr'><strong>locum</strong></span> <span class='ocrx_word' id='word_1_328' title='bbox 1790 2471 1905 2506; x_wconf 84' lang='lat' dir='ltr'><strong>esse</strong></span> <span class='ocrx_word' id='word_1_329' title='bbox 1928 2469 2145 2524; x_wconf 80' lang='lat' dir='ltr'><strong>negans.</strong></span> <span class='ocrx_word' id='word_1_330' title='bbox 2164 2455 2364 2508; x_wconf 79' lang='lat' dir='ltr'><strong>Viden-</strong></span> 
     </span>
     <span class='ocr_line' id='line_1_57' title="bbox 1356 2523 2363 2605; baseline 0.002 -21"><span class='ocrx_word' id='word_1_331' title='bbox 1356 2523 1442 2584; x_wconf 77' lang='lat' dir='ltr'><strong>tur</strong></span> <span class='ocrx_word' id='word_1_332' title='bbox 1461 2545 1637 2586; x_wconf 87' lang='lat' dir='ltr'><strong>autem</strong></span> <span class='ocrx_word' id='word_1_333' title='bbox 1651 2532 1736 2585; x_wconf 83' lang='lat' dir='ltr'><strong>vei</strong></span> <span class='ocrx_word' id='word_1_334' title='bbox 1753 2531 2148 2605; x_wconf 80' lang='lat' dir='ltr'><strong>prudentissimi</strong></span> <span class='ocrx_word' id='word_1_335' title='bbox 2164 2536 2363 2586; x_wconf 63' lang='lat' dir='ltr'><strong>Roma-⁶</strong></span> 
     </span>
     <span class='ocr_line' id='line_1_58' title="bbox 1355 2606 2363 2686; baseline 0.003 -23"><span class='ocrx_word' id='word_1_336' title='bbox 1355 2606 1547 2663; x_wconf 85' lang='lat' dir='ltr'><strong>norum</strong></span> <span class='ocrx_word' id='word_1_337' title='bbox 1588 2614 1735 2682; x_wconf 78' lang='lat' dir='ltr'><strong>regni</strong></span> <span class='ocrx_word' id='word_1_338' title='bbox 1776 2611 2040 2664; x_wconf 66' lang='lat' dir='ltr'><strong>vocabulo</strong></span> <span class='ocrx_word' id='word_1_339' title='bbox 2089 2622 2363 2686; x_wconf 82' lang='lat' dir='ltr'><strong>tantopere</strong></span> 
     </span>
     <span class='ocr_line' id='line_1_59' title="bbox 1354 2689 2364 2760; baseline 0.003 -20"><span class='ocrx_word' id='word_1_340' title='bbox 1354 2689 1518 2740; x_wconf 79' lang='lat' dir='ltr'><strong>fuisse</strong></span> <span class='ocrx_word' id='word_1_341' title='bbox 1543 2691 1800 2755; x_wconf 79' lang='lat' dir='ltr'><strong>exten-iti,</strong></span> <span class='ocrx_word' id='word_1_342' title='bbox 1824 2697 1888 2740; x_wconf 81' lang='lat' dir='ltr'><strong>ut</strong></span> <span class='ocrx_word' id='word_1_343' title='bbox 1909 2692 2066 2742; x_wconf 77' lang='lat' dir='ltr'><strong>etiam</strong></span> <span class='ocrx_word' id='word_1_344' title='bbox 2088 2692 2364 2760; x_wconf 67' lang='lat' dir='ltr'><strong>Quintilia-</strong></span> 
     </span>
     <span class='ocr_line' id='line_1_60' title="bbox 1354 2767 2361 2843; baseline 0.003 -24"><span class='ocrx_word' id='word_1_345' title='bbox 1354 2785 1459 2819; x_wconf 87' lang='lat' dir='ltr'><strong>nus</strong></span> <span class='ocrx_word' id='word_1_346' title='bbox 1481 2780 1585 2817; x_wconf 76' lang='lat' dir='ltr'><strong>rem</strong></span> <span class='ocrx_word' id='word_1_347' title='bbox 1612 2767 1869 2838; x_wconf 79' lang='lat' dir='ltr'><strong>nefariam</strong></span> <span class='ocrx_word' id='word_1_348' title='bbox 1891 2786 2001 2843; x_wconf 84' lang='lat' dir='ltr'><strong>non</strong></span> <span class='ocrx_word' id='word_1_349' title='bbox 2020 2769 2246 2821; x_wconf 82' lang='lat' dir='ltr'><strong>obscure</strong></span> <span class='ocrx_word' id='word_1_350' title='bbox 2263 2788 2361 2843; x_wconf 85' lang='lat' dir='ltr'><strong>ap—</strong></span> 
     </span>
     <span class='ocr_line' id='line_1_61' title="bbox 1353 2838 2363 2915; baseline 0.006 -22"><span class='ocrx_word' id='word_1_351' title='bbox 1353 2842 1574 2915; x_wconf 71' lang='lat' dir='ltr'><strong>pelleret</strong></span> <span class='ocrx_word' id='word_1_352' title='bbox 1594 2841 1735 2894; x_wconf 85' lang='lat' dir='ltr'><strong>hanc</strong></span> <span class='ocrx_word' id='word_1_353' title='bbox 1762 2838 1912 2913; x_wconf 70' lang='lat' dir='ltr'><strong>regni</strong></span> <span class='ocrx_word' id='word_1_354' title='bbox 1934 2842 2328 2899; x_wconf 78' lang='lat' dir='ltr'><strong>affectationem</strong></span> <span class='ocrx_word' id='word_1_355' title='bbox 2346 2888 2363 2911; x_wconf 86' lang='lat'><strong>‚</strong></span> 
     </span>
     <span class='ocr_line' id='line_1_62' title="bbox 1355 2920 2360 2992; baseline 0.007 -21"><span class='ocrx_word' id='word_1_356' title='bbox 1355 2923 1448 2992; x_wconf 81' lang='lat' dir='ltr'><strong>qui</strong></span> <span class='ocrx_word' id='word_1_357' title='bbox 1466 2920 1795 2972; x_wconf 86' lang='lat' dir='ltr'><strong>dominatum</strong></span> <span class='ocrx_word' id='word_1_358' title='bbox 1815 2922 2102 2975; x_wconf 83' lang='lat' dir='ltr'><strong>Domitiani</strong></span> <span class='ocrx_word' id='word_1_359' title='bbox 2116 2938 2169 2976; x_wconf 89' lang='lat' dir='ltr'><strong>et</strong></span> <span class='ocrx_word' id='word_1_360' title='bbox 2182 2926 2360 2991; x_wconf 82' lang='lat' dir='ltr'><strong>ferret,</strong></span> 
     </span>
     <span class='ocr_line' id='line_1_63' title="bbox 1355 2999 2361 3070; baseline 0.004 -19"><span class='ocrx_word' id='word_1_361' title='bbox 1355 3012 1407 3051; x_wconf 88' lang='lat' dir='ltr'><strong>et</strong></span> <span class='ocrx_word' id='word_1_362' title='bbox 1430 3001 1485 3052; x_wconf 88' lang='lat' dir='ltr'><strong>in</strong></span> <span class='ocrx_word' id='word_1_363' title='bbox 1507 3016 1695 3070; x_wconf 76' lang='lat' dir='ltr'><strong>magna</strong></span> <span class='ocrx_word' id='word_1_364' title='bbox 1720 3002 1924 3068; x_wconf 74' lang='lat' dir='ltr'><strong>generis</strong></span> <span class='ocrx_word' id='word_1_365' title='bbox 1947 2999 2166 3055; x_wconf 83' lang='lat' dir='ltr'><strong>humani</strong></span> <span class='ocrx_word' id='word_1_366' title='bbox 2189 3003 2361 3055; x_wconf 81' lang='lat' dir='ltr'><strong>felici—</strong></span> 
     </span>
     <span class='ocr_line' id='line_1_64' title="bbox 1353 3078 2363 3151; baseline 0.003 -20"><span class='ocrx_word' id='word_1_367' title='bbox 1353 3093 1460 3131; x_wconf 82' lang='lat' dir='ltr'><strong>tate</strong></span> <span class='ocrx_word' id='word_1_368' title='bbox 1498 3091 1738 3151; x_wconf 84' lang='lat' dir='ltr'><strong>poneret.</strong></span> <span class='ocrx_word' id='word_1_369' title='bbox 1767 3078 1910 3131; x_wconf 80' lang='lat' dir='ltr'><strong>Talis</strong></span> <span class='ocrx_word' id='word_1_370' title='bbox 1943 3093 2022 3131; x_wconf 90' lang='lat' dir='ltr'><strong>est</strong></span> <span class='ocrx_word' id='word_1_371' title='bbox 2054 3080 2143 3132; x_wconf 86' lang='lat' dir='ltr'><strong>illa</strong></span> <span class='ocrx_word' id='word_1_372' title='bbox 2174 3081 2363 3134; x_wconf 83' lang='lat' dir='ltr'><strong>Velleii</strong></span> 
     </span>
     <span class='ocr_line' id='line_1_65' title="bbox 1355 3152 2360 3230; baseline 0.005 -21"><span class='ocrx_word' id='word_1_373' title='bbox 1355 3170 1407 3209; x_wconf 89' lang='lat' dir='ltr'><strong>et</strong></span> <span class='ocrx_word' id='word_1_374' title='bbox 1432 3152 1632 3208; x_wconf 80' lang='lat' dir='ltr'><strong>Lucani</strong></span> <span class='ocrx_word' id='word_1_375' title='bbox 1648 3194 1665 3221; x_wconf 85' lang='lat'>,</span> <span class='ocrx_word' id='word_1_376' title='bbox 1691 3155 1962 3208; x_wconf 85' lang='lat' dir='ltr'><strong>Tiberium</strong></span> <span class='ocrx_word' id='word_1_377' title='bbox 1988 3159 2360 3230; x_wconf 81' lang='lat' dir='ltr'><strong>Neronemque</strong></span> 
     </span>
     <span class='ocr_line' id='line_1_66' title="bbox 1357 3234 2359 3308; baseline 0.002 -19"><span class='ocrx_word' id='word_1_378' title='bbox 1357 3235 1715 3303; x_wconf 81' lang='lat' dir='ltr'><strong>adulantium,</strong></span> <span class='ocrx_word' id='word_1_379' title='bbox 1738 3234 1978 3303; x_wconf 80' lang='lat' dir='ltr'><strong>libertas,</strong></span> <span class='ocrx_word' id='word_1_380' title='bbox 2000 3256 2115 3308; x_wconf 62' lang='lat' dir='ltr'><strong>quat</strong></span> <span class='ocrx_word' id='word_1_381' title='bbox 2132 3240 2359 3291; x_wconf 83' lang='lat' dir='ltr'><strong>Catones</strong></span> 
     </span>
     <span class='ocr_line' id='line_1_67' title="bbox 1354 3310 2091 3388; baseline -0.007 -16"><span class='ocrx_word' id='word_1_382' title='bbox 1354 3332 1407 3372; x_wconf 86' lang='lat' dir='ltr'><strong>et</strong></span> <span class='ocrx_word' id='word_1_383' title='bbox 1429 3310 1618 3371; x_wconf 79' lang='lat' dir='ltr'><strong>Brutos</strong></span> <span class='ocrx_word' id='word_1_384' title='bbox 1642 3335 1815 3370; x_wconf 86' lang='lat' dir='ltr'><strong>meros</strong></span> <span class='ocrx_word' id='word_1_385' title='bbox 1839 3317 2091 3388; x_wconf 81' lang='lat' dir='ltr'><strong>loquitur.</strong></span> 
     </span>
    </p>

    <p class='ocr_par' dir='ltr' id='par_1_10' title="bbox 1351 3396 2362 3626">
     <span class='ocr_line' id='line_1_68' title="bbox 1425 3396 2361 3469; baseline 0.001 -20"><span class='ocrx_word' id='word_1_386' title='bbox 1425 3397 1474 3450; x_wconf 84' lang='lat'><strong>3.</strong></span> <span class='ocrx_word' id='word_1_387' title='bbox 1494 3396 1731 3449; x_wconf 71' lang='lat' dir='ltr'><strong>Multum</strong></span> <span class='ocrx_word' id='word_1_388' title='bbox 1751 3396 1908 3469; x_wconf 66' lang='lat' dir='ltr'><strong>refert</strong></span> <span class='ocrx_word' id='word_1_389' title='bbox 1923 3397 2097 3447; x_wconf 74' lang='lat' dir='ltr'><strong>etiam.</strong></span> <span class='ocrx_word' id='word_1_390' title='bbox 2115 3400 2234 3450; x_wconf 81' lang='lat' dir='ltr'><strong>Vita</strong></span> <span class='ocrx_word' id='word_1_391' title='bbox 2254 3418 2361 3450; x_wconf 77' lang='lat' dir='ltr'><strong>ma-</strong></span> 
     </span>
     <span class='ocr_line' id='line_1_69' title="bbox 1351 3474 2362 3548; baseline 0.003 -21"><span class='ocrx_word' id='word_1_392' title='bbox 1351 3479 1431 3547; x_wconf 73' lang='lat' dir='ltr'><strong>gis</strong></span> <span class='ocrx_word' id='word_1_393' title='bbox 1460 3490 1621 3545; x_wconf 81' lang='lat' dir='ltr'><strong>quam</strong></span> <span class='ocrx_word' id='word_1_394' title='bbox 1647 3476 1817 3526; x_wconf 80' lang='lat' dir='ltr'><strong>oratio</strong></span> <span class='ocrx_word' id='word_1_395' title='bbox 1845 3474 2161 3546; x_wconf 76' lang='lat' dir='ltr'><strong>persuadet,</strong></span> <span class='ocrx_word' id='word_1_396' title='bbox 2189 3480 2362 3548; x_wconf 77' lang='lat' dir='ltr'><strong>inquit</strong></span> 
     </span>
     <span class='ocr_line' id='line_1_70' title="bbox 1351 3556 1843 3626; baseline -0.008 -17"><span class='ocrx_word' id='word_1_397' title='bbox 1351 3556 1652 3626; x_wconf 72' lang='lat' dir='ltr'><strong>Gregorius.</strong></span> <span class='ocrx_word' id='word_1_398' title='bbox 1678 3556 1843 3606; x_wconf 68' lang='lat' dir='ltr'><strong>Tum«.</strong></span> 
     </span>
    </p>

    <p class='ocr_par' dir='ltr' id='par_1_11' title="bbox 1342 3631 2358 4253">
     <span class='ocr_line' id='line_1_71' title="bbox 1424 3631 2357 3703; baseline 0.002 -20"><span class='ocrx_word' id='word_1_399' title='bbox 1424 3634 1474 3700; x_wconf 90' lang='grc'><strong>4.</strong></span> <span class='ocrx_word' id='word_1_400' title='bbox 1501 3633 1694 3703; x_wconf 76' lang='lat' dir='ltr'><strong>Quia...</strong></span> <span class='ocrx_word' id='word_1_401' title='bbox 1712 3631 2030 3685; x_wconf 73' lang='lat' dir='ltr'><strong>dissentiant.</strong></span> <span class='ocrx_word' id='word_1_402' title='bbox 2051 3633 2357 3685; x_wconf 77' lang='lat' dir='ltr'><strong>Dirhnendo</strong></span> 
     </span>
     <span class='ocr_line' id='line_1_72' title="bbox 1352 3710 2356 3783; baseline -0.001 -19"><span class='ocrx_word' id='word_1_403' title='bbox 1352 3710 1706 3765; x_wconf 71' lang='lat' dir='ltr'><strong>demonstravi</strong></span> <span class='ocrx_word' id='word_1_404' title='bbox 1730 3710 1858 3783; x_wconf 70' lang='lat' dir='ltr'><strong>quia</strong></span> <span class='ocrx_word' id='word_1_405' title='bbox 1884 3710 2218 3764; x_wconf 82' lang='lat' dir='ltr'><strong>referendum</strong></span> <span class='ocrx_word' id='word_1_406' title='bbox 2242 3729 2356 3763; x_wconf 82' lang='lat' dir='ltr'><strong>esse</strong></span> 
     </span>
     <span class='ocr_line' id='line_1_73' title="bbox 1352 3786 2356 3861; baseline -0.003 -19"><span class='ocrx_word' id='word_1_407' title='bbox 1352 3786 1421 3842; x_wconf 87' lang='lat' dir='ltr'><strong>ad</strong></span> <span class='ocrx_word' id='word_1_408' title='bbox 1439 3808 1587 3861; x_wconf 75' lang='grc' dir='ltr'><strong>ρων.</strong></span> <span class='ocrx_word' id='word_1_409' title='bbox 1609 3800 1707 3855; x_wconf 79' lang='lat' dir='ltr'><strong>est,</strong></span> <span class='ocrx_word' id='word_1_410' title='bbox 1727 3790 1771 3841; x_wconf 78' lang='lat' dir='ltr'><strong>si</strong></span> <span class='ocrx_word' id='word_1_411' title='bbox 1793 3802 1970 3841; x_wconf 86' lang='lat' dir='ltr'><strong>autem</strong></span> <span class='ocrx_word' id='word_1_412' title='bbox 1991 3787 2185 3860; x_wconf 75' lang='lat' dir='ltr'><strong>adfuit</strong></span> <span class='ocrx_word' id='word_1_413' title='bbox 2202 3800 2255 3841; x_wconf 88' lang='lat' dir='ltr'><strong>et</strong></span> <span class='ocrx_word' id='word_1_414' title='bbox 2273 3789 2356 3860; x_wconf 84' lang='lat' dir='ltr'><strong>af·</strong></span> 
     </span>
     <span class='ocr_line' id='line_1_74' title="bbox 1342 3867 2356 3942; baseline -0.001 -22"><span class='ocrx_word' id='word_1_415' title='bbox 1342 3869 1470 3942; x_wconf 79' lang='lat' dir='ltr'><strong>fert.</strong></span> <span class='ocrx_word' id='word_1_416' title='bbox 1495 3870 1620 3921; x_wconf 86' lang='lat' dir='ltr'><strong>Non</strong></span> <span class='ocrx_word' id='word_1_417' title='bbox 1647 3891 1670 3914; x_wconf 76' lang='grc' dir='ltr'><strong>ι</strong></span> <span class='ocrx_word' id='word_1_418' title='bbox 1690 3867 1856 3939; x_wconf 79' lang='lat' dir='ltr'><strong>affert</strong></span> <span class='ocrx_word' id='word_1_419' title='bbox 1874 3884 1988 3938; x_wconf 75' lang='lat' dir='ltr'><strong>exp.</strong></span> <span class='ocrx_word' id='word_1_420' title='bbox 2016 3870 2122 3919; x_wconf 78' lang='lat' dir='ltr'><strong>vita</strong></span> <span class='ocrx_word' id='word_1_421' title='bbox 2145 3881 2356 3919; x_wconf 83' lang='lat' dir='ltr'><strong>anteac-</strong></span> 
     </span>
     <span class='ocr_line' id='line_1_75' title="bbox 1357 3943 2355 4013; baseline -0.003 -13"><span class='ocrx_word' id='word_1_422' title='bbox 1357 3961 1481 4013; x_wconf 65' lang='grc' dir='ltr'><strong>«ιι,</strong></span> <span class='ocrx_word' id='word_1_423' title='bbox 1510 3949 1553 3998; x_wconf 87' lang='lat' dir='ltr'><strong>si</strong></span> <span class='ocrx_word' id='word_1_424' title='bbox 1583 3946 1660 3998; x_wconf 87' lang='lat' dir='ltr'><strong>ill.</strong></span> <span class='ocrx_word' id='word_1_425' title='bbox 1688 3945 1864 4008; x_wconf 77' lang='lat' dir='ltr'><strong>fuit·;</strong></span> <span class='ocrx_word' id='word_1_426' title='bbox 1893 3943 1987 3996; x_wconf 90' lang='lat' dir='ltr'><strong>sed</strong></span> <span class='ocrx_word' id='word_1_427' title='bbox 2016 3965 2039 3989; x_wconf 70' lang='lat' dir='ltr'><strong>c·</strong></span> <span class='ocrx_word' id='word_1_428' title='bbox 2061 3946 2104 3997; x_wconf 85' lang='lat' dir='ltr'><strong>si</strong></span> <span class='ocrx_word' id='word_1_429' title='bbox 2125 3947 2237 3997; x_wconf 66' lang='lat' dir='ltr'><strong>vite</strong></span> <span class='ocrx_word' id='word_1_430' title='bbox 2258 3963 2355 3998; x_wconf 86' lang='lat' dir='ltr'><strong>an-</strong></span> 
     </span>
     <span class='ocr_line' id='line_1_76' title="bbox 1358 4023 2358 4092; baseline -0.002 -15"><span class='ocrx_word' id='word_1_431' title='bbox 1358 4036 1569 4077; x_wconf 68' lang='lat' dir='ltr'><strong>«mcta</strong></span> <span class='ocrx_word' id='word_1_432' title='bbox 1598 4024 1811 4076; x_wconf 78' lang='lat' dir='ltr'><strong>illustris</strong></span> <span class='ocrx_word' id='word_1_433' title='bbox 1838 4024 1982 4074; x_wconf 75' lang='lat' dir='ltr'><strong>fuit»</strong></span> <span class='ocrx_word' id='word_1_434' title='bbox 2017 4036 2070 4074; x_wconf 75' lang='lat' dir='ltr'><strong>et</strong></span> <span class='ocrx_word' id='word_1_435' title='bbox 2102 4045 2125 4068; x_wconf 68' lang='grc' dir='ltr'><strong>ι</strong></span> <span class='ocrx_word' id='word_1_436' title='bbox 2147 4026 2233 4075; x_wconf 71' lang='lat' dir='ltr'><strong>si·</strong></span> <span class='ocrx_word' id='word_1_437' title='bbox 2267 4023 2358 4092; x_wconf 71' lang='lat' dir='ltr'><strong>(id</strong></span> 
     </span>
     <span class='ocr_line' id='line_1_77' title="bbox 1352 4098 2357 4176; baseline -0.01 -18"><span class='ocrx_word' id='word_1_438' title='bbox 1352 4108 1489 4159; x_wconf 89' lang='lat' dir='ltr'><strong>enim</strong></span> <span class='ocrx_word' id='word_1_439' title='bbox 1513 4102 1859 4176; x_wconf 82' lang='lat' dir='ltr'><strong>repetendum</strong></span> <span class='ocrx_word' id='word_1_440' title='bbox 1879 4117 1959 4155; x_wconf 85' lang='lat' dir='ltr'><strong>est</strong></span> <span class='ocrx_word' id='word_1_441' title='bbox 1982 4103 2182 4173; x_wconf 77' lang='lat' dir='ltr'><strong>animo)</strong></span> <span class='ocrx_word' id='word_1_442' title='bbox 2197 4098 2234 4149; x_wconf 66' lang='grc' dir='ltr'><strong>’κ</strong></span> <span class='ocrx_word' id='word_1_443' title='bbox 2252 4103 2357 4156; x_wconf 60' lang='lat' dir='ltr'><strong>elg-</strong></span> 
     </span>
     <span class='ocr_line' id='line_1_78' title="bbox 1358 4182 2357 4253; baseline -0.005 -17"><span class='ocrx_word' id='word_1_444' title='bbox 1358 4207 1382 4230; x_wconf 78' lang='lat'><strong>·</strong></span> <span class='ocrx_word' id='word_1_445' title='bbox 1399 4186 1508 4237; x_wconf 81' lang='lat' dir='ltr'><strong>rius</strong></span> <span class='ocrx_word' id='word_1_446' title='bbox 1521 4199 1688 4252; x_wconf 68' lang='lat' dir='ltr'><strong>genus</strong></span> <span class='ocrx_word' id='word_1_447' title='bbox 1703 4195 1803 4233; x_wconf 84' lang='lat' dir='ltr'><strong>ete.</strong></span> <span class='ocrx_word' id='word_1_448' title='bbox 1822 4183 2265 4253; x_wconf 78' lang='lat' dir='ltr'><strong>exspectationem</strong></span> <span class='ocrx_word' id='word_1_449' title='bbox 2279 4182 2357 4232; x_wconf 81' lang='lat' dir='ltr'><strong>af·-</strong></span> 
     </span>
    </p>
   </div>
  </div>
 </body>
</html>
