3200 5150
805 505 930 571 206
1367 501 1460 565 M.
1501 498 1728 565 mnu
1764 495 2322 580 QU1NT1L1AN1

802 625 1043 698 omnia
1067 623 1473 697 deliciarum
1501 622 1662 695 vitia
1688 634 1705 665 ¹
1723 618 2055 711 ,dicendi
2083 646 2364 718 quoque
2398 618 2660 691 ratione
2680 632 2709 663 ²
2725 613 2891 706 ,·de

702 738 765 807 ἰο
803 740 1207 813 fluximus.
1153 737 1182 784 3
1243 737 1567 836 Denique
1595 679 1960 809 credamus
1986 732 2284 805 summis
2311 731 2733 822 oratoribus,
2764 731 2890 830 qui

801 876 1112 927 veterum
1149 874 1506 951 poemata,
1539 850 1649 924 vel
1682 851 1772 922 ad
1799 848 2012 921 fidem
2047 845 2497 935 causarum4,
2529 847 2640 920 vel
2667 848 2755 920 ad
2783 875 2897 925 or-
2954 924 2961 929 ,

704 1001 757 1036 ιι
804 989 1220 1042 numentum
1260 966 1673 1065 eloquentiae
1706 983 2091 1036 assumunt.
2135 966 2316 1033 Nam
2356 962 2701 1060 praecipue
2738 961 2897 1059 qui·-

804 1083 968 1156 dem
1011 1082 1201 1181 apud
1247 1078 1744 1169 Ciceronem5,
1790 1080 2187 1174 frequenter
2226 1097 2461 1147 tamen
2504 1074 2694 1173 apud
2733 1075 2897 1146 Asi-

806 1200 1008 1271 nium
1028 1197 1059 1243 ⁶
1096 1198 1303 1271 etiam
1325 1251 1343 1286 ,
1378 1218 1446 1269 et
1478 1217 1751 1269 caeteros
1772 1249 1793 1282 ,
1827 1193 1950 1292 qui
1980 1213 2145 1265 sunt
2175 1191 2508 1291 proximi,
2541 1191 2888 1264 vidimus?

885 1434 927 1468 ι.
969 1415 1284 1468 Deliciarum
1327 1414 1469 1466 vitia.
1512 1415 1588 1466 Ita
1630 1410 1802 1467 Guelf.

808 1514 928 1547 cum
953 1494 1113 1548 Goth.
1134 1495 1308 1545 Turic.
1337 1493 1441 1544 Bal.
1468 1492 1609 1563 (non
1629 1490 1807 1559 Bodl.,

808 1589 868 1626 ut
886 1576 1056 1626 Burm.
1062 1572 1082 1644 )
1106 1587 1156 1625 et
1176 1572 1296 1624 edd.
1317 1570 1480 1624 Andr.
1500 1573 1627 1624 Loc.
1640 1573 1807 1623 Rusc.

807 1659 993 1707 Venet.
1013 1652 1135 1703 Bad.
1155 1655 1314 1704 Viart.
1333 1664 1433 1703 etc.
1447 1669 1611 1721 ,quas
1630 1650 1807 1702 denuo

810 1746 1021 1784 secutus
1050 1745 1128 1782 est
1152 1729 1278 1783 Obr.
1305 1729 1511 1799 Reliqui
1533 1727 1678 1780 haec:
1706 1727 1805 1779 del.

804 1829 990 1885 qenera
1021 1810 1274 1881 vitiaque,
1302 1822 1359 1859 ut
1389 1822 1441 1859 et
1468 1809 1627 1861 Gesn.
1646 1810 1809 1878 ,qui,

809 1893 853 1943 ai
893 1889 1060 1941 Codd.
1103 1888 1304 1940 habent
1345 1900 1621 1953 auctores,
1663 1886 1810 1958 quod

808 1989 916 2021 non
937 1987 1102 2038 negO,
1125 1971 1293 2040 ipsam
1318 1981 1491 2020 tamen
1516 1968 1809 2018 orationem

809 2049 1102 2118 elegantem
1122 2061 1172 2099 et
1194 2045 1526 2097 commodam
1545 2048 1629 2096 vix
1650 2044 1808 2096 doce·

809 2127 959 2179 bunt.
1001 2156 1074 2166 -—
1115 2125 1253 2179 Vitia
1295 2126 1407 2176 sine
1450 2123 1808 2174 additamento

809 2205 1008 2258 habent
1027 2207 1086 2256 R.
1118 2222 1161 2269 1,
1183 2222 1230 2255 2.
1256 2204 1608 2267 canusia,
1623 2221 1813 2276 qenera

810 2302 873 2336 ac
910 2283 1051 2334 vitia.
1085 2243 1181 2334 Ed.
1216 2280 1409 2346 Hackn,
1438 2299 1628 2354 genera
1658 2281 1811 2332 vitia-

811 2382 927 2438 que.
953 2365 1044 2414 En.

887 2460 934 2496 2.
957 2443 1071 2494 Dic.
1086 2460 1290 2515 quoque
1308 2452 1402 2492 rat.
1425 2426 1597 2494 Guelf.
1622 2442 1815 2492 omittit

812 2539 1033 2598 quoque.
1063 2520 1217 2572 Male.
1248 2550 1320 2562 -
1347 2520 1621 2571 Dicendi...
1653 2520 1814 2570 ratio-

812 2622 908 2670 ne.⁴
934 2604 1121 2652 Praeter
1159 2600 1285 2652 alias
1317 2599 1530 2652 luxuriae
1561 2599 1813 2673 plurimas

809 2694 987 2753 partes
1016 2675 1171 2731 etiam
1201 2683 1253 2731 in
1281 2679 1505 2732 dicendo
1532 2699 1711 2732 sumus
1736 2679 1816 2732 ef·

812 2759 1047 2811 feminati
1068 2759 1209 2810 facti.

886 2838 934 2889 3.
949 2837 1286 2914 Defluximus.
1304 2836 1476 2890 Guelf.
1495 2837 1810 2914 defleximus.

811 2918 945 2969 Cum
963 2915 1121 2968 Goth.
1144 2919 1296 2967 Voss.
1321 2933 1348 2966 2
1363 2954 1379 2981 ,
1403 2934 1524 2966 cum
1550 2915 1670 2967 edd.
1691 2915 1811 2968 Ald.

810 2998 973 3048 Viart.
998 2995 1119 3046 Bad.
1142 2993 1264 3065 (qui
1287 2993 1448 3046 habet
1470 2997 1525 3046 in
1550 3013 1712 3065 marg.
1733 3015 1816 3046 re·

812 3074 1057 3146 ceptam)
1078 3073 1311 3145 dicitque
1337 3073 1436 3124 sibi
1461 3092 1675 3145 quoque
1699 3093 1815 3125 eam

811 3155 975 3206 fuisse
1014 3152 1325 3224 placituram
1340 3190 1358 3217 ,
1399 3151 1561 3203 modo
1605 3156 1818 3204 inventa

814 3247 950 3286 esset
974 3234 1029 3283 in
1056 3231 1438 3304 exemplaribus
1467 3245 1521 3285 et
1547 3232 1679 3284 aliis.
1708 3235 1816 3284 Re-

814 3326 1023 3385 ceptam
1048 3314 1146 3364 nisi
1169 3314 1237 3378 ii,
1263 3314 1352 3382 qui
1380 3311 1617 3378 silentur,
1640 3312 1820 3363 defen-

815 3393 948 3444 dunt
969 3393 1160 3442 Joann.
1185 3395 1337 3442 Voss,
1365 3391 1426 3456 3,
1449 3390 1627 3441 nullus
1655 3389 1817 3442 habet

814 3471 946 3525 Cod.
966 3490 980 3533 ς
1018 3484 1070 3522 at
1109 3469 1227 3521 edd.
1266 3472 1391 3521 Loc.
1435 3470 1591 3520 Rusc.
1625 3473 1812 3520 Venet.

813 3549 1012 3624 Gryph.
1038 3550 1184 3602 Stoer.
1215 3547 1436 3601 Chouet.
1463 3548 1609 3601 Gibs.
1635 3547 1815 3618 (atque

813 3629 984 3702 Leid.)
1004 3644 1053 3682 et
1068 3630 1225 3681 Gesn.
1242 3626 1402 3697 Quod
1421 3627 1672 3699 praetulit,
1692 3641 1818 3698 post

815 3709 943 3765 Obr.
962 3748 978 3774 ,
1003 3710 1174 3760 Burm.
1202 3706 1562 3784 defluxerimus
1586 3726 1614 3758 e
1637 3708 1811 3758 Turic.

817 3787 965 3841 Bodl.
991 3785 1126 3839 Alm.
1151 3791 1304 3838 Voss,
1339 3803 1356 3837 ι
1375 3824 1391 3849 ,
1417 3787 1595 3851 Bern.,
1620 3785 1675 3837 id
1705 3788 1816 3857 qui-

816 3867 938 3920 dem
979 3883 1298 3937 magnopere
1338 3864 1611 3937 displicet,
1655 3884 1818 3935 quum

818 3948 1185 4019 conjunctivus
1230 3944 1408 3994 locum
1455 3962 1562 3994 non
1605 3943 1815 3996 habeat.

818 4025 1067 4103 Deflexim
1074 4043 1131 4075 ιιι
1143 4025 1359 4075 fortasse
1370 4025 1559 4088 verius,
1571 4022 1664 4075 sed
1674 4023 1821 4074 blan-

819 4104 960 4155 ditur
994 4117 1238 4174 recepta,
1275 4104 1498 4154 maxime
1536 4102 1607 4154 ob
1639 4101 1818 4154 locum

819 4185 996 4237 Nostri
1021 4184 1095 4251 X,
1125 4199 1170 4250 ι,
1203 4182 1329 4235 126:
1362 4196 1610 4235 stantum
1635 4183 1701 4236 ab
1724 4182 1816 4236 illo

1902 1435 1924 1460 α
1944 1412 2259 1491 defluebant,
2287 1425 2541 1484 quantum
2564 1410 2653 1464 ille
2676 1410 2743 1463 ab
2765 1412 2900 1463 anti·

1902 1515 1925 1540 ιι
1948 1496 2067 1564 quis*
2090 1492 2447 1545 descenderat.
2471 1516 2492 1540 ιι
2532 1493 2596 1542 Ει
2626 1492 2896 1543 Ciceronis

1895 1574 2054 1624 Tusc.
2087 1574 2140 1638 Ι,
2176 1570 2279 1623 25.
2267 1593 2279 1605 ·
2319 1590 2391 1623 na
2423 1571 2786 1623 necessariis...
2827 1569 2899 1622 ad

1904 1651 2264 1722 «elegantiora
2278 1651 2642 1728 deflusimus.»
2620 1649 2901 1702 »Aliasde-

1882 1730 2097 1808 fluendi
2108 1730 2323 1782 verbum
2341 1742 2623 1800 usurpatur
2637 1731 2691 1779 in
2710 1727 2899 1792 rebus,

1901 1828 2014 1879 quae
2035 1823 2285 1883 pereunt,
2309 1809 2520 1860 abeunt.
2547 1807 2715 1861 Subiit
2738 1810 2898 1859 etiam

1897 1887 2070 1958 legere
2100 1888 2192 1960 dis
2224 1889 2453 1952 teximus,
2487 1906 2614 1939 usus
2644 1888 2899 1958 frequen-

1897 1969 2079 2020 tissimi
2101 1968 2155 2019 in
2194 1970 2373 2019 uxuria
2394 1967 2750 2037 significanda.
2763 1966 2901 2018 Vide

1898 2047 1964 2099 de
1991 2042 2111 2124 dest.
2147 2060 2197 2098 et
2229 2045 2366 2124 diffl.
2396 2045 2659 2099 Drakenb.
2693 2045 2758 2098 ad
2786 2047 2896 2098 Liv.

1896 2127 2036 2192 XLI,
2065 2123 2152 2191 15,
2182 2143 2200 2177 ι
2217 2168 2223 2175 .
2240 2125 2459 2178 -Edd.
2479 2126 2639 2178 Canu».
2661 2139 2713 2176 ei
2731 2125 2905 2177 Hack.

1898 2204 2096 2257 habent
2133 2203 2456 2282 defluximus.
2493 2206 2598 2256 RR.
2642 2222 2700 2271 2,
2738 2205 2803 2270 4,
2834 2205 2902 2270 6,

1900 2284 2216 2362 defleximus.
2243 2287 2347 2336 BR.
2378 2302 2425 2350 ι,
2445 2285 2506 2351 3,
2532 2284 2563 2335 5
2589 2297 2642 2335 et
2663 2286 2785 2339 Cn.
2808 2283 2903 2336 de-

1887 2364 2217 2440 fluxerimus.
2241 2366 2332 2416 Eu.

1971 2443 2021 2509 4.
2039 2441 2216 2494 Fidem
2230 2460 2515 2494 causarum.
2530 2438 2902 2515 Guelf.finem,

1904 2520 2048 2594 quod
2098 2524 2151 2575 in
2201 2522 2283 2574 ed.
2310 2518 2511 2575 ‘Lucan
2561 2541 2674 2574 esse
2725 2535 2903 2573 narrat

1902 2603 2073 2653 Burm.
2094 2601 2351 2672 Equidem
2370 2614 2635 2674 receptam
2658 2603 2711 2653 in
2733 2620 2794 2653 ea
2819 2605 2907 2652 in-

1901 2683 2089 2748 venio,
2112 2678 2284 2754 finem
2322 2695 2497 2733 autem
2534 2684 2587 2733 in
2621 2681 2702 2733 ed.
2736 2684 2899 2733 Rusc-

1901 2760 2069 2833 (Vide
2101 2774 2282 2813 notam
2314 2760 2382 2813 ad
2413 2764 2631 2812 Prooem.
2663 2760 2724 2827 4,
2754 2779 2902 2812 sum-

1901 2859 2043 2891 mam
2069 2840 2189 2891 inde
2205 2839 2408 2912 eloqu.)
2426 2842 2693 2910 Frequens
2713 2854 2792 2890 est
2807 2839 2902 2888 ταῖν

1888 2914 2026 2990 fides
2040 2931 2091 2970 et
2091 2914 2224 2989 fietis
2237 2921 2289 2970 in
2304 2917 2469 2970 Codd.
2488 2919 2750 2974 confusio.
2768 2916 2900 2968 Vide

1902 2995 2165 3047 Drakenb.
2189 2995 2255 3046 ad
2274 2996 2381 3046 Liv.
2398 2998 2538 3060 VIII,
2564 2996 2656 3062 24,
2680 2994 2904 3047 15.Vide

1904 3087 1957 3125 et
1976 3076 2153 3126 Nostr.
2174 3075 2261 3138 IV,
2280 3090 2305 3124 2
2320 3111 2337 3140 ,
2363 3091 2381 3125 ι
2399 3073 2476 3126 18.
2493 3076 2705 3126 Praestat
2723 3087 2903 3125 autem

1902 3151 2133 3226 recepta.
2156 3182 2229 3192 ——
2249 3153 2460 3218 Finem,
2487 3155 2548 3205 R.
2582 3171 2624 3205 1.
2650 3155 2742 3205 En.

1977 3233 2026 3285 5.
2052 3231 2212 3303 Apud
2237 3231 2546 3283 Ciceronem.
2574 3235 2674 3284 Pro
2697 3234 2902 3298 Sextio,

1904 3330 1951 3363 c.
1980 3311 2046 3363 55
2072 3331 2136 3365 ex
2157 3312 2407 3373 Afrani05
2437 3331 2482 3362 c.
2512 3310 2606 3378 56,
2635 3311 2724 3382 57,
2748 3311 2813 3363 58
2840 3330 2904 3362 ex

1904 3392 2087 3442 Accio.
2113 3394 2213 3441 Pro
2236 3390 2400 3442 Coelio
2417 3427 2433 3454 ,
2459 3408 2506 3441 c.
2538 3391 2599 3442 16
2625 3409 2654 3442 e
2677 3390 2902 3442 Caecilio.

1905 3472 2007 3523 Pro
2032 3470 2224 3536 Balbo,
2245 3489 2291 3522 e.
2318 3488 2412 3536 22,
2437 3490 2502 3523 ex
2523 3473 2711 3524 Ennio.
2736 3472 2793 3521 In
2816 3472 2903 3520 Pi-

1906 3568 2020 3601 son.
2038 3568 2084 3601 c.
2111 3550 2532 3618 19,exE1mio:c.
2555 3549 2902 3615 25,ePlauto;

1905 3647 1952 3681 c.
1984 3629 2085 3696 33,
2117 3647 2180 3681 ex
2206 3629 2388 3679 Accio.
2419 3628 2643 3701 Philipp.
2675 3630 2818 3694 XIII,
2853 3647 2898 3678 c.

1910 3725 1994 3775 21,
2024 3728 2086 3761 ex
2109 3709 2310 3760 incerto
2334 3721 2508 3779 poeta.

1977 3788 2027 3841 6.
2074 3786 2234 3858 Apud
2280 3786 2425 3839 Asin.
2481 3787 2655 3841 Guelf.
2714 3789 2904 3838 omittit

1905 3865 2078 3938 apud,
2119 3882 2226 3915 non
2264 3865 2416 3917 male.
2441 3869 2625 3918 Venet.
2666 3885 2765 3938 pro
2802 3885 2867 3917 eo
2890 3903 2905 3932 ,

1905 3964 2003 4018 per
2026 3945 2141 4017 sph.
2156 3985 2172 4010 ,
2196 3942 2351 4017 quod.

1980 4042 2027 4094 7.
2075 4023 2327 4076 Vidimus.
2364 4027 2518 4075 Voss.
2568 4042 2584 4075 1
2613 4062 2631 4090 ,
2680 4023 2908 4075 videmus

1909 4102 2054 4173 quod
2077 4102 2251 4154 malim
2268 4142 2285 4169 ,
2313 4104 2597 4174 praesertim
2623 4104 2666 4153 si
2690 4120 2811 4152 mox
2835 4100 2909 4152 le-

1905 4183 2047 4253 gitur
2069 4181 2336 4253 respirent,
2362 4183 2701 4252 conjunctivo
2726 4178 2906 4231 modo.
