3200 5150
855 495 978 562 132

1414 488 1510 554 M.
1547 487 1775 555 FABII
1812 487 2367 571 QUINTILIANI

848 639 1017 715 eqo,
1054 615 1267 686 Enim
1300 607 1431 683 hoc
1469 608 1721 697 voluit,
1760 609 2017 681 Autem
2045 634 2186 680 non
2220 606 2500 680 habuit:
2531 630 2614 679 ex
2643 631 2786 706 quo
2823 631 2961 706 gre·-⁴

843 755 1013 807 nere
1035 753 1128 800 an
1150 726 1488 826 sitiqitun
1527 724 1602 799 in
1635 723 1830 797 initio
1851 737 1869 769 ¹
1900 722 2237 799 sermonis
2259 721 2564 821 positum
2582 776 2601 810 ,
2640 720 2937 795 dubitari

849 973 876 998 ιι
896 950 1137 1003 consumi
1161 948 1517 1002 studentem...
1548 948 1691 1001 volo.
1720 971 1742 995 ιι
1773 946 1854 999 Ibi

840 1032 900 1083 in
933 1029 1178 1081 omnibus
1209 1029 1320 1080 fere
1353 1027 1473 1080 edd.
1502 1039 1555 1079 et
1577 1025 1745 1080 Codd.
1773 1024 1851 1076 le-

842 1112 989 1180 gitur
1005 1126 1126 1172 nec,
1148 1106 1244 1160 sed
1261 1108 1316 1158 in
1330 1125 1428 1158 suo
1444 1105 1580 1157 libro
1592 1144 1609 1172 ,
1627 1106 1852 1156 fortasse

840 1188 1151 1240 Florentino
1196 1187 1550 1238 vetustissimo
1571 1222 1588 1251 ,
1629 1184 1852 1254 Regium

839 1268 1103 1320 invenisse
1126 1284 1192 1316 ne
1205 1303 1223 1330 ,
1252 1266 1418 1337 ipsius
1441 1277 1569 1315 nota
1598 1275 1848 1335 apparet3

839 1343 1150 1414 habentque
1167 1342 1299 1395 illud
1326 1362 1395 1394 ne
1411 1341 1541 1395 Cod.
1572 1341 1734 1394 Goth.
1753 1378 1770 1407 ,
1797 1353 1852 1393 et

841 1423 928 1476 ed.
958 1426 1163 1476 Veneta
1193 1421 1344 1491 1494.
1374 1422 1507 1473 Item
1529 1422 1630 1486 vl,
1665 1436 1685 1470 1
1706 1456 1725 1486 ,
1748 1419 1815 1488 47
1833 1457 1851 1485 ,

845 1523 874 1548 α
899 1521 964 1553 ne
995 1501 1144 1554 illum
1174 1500 1522 1574 probaverim.
1555 1523 1578 1546 ιι
1627 1501 1670 1551 Ε
1700 1496 1848 1550 nullo

838 1578 1041 1634 Codice
1059 1597 1090 1631 a
1111 1595 1381 1648 quoquam
1400 1596 1466 1628 ne
1484 1576 1705 1629 affertur
1718 1615 1736 1643 ,
1754 1574 1850 1628 sed

838 1660 1034 1711 iterum
1053 1658 1248 1727 Regius
1264 1694 1281 1721 ,
1310 1654 1623 1726 corrigendo
1642 1673 1736 1706 nec
1759 1667 1851 1708 aut

838 1733 1123 1788 inserendo
1145 1733 1382 1807 quidem,
1404 1733 1610 1806 prodit,
1630 1733 1749 1785 libri
1768 1736 1849 1786 sui

840 1817 1156 1887 scripturam
1190 1831 1304 1866 esse
1340 1831 1422 1864 ne.
1456 1815 1725 1865 Invenitur
1754 1830 1848 1880 ea,

840 1912 955 1946 non
983 1892 1229 1964 quidem,
1266 1905 1327 1943 ut
1354 1892 1613 1963 significat
1639 1894 1849 1959 Banu„

839 1974 899 2024 in
920 1983 1046 2023 vett.
1067 1971 1334 2043 plerisque
1355 1970 1476 2023 edd.
1491 2009 1507 2037 ,
1534 1989 1700 2043 quum
1717 1970 1848 2024 Gib-

755 2062 759 2066 ’
840 2068 1007 2105 sonus
1021 2068 1233 2103 suarum
1255 2048 1467 2121 quidem
1488 2052 1722 2121 quinque
1737 2048 1850 2102 nul-

838 2129 949 2184 lam
977 2141 1264 2194 memoret,
1293 2129 1430 2180 inter
1456 2146 1586 2200 quas
1614 2127 1849 2181 Andrea-

840 2228 923 2262 nae
942 2210 1227 2262 auctoritas
1251 2207 1389 2258 foret
1411 2225 1618 2278 magna.
1641 2210 1851 2260 Poterat

829 2300 1022 2340 ‚tamen
1054 2287 1329 2357 designare
1350 2289 1537 2339 Venet.
1580 2285 1731 2354 1494.
1775 2288 1851 2339 Ea

840 2369 986 2420 enim
1010 2384 1105 2431 ne,
1144 2379 1204 2417 ut
1236 2377 1288 2417 et
1315 2365 1497 2416 Locat.
1516 2401 1533 2431 ,
1570 2363 1697 2430 sed,
1736 2368 1849 2435 ejus

841 2446 1088 2517 repetitio
1099 2482 1117 2510 ,
1133 2446 1291 2496 Rusc.
1309 2442 1517 2515 quidem
1532 2444 1713 2495 inserit
1725 2456 1852 2516 post

841 2522 1018 2575 illum.
1058 2521 1140 2574 Ad
1177 2523 1351 2595 ipsum
1392 2540 1514 2574 eum
1545 2520 1726 2573 locum
1756 2523 1849 2575 Ba-

842 2600 965 2654 dius
988 2602 1041 2652 in
1063 2599 1295 2653 Vallensi
1326 2619 1424 2653 suo
1457 2599 1654 2654 Codice
1686 2619 1854 2674 neque

845 2700 964 2734 esse
990 2692 1198 2746 narrat,
1235 2679 1394 2752 idque
1419 2694 1498 2733 est
1520 2682 1574 2732 in
1597 2678 1770 2733 Guelf.
1799 2693 1852 2732 et

844 2757 1008 2813 Goth.
1053 2758 1259 2812 Addam
1291 2761 1404 2832 ipse
1436 2757 1659 2824 locosl‚
1692 2776 1719 2811 a
1738 2795 1755 2824 ‚
1785 2775 1814 2828 7
1832 2797 1850 2826 ,

852 2836 1377 2890 nneAlexandrinis»
1355 2856 1540 2909 »apro
1555 2857 1624 2889 ne
1637 2836 1720 2889 Al.
1740 2840 1854 2908 qui-

853 2915 1083 2967 Ήᾶειιιιι
1109 2914 1282 2970 Guelf.
1304 2915 1482 2983 solus,
1508 2929 1765 2988 quantum
1782 2919 1854 2970 vi-

846 2994 986 3057 deo;
1026 3007 1078 3047 et
1108 2996 1187 3062 11,
1231 3011 1295 3065 7,
1335 2993 1504 3061 26,«
1482 3013 1591 3046 «ne
1621 2997 1847 3046 vitium·

847 3071 948 3126 sol.
979 3074 1131 3125 Voss.
1168 3090 1212 3124 1.
1247 3075 1370 3125 Non
1398 3091 1717 3145 magnopere
1755 3074 1853 3144 igi-

846 3164 939 3206 tur
961 3164 1040 3204 est
1056 3149 1332 3203 verisimile
1347 3189 1364 3219 ,
1392 3151 1774 3219 Quintilianum
1793 3154 1854 3205 iis

848 3229 982 3282 locis
1002 3230 1269 3301 scripsisse
1288 3248 1354 3280 ne
1370 3249 1470 3301 pro
1487 3248 1607 3282 ne...
1627 3228 1855 3302 quidem,

852 3321 909 3361 et
931 3321 1072 3359 recte
1096 3306 1225 3358 mihi
1247 3306 1432 3359 videor
1459 3310 1593 3359 tueri
1616 3310 1670 3359 in
1693 3310 1755 3360 iis
1777 3327 1858 3360 re-

851 3400 1081 3460 ceptam.
1110 3387 1183 3437 Ut
1206 3389 1308 3437 sint
1332 3387 1509 3455 itaque
1533 3384 1697 3437 multa
1717 3400 1858 3438 vete-

850 3484 973 3518 rum
995 3464 1113 3516 loca
1128 3502 1146 3528 ,
1186 3462 1376 3534 quibus
1398 3476 1540 3516 recte
1566 3463 1859 3518 vindicetur

856 3562 921 3596 ea
934 3555 1214 3607 structura,
1227 3560 1340 3612 quoe
1356 3543 1469 3614 ipsa
1483 3541 1768 3614 disputatio
1785 3544 1862 3598 lu-

852 3620 1003 3674 brica
1025 3638 1182 3691 quam
1200 3621 1424 3672 maxime
1442 3620 1673 3689 videtur,
1696 3642 1859 3694 quum

854 3720 886 3752 c
910 3719 939 3752 e
968 3717 1061 3750 nec
1079 3712 1186 3750 tam
1208 3698 1363 3750 facile
1387 3700 1666 3765 exciderit;
1693 3704 1859 3770 Quin-

856 3779 1097 3831 tilianum
1137 3792 1313 3831 tamen
1343 3776 1449 3831 hoc
1487 3779 1609 3831 loco
1645 3798 1755 3832 non
1792 3781 1859 3834 de

855 3857 959 3910 alia
979 3855 1087 3908 ulla
1105 3854 1375 3909 locutione
1394 3860 1680 3927 cogitasse,
1702 3877 1860 3951 quam

859 3933 926 3987 de
946 3955 1011 3987 ne
1030 3954 1130 4007 pro
1151 3956 1251 3987 ne..
1259 3936 1534 4010 .ᾳιιίι1ιίη,
1562 3935 1738 3989 adhuc
1758 3940 1859 3990 mi·-

856 4012 915 4066 hi
942 4013 1268 4085 persuadeo,
1282 4018 1407 4067 sive
1443 4034 1719 4087 perperam
1746 4018 1859 4089 ipse

834 4088 845 4096 ’
856 4089 1000 4142 hunc
1016 4077 1367 4145 soloecismum
1380 4095 1773 4165 pronunciavit,
1792 4097 1859 4146 si-

853 4185 922 4226 ve
946 4173 1161 4224 summis
1188 4170 1530 4244 scriptoribus
1555 4170 1861 4244 abjudican-

1941 945 2010 998 da
2046 957 2126 998 est
2156 963 2217 998 ea
2244 946 2433 997 forma.
2476 943 2669 998 Saltem
2694 960 2938 1015 quaecun-

1942 1043 2077 1095 que,
2106 1037 2164 1075 ut
2193 1023 2352 1075 alium
2379 1023 2466 1075 hic
2493 1025 2760 1075 inveniant
2787 1021 2940 1076 soloe·

1940 1106 2181 1169 cismum,
2196 1104 2665 1155 comminiscuntur
2673 1106 2785 1156 VV.
2803 1103 2941 1168 BD„

1939 1185 2163 1234 maxime
2185 1194 2308 1235 sunt
2334 1192 2610 1247 contorta,
2636 1200 2686 1233 v.
2713 1200 2759 1233 c.
2792 1195 2851 1233 ut
2868 1180 2945 1234 le-

1940 1274 2093 1331 gatur
2111 1259 2347 1333 me(pro
2368 1260 2799 1333 ne)prodeme,
2827 1278 2942 1331 que

1940 1353 2116 1391 tamen
2144 1341 2257 1412 ipsa
2287 1352 2368 1393 est
2402 1341 2642 1392 Ciceroni
2677 1343 2802 1392 satis
2836 1341 2940 1392 fre·

1940 1436 2107 1489 quens
2125 1417 2326 1470 locutio
2347 1441 2360 1470 :
2388 1417 2570 1491 aliquo
2587 1417 2792 1490 aliquid
2797 1418 2944 1490 face-

1941 1515 1993 1549 re
2022 1515 2120 1569 pro
2144 1496 2336 1561 alicui,
2377 1511 2477 1549 etc.
2496 1535 2513 1565 ,
2541 1511 2660 1565 aut,
2702 1509 2763 1550 ut
2786 1516 2852 1549 ne
2879 1500 2946 1550 sit

1936 1594 2035 1647 pro
2060 1593 2198 1627 anne
2221 1588 2273 1627 et
2299 1575 2373 1627 ibi
2400 1574 2674 1627 detractio.
2699 1574 2944 1631 Dukerus

1938 1657 2049 1725 ipse
2065 1691 2083 1719 ,
2112 1667 2382 1708 structura
2399 1653 2564 1708 solius
2592 1673 2659 1706 ne
2682 1657 2797 1708 sine
2816 1656 2940 1728 qui-

1938 1733 2056 1784 dem
2075 1732 2354 1799 defensor,
2372 1733 2642 1805 locorum,
2668 1752 2783 1807 que
2806 1736 2942 1789 affe-

1937 1825 2149 1879 rantur,
2178 1815 2488 1886 scripturam
2521 1831 2658 1885 saepe
2685 1812 2946 1868 fluctuare

1937 1892 2146 1944 fatetur.
2172 1894 2251 1945 Ita
2276 1892 2550 1944 obliterata
2579 1904 2659 1944 est
2680 1892 2789 1945 cic.
2820 1892 2944 1946 Phi-

1937 1967 2065 2042 lipp.
2093 1971 2172 2035 11,
2221 1969 2314 2035 16,
2356 1968 2449 2021 ubi
2476 1971 2529 2021 in
2559 1982 2684 2022 vett.
2721 1969 2844 2024 edd.
2881 1989 2950 2024 ne

1937 2066 2174 2120 unquam
2214 2047 2560 2114 salutaverat,
2605 2047 2769 2102 hodie
2804 2070 2948 2103 nun·

1939 2144 2133 2199 ᾳιιαπις
2166 2127 2260 2180 sed
2281 2130 2530 2181 Ernestus
2561 2140 2704 2182 recte
2734 2128 2950 2183 videtur

1941 2218 2106 2257 totam
2132 2208 2286 2258 istam
2312 2205 2677 2260 salutationem
2709 2213 2950 2282 spuriam

1939 2298 2142 2356 putare.
2181 2286 2510 2338 Manifestius
2536 2302 2634 2358 pro
2672 2305 2740 2338 ne
2769 2307 2952 2341 exem-

1938 2362 2090 2436 plum
2123 2362 2332 2416 videtur
2364 2364 2471 2416 (Σο.
2513 2363 2582 2416 de
2616 2366 2729 2417 Pin.
2767 2370 2838 2435 V,
2879 2385 2951 2438 7,

1941 2454 2068 2494 extr.
2099 2461 2218 2495 ne...
2244 2453 2412 2514 posset
2431 2445 2531 2496 nisi
2551 2444 2726 2515 glossa
2755 2461 2839 2500 est
2864 2467 2950 2500 ea.

2017 2536 2061 2572 1.
2090 2521 2265 2595 Iqitur
2283 2522 2338 2573 in
2363 2522 2528 2574 initio.
2556 2523 2689 2577 Vide
2712 2522 2859 2579 dicta
2885 2525 2959 2580 ad

1938 2600 2041 2665 111,
2066 2600 2130 2667 8,
2154 2600 2468 2667 24,item1,
2496 2618 2555 2669 1,
2581 2620 2624 2655 1.
2651 2604 2956 2677 ApudSaI·

1939 2677 2156 2732 lustium
2175 2679 2425 2751 frequens
2445 2694 2525 2734 est
2542 2681 2703 2754 igitur
2717 2685 2772 2735 in
2791 2686 2952 2737 initio

1939 2760 2194 2811 sermonis
2220 2761 2469 2830 positum.
2499 2760 2633 2813 Vide
2661 2768 2960 2819 accuratis·

1943 2840 2133 2890 simum
2152 2841 2265 2909 ejus
2288 2839 2555 2911 scriptoris
2578 2839 2810 2894 indicem
2826 2843 2960 2896 Tel-

1942 2914 2197 2967 lerianum
2218 2955 2234 2983 ,
2271 2916 2413 2969 unde
2446 2916 2616 2971 discas
2636 2957 2653 2986 ,
2695 2922 2860 2975 vicies
2901 2926 2962 2976 in

1942 2992 2241 3047 Catilinario
2257 3033 2274 3062 ,
2302 2995 2384 3048 bis
2413 2998 2756 3069 quinquagies
2782 3002 2840 3053 in
2859 3003 2964 3055 Ju-

1941 3071 2188 3142 gurthino
2217 3076 2290 3126 ita
2320 3094 2601 3147 usurpasse
2624 3077 2963 3134 Sallustium.

1944 3152 2116 3202 Etiam
2134 3153 2306 3205 Livius
2329 3157 2482 3225 ponit
2506 3173 2569 3207 eo
2593 3156 2806 3224 ordinm
2829 3160 2968 3214 vide

1946 3226 2210 3281 Drakenb.
2233 3229 2302 3282 ad
2320 3232 2392 3298 11,
2412 3232 2509 3299 48,
2535 3249 2556 3285 1
2573 3272 2590 3301 ,
2610 3237 2791 3308 etipse
2809 3240 2967 3292 Nos·

1947 3309 2250 3376 ter11,14,
2275 3308 2324 3362 5.
2350 3313 2677 3380 Ptiscianus,
2697 3334 2754 3387 p.
2784 3332 2970 3387 1210,

1948 3398 2001 3436 et
2035 3387 2238 3441 Servius
2254 3426 2271 3455 ,
2307 3409 2360 3462 p.
2396 3390 2606 3443 Putsch.
2653 3409 2788 3463 1797
2826 3415 2971 3468 pro·

1945 3468 2199 3520 misenam
2241 3468 2401 3542 hujus
2439 3476 2833 3544 conjunctionis
2884 3496 2978 3531 se-

1948 3543 2069 3596 dem
2089 3565 2202 3599 esse
2216 3546 2522 3603 decernunt.
2543 3552 2838 3624 Aliquanto
2857 3554 2976 3609 dis-

1948 3623 2134 3677 ficilius
2176 3639 2256 3678 est
2294 3630 2576 3701 scriptores
2616 3650 2934 3689 memorare
2954 3674 2978 3705 ,

1955 3702 2142 3774 capud
2158 3721 2330 3775 quos»
2306 3705 2795 3777 zoouhaecstructura,
2772 3729 2980 3767 cnun-

1956 3799 2158 3852 «quam
2218 3788 2576 3856 reperiatura·
2637 3790 2980 3846 Ciceronem

1947 3859 2110 3912 modo
2140 3865 2483 3950 praemittere,
2521 3867 2685 3920 modo
2721 3886 2982 3945 postpo-

1947 3955 2071 3989 nere
2095 3937 2281 4011 iqitur‚
2307 3958 2483 3998 narrat
2512 3945 2718 3998 Pseudo
2720 3949 2982 4004 ·Turne-

1946 4015 2063 4070 bus.
2093 4019 2294 4073 Locum
2323 4023 2566 4094 quidem,
2602 4026 2694 4078 ubi
2716 4033 2984 4101 premit-

1948 4107 2167 4190 teretur,
2194 4099 2401 4157 nullum
2417 4103 2617 4159 attulit:
2649 4123 2836 4179 neque
2861 4128 2984 4183 ego

1946 4177 2176 4231 memini.
