3200 5150
731 2154 797 2190 20

840 508 922 587 44

1402 506 1497 571 M.
1538 504 1763 571 FABu
1800 502 2355 589 QanmAm

837 626 1122 727 quando
1147 628 1520 727 perfectus,
1546 655 1691 701 non
1718 656 1757 701 a
1781 629 2358 730 philosophorum
2389 622 2639 703 scholis
2661 630 2922 704 virtutis

836 763 1173 842 praecepta
1193 765 1606 842 peterentur.
1625 747 1829 816 Nunc
1851 770 2126 817 necesse
2146 765 2247 817 est
2264 743 2351 816 ad
2370 771 2485 817 eos
2504 741 2916 845 aliquando¹

836 879 1147 929 auctores
1175 884 1558 948 recurrere,
1591 859 1714 958 qui
1750 859 2128 948 desertam,
2164 879 2242 930 ut
2271 858 2409 930 dixi
2429 916 2448 948 ,
2482 880 2747 958 partem
2777 888 2928 932 ora-

835 972 1023 1044 toriae
1044 958 1234 1062 artis,
1255 971 1619 1044 meliorem
1641 973 2014 1071 praesertim
2029 1030 2049 1062 ‚
2066 983 2607 1072 occupaverunt,
2630 993 2698 1045 et
2712 973 2924 1046 veluti

836 1107 1151 1159 nostrum
1175 1113 1557 1185 reposcere:
1587 1113 1732 1159 non
1754 1107 1833 1159 ut
1850 1113 1975 1160 nos
1994 1086 2276 1161 illorum
2297 1108 2581 1160 utamur
2596 1089 2889 1161 inventis
2903 1145 2924 1177 ‚

736 1235 797 1287 ,3
836 1199 957 1273 sed
992 1222 1070 1271 ut
1096 1197 1249 1272 illos
1278 1199 1518 1273 alienis
1551 1227 1710 1274 usos
1734 1227 1878 1274 esse
1913 1201 2311 1273 doceamuS.
2343 1201 2447 1274 Sit
2469 1201 2675 1301 igitur
2699 1224 2927 1275 orator

835 1316 939 1387 vir
958 1313 1141 1405 taliS,
1171 1313 1393 1414 qualis
1420 1341 1576 1388 vere
1608 1314 1881 1416 sapiens
1914 1315 2245 1415 appellari
2275 1315 2521 1415 possit:
2558 1342 2687 1389 nec
2718 1318 2927 1390 mori-

836 1429 968 1501 bus
1008 1428 1220 1502 modo
1262 1431 1603 1530 perfectus
1650 1431 1858 1527 (nam
1903 1430 1975 1503 id
2016 1457 2176 1503 mea
2215 1430 2504 1532 quidem
2547 1430 2877 1530 opinione
2904 1489 2923 1521 ‚

836 1570 1267 1643 quamquam
1289 1543 1464 1618 sint²
1484 1545 1606 1646 qui
1626 1544 2050 1636 dissentiant,
2070 1544 2227 1618 satis
2245 1572 2390 1618 non
2410 1548 2558 1643 est),
2578 1546 2697 1620 sed
2715 1546 2926 1620 etiam

834 1659 1157 1751 scientia,
1200 1680 1269 1732 et
1306 1659 1504 1732 omni
1546 1659 1872 1734 facultate
1907 1659 2227 1751 dicendi,
2264 1659 2488 1759 qualis
2523 1660 2754 1734 adhuc
2789 1663 2928 1734 for-

736 1802 798 1856 ¹9
834 1795 1003 1847 tasse
1029 1801 1241 1847 nemo
1267 1775 1495 1847 fuerit.
1526 1775 1664 1849 Sed
1692 1802 1838 1848 non
1868 1774 2023 1848 ideo
2050 1775 2286 1848 minus
2310 1774 2513 1847 nobis
2535 1775 2623 1847 ad
2645 1803 2930 1849 summa

833 1888 1269 1962 tendendum
1295 1887 1471 1981 est3,
1499 1889 1691 1990 quod
1714 1891 2031 1963 fecerunt
2054 1889 2368 1990 plerique
2392 1911 2738 1981 veterum,
2767 1890 2927 1991 qui,

835 2005 957 2077 etsi
975 2003 1298 2077 nondum
1313 2031 1747 2105 quemquam
1768 2005 2152 2106 sapientem
2181 2026 2529 2105 repertum
2556 2005 2929 2105 putabant,

834 2139 1172 2220 praecepta
1211 2140 1448 2192 tamen
1498 2119 1848 2219 sapientiai
1891 2119 2341 2197 tradiderunt.
2384 2121 2568 2192 Nam
2612 2140 2712 2193 est
2745 2144 2931 2194 certe

833 2233 1098 2333 aliquid
1124 2254 1611 2307 consummata
1642 2232 2072 2334 eloquentia,
2109 2261 2338 2334 neque
2378 2234 2466 2305 ad
2504 2260 2659 2305 eam
2694 2260 2932 2333 perve-

834 2349 982 2422 nire
1006 2370 1252 2422 natura
1273 2349 1569 2421 humani
1598 2349 1861 2448 ingenii
1885 2348 2228 2449 prohibet.
2265 2348 2480 2440 Quod
2507 2347 2563 2421 si
2593 2375 2738 2421 non
2763 2376 2932 2423 con-

832 2462 1084 2562 tingat,
1128 2462 1330 2536 altius
1366 2484 1603 2538 tamen
1643 2463 1884 2555 ibunt,
1931 2463 2054 2565 qui
2087 2464 2176 2537 ad
2208 2489 2490 2535 summa
2521 2460 2553 2525 4
2585 2463 2928 2557 nitentur,

911 2659 954 2695 1.
996 2642 1157 2695 Nunc
1191 2661 1382 2696 necesse
1415 2653 1489 2697 est
1521 2642 1829 2717 aliquando.

832 2722 998 2774 Miror
1020 2733 1128 2773 tam
1150 2723 1339 2793 exiguo
1362 2721 1637 2775 intervallo
1661 2741 1835 2774 recur-

832 2818 946 2852 rere
981 2798 1086 2851 hoc
1122 2797 1441 2871 aliquando,
1482 2800 1629 2872 quod
1667 2799 1831 2852 modo

830 2880 1205 2951 comparebat:
1256 2879 1584 2953 «aliquando
1624 2883 1833 2953 perfec-

835 2984 858 3006 «
879 2972 980 3011 tus.
1004 2983 1026 3007 a
1055 2959 1134 3010 Ibi
1156 2977 1284 3012 sane
1307 2962 1509 3032 optimo
1535 2973 1615 3011 est
1639 2977 1796 3011 sensu
1812 2998 1830 3028 ‚

828 3057 928 3110 pro
952 3055 1221 3112 unquam‚·
1246 3052 1428 3089 nostro
1454 3037 1574 3090 loco
1598 3056 1699 3110 pro
1722 3039 1832 3091 sub·

828 3117 979 3183 inde,
1019 3117 1330 3183 identidem,
1371 3135 1483 3189 quae
1517 3117 1828 3188 significatio

830 3198 1086 3269 sequioris
1102 3214 1227 3249 sane
1242 3211 1322 3249 est
1335 3199 1516 3249 aetatis.
1526 3196 1648 3249 vid.
1663 3215 1831 3249 exem-

825 3276 917 3348 pla
954 3276 1099 3348 apud
1131 3276 1514 3343 Tursellinum‚
1549 3295 1606 3347 p.
1646 3276 1730 3345 75.
1769 3278 1828 3328 ln

824 3354 973 3407 libris
1008 3354 1139 3407 nihil
1180 3355 1403 3427 quidem-
1427 3357 1690 3418 variatur3
1734 3354 1829 3407 sed

828 3433 1184 3502 Quintilianus
1216 3434 1296 3486 bis
1329 3436 1400 3486 ita
1431 3434 1675 3505 posuisse
1694 3471 1711 3501 ,
1743 3436 1830 3486 vix

829 3510 1068 3566 adducor
1088 3526 1150 3564 ut
1176 3513 1403 3565 credam.

902 3610 950 3646 2.
996 3592 1326 3663 Quamquam
1361 3592 1480 3645 sint.
1518 3593 1832 3664 Conjuncti-

825 3688 950 3724 vum
967 3684 1092 3743 post
1105 3683 1424 3744 quamquam
1439 3688 1577 3742 soepe
1590 3672 1827 3723 invenias

828 3749 971 3823 apud
1007 3763 1277 3814 nostrum3
1312 3751 1396 3801 vix
1437 3748 1580 3821 apud
1616 3751 1828 3802 Cicero-

827 3848 966 3883 nem.
1003 3828 1108 3883 Sed
1139 3847 1299 3901 supra
1329 3830 1377 3898 S.
1411 3828 1477 3894 6,
1504 3846 1825 3901 quamquam

826 3919 972 3974 sunt,
990 3911 1088 3961 etsi
1103 3922 1155 3961 et
1167 3909 1241 3961 ibi
1254 3911 1309 3961 in
1325 3907 1640 3980 quibusdam
1653 3907 1836 3968 Codd„

826 3988 961 4049 sim,-
991 3987 1080 4041 hic
1113 4006 1296 4042 omnes
1323 4001 1540 4041 tuentur
1569 3992 1827 4061 conjunc-

827 4068 1007 4119 tivum.
1024 4066 1157 4120 Vide
1174 4066 1265 4120 lib.
1285 4069 1336 4136 1,
1358 4085 1416 4134 α,
1442 4067 1606 4136 143'et
1625 4068 1716 4121 lib.
1736 4069 1826 4136 lv,

828 4146 928 4212 32,
960 4164 1022 4212 τι,
1052 4160 1152 4198 etc.

900 4225 951 4277 3.
976 4225 1062 4278 Ad
1078 4243 1280 4279 summa
1300 4224 1614 4280 tendendum
1631 4235 1718 4281 est.
1737 4223 1827 4281 Ad

1917 2659 2178 2698 summam
2202 2640 2370 2695 codd.
2399 2654 2532 2715 puto
2556 2639 2682 2696 dare
2706 2661 2896 2698 omnes
2911 2684 2930 2714 ,

1920 2723 2018 2775 etsi
2050 2739 2081 2773 a
2114 2720 2511 2792 conferentibus
2542 2721 2781 2794 plerique
2811 2743 2928 2777 nou

1918 2814 2302 2865 memor-autum
2323 2802 2398 2853 sic
2418 2813 2470 2853 et
2488 2800 2663 2853 Guelf.
2685 2815 2738 2855 et
2758 2802 2928 2857 Goth.

1918 2880 2054 2952 (tae.
2088 2880 2287 2951 Gesn.)
2317 2897 2492 2952 neque
2526 2893 2762 2932 veterum
2798 2880 2925 2933 edd.

1918 2972 2107 3033 praeter
2131 2958 2307 3011 Amin.
2332 2958 2441 3012 ulla
2464 2958 2628 3011 aliter.
2653 2962 2928 3031 Frequens

1920 3040 2078 3091 etiam
2091 3037 2419 3106 Quintiliano
2432 3055 2662 3103 summoe,
2681 3038 2929 3092 substan·

1920 3120 2036 3186 tivi,
2067 3137 2223 3183 usne,
2254 3130 2312 3169 ut
2340 3119 2392 3168 iu
2423 3136 2487 3169 eo
2515 3120 2633 3189 ipso
2662 3120 2926 3170 Prooemio

1918 3197 1963 3268 ς.
1985 3198 2034 3250 6.
2057 3196 2160 3251 Sed
2178 3215 2351 3267 operae
2370 3198 2598 3266 pretium
2613 3214 2723 3249 non
2736 3200 2926 3251 eratin

1917 3294 1975 3329 re
2002 3289 2109 3329 tam
2137 3275 2235 3327 levi
2264 3277 2614 3327 recentiorum
2637 3278 2928 3328 auctorita·

1917 3368 2025 3406 tem
2048 3352 2305 3406 deserere.

1987 3432 2039 3500 4.
2059 3431 2147 3485 Ad
2161 3450 2364 3485 summa
2381 3432 2628 3485 nitentur.
2648 3434 2819 3487 Etiam
2833 3434 2924 3487 hic

1915 3511 2090 3564 Guelf.
2135 3524 2187 3563 et
2225 3510 2386 3564 Goth.
2429 3510 2566 3582 (tac.
2607 3513 2812 3585 Gesn.)
2851 3515 2926 3565 ad

1914 3609 2189 3643 summam.
2215 3588 2379 3657 md„
2400 3608 2531 3662 quas
2552 3591 2765 3663 quidem
2781 3593 2922 3660 vidi,

1917 3687 2102 3722 omnes
2124 3669 2194 3721 ad
2214 3688 2445 3736 summa,
2472 3684 2525 3723 et
2548 3670 2727 3724 collati
2747 3691 2777 3724 a
2794 3673 2922 3726 Gib-

1916 3767 2050 3802 sono
2067 3763 2171 3802 tres
2185 3748 2351 3803 Codd.
2368 3751 2611 3822 profecto
2626 3753 2751 3804 item
2762 3791 2779 3819 .,
2790 3770 2923 3823 quo-

1913 3847 2032 3880 rum
2062 3830 2283 3880 varietas
2317 3845 2350 3880 a
2380 3826 2617 3900 diligenti
2647 3832 2760 3882 viro
2788 3849 2920 3884 sane

1913 3908 2101 3960 fuisset
2123 3907 2413 3961 observata.
2443 3910 2613 3980 Magis
2641 3911 2798 3961 etiam
2821 3929 2920 3963 ne-

1912 3988 2198 4040 cessarium
2233 3986 2320 4039 hic
2351 4001 2598 4040 neutrum
2634 3988 2879 4061 adjectivi
2899 4028 2919 4055 ,

1914 4066 2038 4137 quia
2073 4079 2420 4137 opponuntur
2456 4067 2594 4128 imru
2633 4080 2686 4119 et
2720 4065 2803 4118 vel
2841 4068 2917 4118 ob

1912 4143 2055 4196 hunc
2081 4143 2259 4196 locum
2287 4148 2505 4216 pronior
2536 4148 2634 4198 sim
2666 4164 2823 4218 supra
2859 4148 2917 4198 in
2973 4157 2980 4165 ‘

1910 4237 2139 4279 veterem
2166 4226 2477 4298 scripturam
2502 4242 2760 4279 summam
2774 4261 2794 4291 ,
2820 4242 2919 4278 va-
