3200 5150
919 507 1048 585 540

1484 502 1579 563 M.
1620 498 1844 564 FABu
1877 499 2438 583 QUINTILIANI

912 625 1199 715 Quanto
1228 620 1448 719 magis
1475 621 1606 709 eie,
1636 619 1895 718 quibus
1920 645 2102 692 curae
2129 621 2321 692 fama
2339 633 2358 664 ¹
2388 618 2553 709 fuit,
2589 645 2921 693 conservan-

802 748 872 816 46
911 737 1041 809 dus
1079 756 1179 809 est
1219 735 1332 808 hic
1374 735 1483 807 vel
1526 733 1914 807 ambitus²P
1954 736 2192 826 Quare
2237 755 2336 825 et,
2373 732 2645 835 quum³
2680 735 2924 806 Ciceroni

909 851 1235 923 dabimus
1279 849 1654 923 consilium
1677 906 1697 940 ,
1738 870 1815 921 ut
1854 849 2238 922 Antonium
2283 866 2503 950 roqet,
2534 850 2639 922 vel
2674 850 2846 921 etiam
2876 871 2925 921 ut

903 964 1361 1067 Philippicas,
1387 966 1480 1037 ita
1500 965 1714 1037 vitam
1739 964 2111 1064 pollicente
2136 991 2219 1037 eo
2236 1021 2255 1054 ,
2280 981 2553 1051 exurat,
2574 991 2711 1037 non
2728 964 2926 1064 cupidi-

904 1101 1117 1153 tatem
1150 1078 1326 1153 lucis
1360 1080 1904 1179 allegabimus43
1944 1081 2089 1153 haec
2128 1080 2320 1152 enirn
2361 1080 2417 1151 si
2447 1079 2627 1152 valet
2657 1080 2724 1151 iu
2753 1080 2925 1150 animo

904 1213 1041 1265 duos
1088 1212 1356 1286 spondeos
1400 1215 1457 1265 in
1501 1213 1690 1266 iambis
1736 1212 1909 1266 latinia

904 1312 1018 1346 non
1042 1291 1307 1345 morabor.

978 1389 1022 1423 1.
1059 1374 1204 1424 Guroe
1225 1370 1401 1443 fama.
1437 1371 1520 1425 Sic
1552 1371 1729 1423 Guelf.
1763 1373 1906 1424 JenS.

898 1450 1024 1523 (tac.
1046 1451 1206 1503 Gesn.
1227 1452 1329 1503 nisi
1355 1450 1493 1501 forte
1517 1452 1573 1502 in
1595 1469 1718 1502 meo
1744 1463 1911 1503 exem-

897 1530 991 1602 plo
1025 1530 1229 1582 calamo
1268 1543 1348 1583 est
1384 1541 1683 1580 correctum
1721 1548 1750 1581 e
1785 1547 1912 1581 cura

899 1609 1083 1679 famae)
1123 1608 1252 1663 ohr.
1296 1612 1421 1661 item
1455 1609 1632 1660 Turic.
1674 1626 1704 1660 a
1741 1610 1911 1679 prima

898 1708 1090 1755 manu,
1109 1707 1233 1741 nam
1257 1706 1288 1740 a
1313 1686 1546 1740 secunda
1565 1700 1645 1739 est
1668 1703 1804 1738 σανα
1815 1687 1909 1759 fa-

898 1785 1000 1820 moe
1016 1766 1100 1838 (ut
1118 1781 1169 1820 et
1188 1769 1243 1819 in
1262 1765 1425 1838 Alm.)
1449 1784 1479 1818 a
1500 1768 1653 1817 tertia
1677 1764 1908 1838 denique

894 1849 1188 1919 repositum
1222 1845 1397 1917 fama.
1451 1843 1570 1896 Ald.
1620 1843 1746 1897 Bad.
1796 1863 1900 1896 sec.

894 1926 1044 1977 Gerv.
1072 1926 1186 1975 Bae.
1211 1922 1341 1975 dant
1362 1922 1546 1995 aliqua
1568 1941 1692 1974 cura
1705 1922 1902 1994 famoe,

896 2003 1042 2076 quod
1062 2005 1115 2055 in
1135 2002 1338 2074 aliquot
1358 2002 1610 2074 exemplis
1632 2005 1905 2055 inventum

894 2085 1089 2156 probat
1111 2085 1332 2154 Regius,
1362 2081 1455 2135 sed
1483 2081 1608 2134 Bad.
1635 2084 1689 2134 in
1713 2101 1790 2155 pr.
1823 2101 1904 2134 re·

889 2165 1005 2234 jicit
1036 2162 1244 2234 aliqua,
1273 2161 1420 2232 quod
1449 2180 1624 2233 neque
1659 2180 1904 2212 necessa-

892 2244 1031 2293 rium
1067 2244 1132 2292 sit
1166 2254 1220 2292 et
1253 2244 1525 2292 omittatur
1561 2242 1618 2290 in
1648 2239 1898 2291 Vallensi.

892 2322 1108 2386 Ceteri,
1146 2333 1203 2372 ut
1241 2333 1294 2372 et
1328 2319 1525 2385 Gesn.‚
1557 2336 1684 2370 cura
1710 2318 1894 2390 [ωηατ.

892 2403 1015 2452 Non
1034 2398 1260 2451 multum
1279 2401 1522 2460 interest3
1545 2396 1641 2450 sed
1659 2409 1900 2449 nostrum

888 2481 1063 2531 minua
1103 2476 1384 2530 videbatur
1420 2480 1662 2550 potuisse
1704 2479 1829 2528 oriri
1869 2496 1898 2530 e

890 2555 1208 2631 corruptela.
1241 2586 1314 2597 -
1342 2557 1450 2609 ΗΒ.
1484 2572 1502 2609 ι
1522 2593 1539 2621 ,
1575 2572 1603 2608 2
1623 2595 1641 2624 ‚
1673 2556 1739 2623 3,
1775 2574 1900 2609 cum

878 2636 1064 2708 famoe.
1095 2634 1192 2686 Ed.
1218 2636 1410 2701 Cum,
1432 2635 1605 2707 famoe
1631 2654 1771 2687 cura.
1802 2638 1896 2689 En.

886 2741 958 2755 —
979 2713 1225 2783 Quibus...
1244 2713 1420 2784 fama.
1443 2714 1523 2779 si,
1542 2715 1598 2765 in
1620 2712 1899 2768 hominum

885 2791 1432 2863 profligatissimorum
1476 2790 1695 2862 (quales
1744 2792 1894 2844 fuere

885 2868 1110 2922 Catilina
1120 2907 1137 2933 .‚
1153 2871 1366 2939 Atreus)
1388 2889 1618 2940 persona
1630 2910 1647 2937 ,
1662 2870 1898 2923 studium

886 2947 1228 3018 turpitudinis
1262 2947 1512 3001 abhorret
1543 2967 1574 3000 a
1606 2950 1894 3002 verisimili-

886 3025 1099 3091 tudine,
1125 3041 1322 3097 quauto
1351 3030 1516 3097 magis
1540 3029 1595 3080 in
1620 3027 1893 3080 honestio-

883 3104 1031 3156 ribus
1054 3104 1252 3156 debent
1274 3106 1400 3174 fingi
1423 3108 1817 3159 convenientia!

957 3203 1005 3236 2.
1030 3183 1135 3235 Hic
1159 3182 1241 3235 vel
1261 3182 1497 3236 ambitus.
1522 3186 1766 3238 Fortasse
1788 3186 1887 3237 ini·

884 3265 1041 3334 quior
1060 3264 1115 3314 in
1138 3263 1418 3314 Francium
1437 3260 1636 3329 videar,
1661 3262 1754 3316 sed
1778 3283 1888 3317 non

882 3340 1043 3394 credo
1076 3344 1190 3413 ejus
1224 3359 1337 3394 esse
1371 3346 1735 3414 conjecturam
1770 3361 1887 3414 qua

880 3433 1203 3472 memoratur
1228 3438 1260 3471 a
1288 3422 1459 3472 Burm
1491 3419 1638 3472 velut
1661 3440 1759 3493 pro
1784 3421 1881 3476 vel.

876 3492 997 3551 'Hoc
1029 3501 1199 3571 ipsum
1235 3501 1375 3551 enim
1407 3499 1554 3570 quod
1584 3503 1885 3572 reposuisse

880 3581 1047 3631 fertur
1080 3576 1206 3643 ille,
1242 3579 1451 3631 invenio
1490 3581 1545 3630 in
1585 3578 1758 3631 Tun'c.
1793 3582 1885 3650 qui

881 3675 1004 3709 cum
1029 3656 1165 3709 Alm.
1196 3657 1348 3707 nimis
1379 3656 1514 3711 tolet
1547 3660 1884 3729 conspirare,

881 3754 1042 3807 quam
1060 3748 1118 3786 ut
1136 3752 1262 3787 casu
1280 3735 1482 3787 factum
1504 3750 1687 3806 putem
1700 3774 1717 3801 ‚
1740 3736 1886 3808 quod

877 3818 1159 3881 Francius,
1193 3812 1642 3867 Almeloveeniani
1672 3814 1883 3869 Codicis

882 3895 1151 3959 dominus,
1181 3897 1493 3967 conjecerit,
1519 3893 1666 3965 quod
1692 3892 1884 3965 legitur

877 3979 935 4027 in
965 3976 1139 4026 Turic.
1170 3974 1417 4047 (gemello
1448 3974 1613 4047 Alm.)
1638 3976 1881 4028 Fortasse

879 4072 911 4106 a
931 4052 1046 4103 solo
1068 4055 1235 4106 Bam.
1260 4054 1530 4107 turbatum
1551 4068 1633 4107 est
1650 4054 1879 4126 aliquid,

880 4149 1054 4200 neque
1079 4136 1333 4202 arrogavit
1357 4133 1458 4187 sibi
1479 4134 1619 4186 hanc
1639 4132 1882 4186 emenda·

877 4212 1077 4263 tionem
1093 4212 1549 4269 Francius.Ve1-am
1562 4226 1740 4266 autem
1755 4215 1883 4267 exis-

1999 1216 2128 1266 timo
2167 1217 2481 1286 scripturam
2520 1212 2675 1266 velut.
2707 1212 2793 1266 Vel
2819 1231 2929 1284 qum

2000 1295 2068 1346 sit
2102 1306 2442 1358 contortum,
2479 1293 2818 1363 unusquisque
2847 1309 2928 1343 seo-

1999 1376 2109 1425 tiat.
2141 1376 2353 1426 Poterat
2379 1391 2507 1426 sane
2534 1374 2710 1442 Quint.
2735 1371 2804 1436 id,
2829 1370 2928 1442 quod

1997 1452 2168 1504 malus
2187 1451 2352 1505 homo
2371 1471 2483 1505 non
2496 1451 2611 1502 vult
2622 1450 2771 1502 videri
2787 1448 2928 1510 malm,

2000 1531 2268 1603 appellare
2286 1531 2544 1584 ambitum
2559 1528 2674 1599 (ubi
2685 1528 2929 1581 recteGem.

1999 1610 2207 1661 confert
2225 1605 2931 1680 x11‚10‚3,inoeuaqendim

1997 1688 2192 1753 bitum,
2218 1686 2272 1740 h.
2306 1707 2352 1740 e.
2382 1688 2766 1740 affectationem
2789 1686 2929 1757 peritia

1995 1786 2170 1820 rerum
2189 1766 2258 1819 ad
2277 1779 2414 1819 artes
2432 1763 2838 1838 pertinentium);
2827 1762 2931 1825 -ωδ,

1997 1848 2251 1917 quoniam
2272 1843 2558 1897 ridiculum
2580 1843 2842 1907 videbatur,
2859 1858 2931 1891 am·

1993 1925 2248 1977 bitiosum
2275 1923 2532 1996 appellari
2563 1942 2706 1988 eum,
2730 1923 2807 1993 qui
2826 1938 2932 1972 recu·

1993 2019 2074 2058 eat
2110 2003 2291 2057 audire
2329 2020 2596 2074 nequam,
2628 1999 2798 2052 molliit
2823 2016 2932 2049 voca-

1993 2083 2181 2136 bulum
2213 2083 2404 2148 solito,
2437 2084 2491 2133 in
2532 2079 2752 2144 talibus,
2781 2076 2930 2131 addita·

1991 2176 2201 2226 mento,
2224 2159 2383 2220 velut.
2405 2159 2780 2212 confusionem
2794 2153 2932 2208 «end

1989 2253 2043 2294 et
2057 2240 2201 2293 velut
2213 2238 2518 2291 facillimam
2534 2235 2931 2289 demonstratlln-

1987 2318 2144 2371 kenh.
2173 2318 2241 2370 ad
2261 2320 2370 2370 Liv.
2397 2317 2602 2382 xxm,
2623 2313 2704 2386 57,
2727 2315 2769 2366 5.
2789 2317 2930 2367 Deum

1985 2397 2092 2451 hoc
2124 2399 2213 2450 τοῦ
2244 2396 2388 2449 velut
2410 2393 2533 2448 vide
2563 2397 2735 2448 Noatr.
2761 2395 2823 2458 Π,
2841 2410 2880 2461 7,
2898 2390 2929 2442 ⁵.

1986 2476 2268 2529 —Itidem
2301 2473 2386 2527 vel
2413 2492 2515 2546 pro
2551 2472 2693 2527 velut
2716 2469 2861 2525 Guelf.
2882 2471 2931 2534 n,

1988 2555 2052 2623 6,
2076 2553 2125 2613 5.
2147 2557 2388 2610 Vicissim
2413 2556 2464 2621 1,
2488 2552 2557 2620 6,
2584 2570 2632 2606 α.
2656 2554 2813 2606 ‘rui-ic.
2837 2546 2933 2601 κιαι
3039 2632 3040 2635 Ν

1985 2654 2085 2708 pro
2102 2634 2200 2700 vel,
2212 2635 2461 2706 idemque
2479 2651 2609 2685 cum
2617 2631 2747 2685 Alm.
2758 2633 2812 2697 11,
2829 2626 2932 2694 12,⁴.

1982 2743 2057 2755 —
2077 2714 2181 2766 Hic
2217 2713 2302 2765 vel
2335 2712 2580 2765 ambitus.
2610 2712 2705 2767 Vel
2741 2713 2780 2763 si
2808 2724 2931 2762 merus

1983 2794 2143 2846 fuerit
2167 2792 2394 2845 ambitus
2419 2790 2472 2843 h.
2501 2811 2553 2844 e.
2580 2793 2799 2863 captatio
2814 2787 2931 2839 liono-

1983 2873 2081 2937 ris,
2108 2870 2227 2924 vide
2264 2869 2310 2942 ς.
2350 2871 2435 2923 32.
2476 2872 2574 2923 Est
2605 2884 2774 2923 tamen
2800 2868 2930 2920 durior

1983 2950 2266 3003 collocatio
2288 2951 2687 3021 conjunctionis
2706 2947 2803 3012 vel,
2818 2962 2928 3017 qna·

1982 3048 2079 3102 pro
2119 3029 2301 3082 saltem
2342 3030 2595 3100 usurpari
2631 3047 2734 3099 quo
2768 3038 2929 3078 auctore

1982 3108 2206 3160 affirmet
2213 3110 2441 3199 βοείας,
2455 3127 2572 3160 ιιοιι
2587 3107 2817 3180 equidem
2828 3105 2928 3155 dixe-

1978 3190 2105 3253 rim,
2130 3189 2228 3238 etsi
2250 3186 2449 3238 video
2434 3205 2491 3239 tn
2520 3186 2707 3243 eadem
2734 3186 2927 3256 opimone

1976 3283 2093 3318 esse
2113 3263 2498 3343 Tui-sellium,
2523 3264 2623 3317 sed
2644 3267 2867 3317 revictum
2881 3257 2926 3310 ιΙ)

1975 3346 2197 3397 Ernesto
2213 3380 2231 3409 ‚
2257 3362 2311 3414 p.
2347 3341 2499 3409 1048.
2520 3342 2658 3395 vide
2685 3345 2787 3395 init.
2815 3352 2924 3391 nott.

2045 3424 2096 3477 3.
2119 3424 2295 3494 Quum
2316 3423 2608 3475 OEcemni...
2635 3431 2817 3474 exurat
2838 3419 2930 3471 ⁸5⁰·

1980 3501 2208 3555 «lent...
2225 3541 2237 3552 .
2269 3499 2575 3553 scholastici
2608 3500 2928 3553 declamatores

1978 3601 2246 3655 ponere:
2262 3579 2534 3634 Deliberat
2547 3581 2735 3634 Cicero
2747 3618 2762 3647 ‚
2776 3597 2831 3631 an
2845 3591 2930 3650 pro·

1979 3663 2258 3714 ·mittente
2292 3659 2518 3713 salutem
2552 3661 2812 3724 Antonio,
2841 3672 2928 3707 ora·

1979 3742 2189 3791 «tiones
2227 3757 2352 3792 suaa
2395 3738 2694 3792 comburat.
2715 3763 2737 3786 n
2774 3738 2924 3790 Senem

1971 3830 2138 3888 pater,
2160 3836 2216 3889 p.
2244 3819 2357 3889 Bip.
2383 3818 2473 3887 37,
2494 3822 2652 3890 cujus
2670 3816 2706 3870 6
2724 3829 2773 3870 et
2794 3834 2820 3885 7
2839 3830 2928 3865 sua·

1973 3899 2119 3948 soria
2152 3909 2277 3948 eunt
2306 3895 2375 3948 de
2405 3897 2663 3948 Cicerone
2694 3909 2745 3948 et
2773 3893 2832 3945 de
2853 3891 2923 3942 lunc

1969 3977 2084 4048 ipsa
2104 3994 2178 4027 re.
2200 3975 2400 4029 Seneca
2417 3989 2642 4029 tamen·
2618 3977 2841 4047 «liniue,
2855 3971 2925 4027 ait

1976 4055 2265 4107 «suasoria
2305 4054 2522 4107 alteram
2564 4068 2767 4127 partem
2803 4050 2927 4102 nemi-

1974 4151 2141 4188 ·nem
2163 4136 2275 4185 scio
2298 4132 2685 4186 declamasse.
2715 4135 2764 4183 P
2788 4130 2859 4196 4¹·

2039 4213 2089 4281 4.
2110 4211 2476 4286 Aueqabimus.
2501 4212 2643 4267 Cave
2667 4213 2921 4282 interprete·
