3200 5150
674 1121 738 1159 10

670 2506 730 2562 ¹.²

782 531 909 597 270
1344 503 1440 569 Μ.
1476 504 1706 570 FABu
1742 502 2301 588 Qum‘mfflmr

776 628 1169 704 cacozelioe¹
1210 654 1464 728 genere
1504 646 1905 727 peccantes,
1953 649 2220 701 certum
2265 627 2531 721 habeo,
2573 655 2720 706 non
2759 632 2868 704 vi·-

776 749 996 837 rium,
1044 745 1166 819 sed
1207 744 1626 817 infirmitatis
1660 743 1824 816 vitio
1863 744 2218 817 laborare:
2267 766 2347 852 ut
2390 771 2682 848 corpora
2719 773 2868 822 non

776 863 1018 934 robore
1036 916 1057 950 ,
1086 859 1208 933 sed
1238 858 1634 956 valetudine
1663 857 2034 949 inflantur3
2063 879 2133 930 et
2159 879 2341 933 recto
2372 859 2615 934 itinere
2648 862 2869 963 lapsi²

774 977 1191 1075 plerumque
1227 974 1591 1046 devertunt
1605 971 1660 1045 ³.
1690 973 1838 1045 Erit
1869 999 2034 1073 ergo
2064 973 2422 1047 obscurior
2449 975 2658 1049 etiarn
2676 1033 2699 1066 ,
2726 1004 2871 1077 quo

773 1090 1067 1191 quisque
1102 1088 1416 1161 deterior.
1459 1091 1620 1162 Non
1662 1088 1911 1161 excidit
1942 1089 2157 1180 mihi,
2205 1090 2550 1192 scripsisse
2585 1118 2705 1166 me
2746 1090 2872 1166 in4

771 1205 947 1278 libro
989 1203 1215 1303 priore
1233 1201 1287 1296 ⁵,
1330 1230 1555 1301 quum
1598 1202 1942 1302 potiorem
1986 1203 2060 1275 in
2108 1204 2362 1278 scholis
2402 1206 2868 1280 eruditionem

771 1346 955 1408 esse,
997 1345 1214 1416 quam
1258 1317 1492 1407 domi,
1531 1316 1876 1408 dicerem,
1919 1317 2248 1391 libentius
2279 1346 2351 1393 se
2385 1320 2616 1422 prima
2644 1321 2874 1394 studia

769 1455 1180 1533 tenerosque
1208 1433 1557 1534 profectus
1581 1433 1672 1505 ad
1702 1433 2162 1507 imitationem
2191 1435 2865 1536 condiscipulorum,

771 1575 927 1649 quae
951 1548 1220 1622 facilior
1240 1568 1446 1639 esset,
1476 1548 1775 1648 erigere3
1800 1549 1993 1649 quod
2015 1576 2056 1622 a
2080 1550 2505 1651 quibusdam
2530 1552 2625 1624 sic
2648 1553 2870 1652 accipi

771 1685 1033 1766 potest,
1088 1684 1453 1763 tamquam
1504 1663 1653 1737 haec
1676 1720 1697 1754 ,
1748 1690 1965 1764 quam
2012 1691 2207 1737 nunc
2251 1687 2484 1756 tueor,
2529 1668 2873 1740 sententia

772 1778 982 1880 priori
1028 1777 1293 1850 diversa
1331 1779 1436 1850 sit.
1480 1777 1563 1848 ld
1602 1805 1646 1849 a
1684 1804 1801 1851 me
1842 1777 2088 1877 procul
2133 1779 2386 1871 aberit3
2432 1807 2742 1881 namque
2787 1807 2872 1853 ea

771 1922 980 1967 causa
1010 1893 1130 1966 vel
1158 1894 1464 1967 maxima
1509 1916 1648 1983 eat,
1690 1921 1817 1966 cur
1857 1895 2124 1994 optimo
2166 1896 2423 1995 cuique
2468 1898 2868 1998 praeceptori

772 2010 855 2081 sit
885 2008 1262 2082 tradendus
1294 2034 1494 2107 puer,
1530 2008 1723 2109 quod
1758 2007 1949 2110 apud
1981 2033 2148 2082 eum
2185 2008 2508 2109 discipuli
2541 2037 2824 2113 quoque
2847 2069 2869 2103 ‚

773 2123 1023 2196 melius
1059 2122 1390 2213 instituti,
1418 2142 1540 2195 aut
1569 2121 1875 2212 dicent⁶‚
1902 2123 2095 2222 quod
2130 2123 2376 2196 inutile
2409 2151 2555 2196 non
2587 2125 2675 2198 sit
2700 2126 2868 2198 imi-

769 2239 895 2310 tari
914 2269 932 2327 ;
963 2258 1116 2329 aut,
1151 2238 1207 2310 si
1240 2237 1414 2338 quid
1446 2238 1855 2326 erraverint,
1892 2237 2121 2310 statim
2155 2238 2621 2337 corrigentur:
2661 2261 2732 2312 at
2763 2241 2871 2313 in-

770 2354 1013 2426 doctus
1055 2350 1172 2424 ille
1222 2352 1431 2424 etiam
1474 2351 1798 2450 probabit
1836 2353 2119 2425 fortasse
2158 2352 2436 2444 vitiosa,
2483 2375 2552 2427 et
2595 2353 2867 2453 placere

771 2466 1214 2542 audientibus
1238 2466 1507 2566 judicio
1532 2492 1659 2539 suo
1693 2487 1911 2565 coget.
1944 2463 2044 2540 Sit
2067 2493 2262 2567 ergo,
2295 2490 2438 2541 tam
2469 2469 2870 2568 eloquentia

768 2610 985 2684 quam
1018 2581 1368 2671 moribus,
1398 2580 2033 2680 praestantissimus,
2067 2583 2188 2683 qui
2222 2584 2312 2655 ad
2347 2584 2688 2658 Phoenicis
2720 2589 2869 2660 Ho-

769 2696 1052 2772 merie-iv
1085 2694 1488 2793 exemplum
1518 2694 1745 2768 dicere
1772 2723 1851 2769 ac
1875 2698 2100 2770 facere
2129 2696 2391 2771 doceat.

774 2900 797 2923 a
817 2873 1072 2928 centibus.
1091 2898 1115 2922 ι
1132 2875 1268 2941 Vffl,
1283 2873 1334 2939 3,
1350 2890 1401 2944 7,
1416 2873 1615 2927 Seneca
1628 2887 1737 2946 pat.
1750 2909 1770 2943 ‚

766 2977 820 3029 p.
846 2953 975 3021 285,
1001 2976 1024 3001 ι
1040 2963 1293 3025 cormptoe
1315 2954 1599 3005 sententiae.
1624 2977 1648 3001 ι»
1675 2955 1769 3020 It.‚

766 3056 821 3109 p.
867 3035 993 3101 183,
1029 3054 1053 3081 ι
1074 3033 1238 3085 multa
1267 3032 1407 3085 bene
1438 3031 1580 3084 diota
1612 3046 1765 3100 sunt,

770 3136 795 3162 ι
813 3114 979 3168 multa
1000 3123 1250 3185 compte.
1272 3136 1296 3160 ι»
1322 3114 1390 3165 Et
1411 3128 1565 3184 sepe.

842 3213 888 3248 ι.
909 3192 1197 3249 eacozelioe.
1214 3191 1389 3246 Guelf.
1404 3191 1647 3257 cacexia,
1666 3192 1770 3243 mi-

764 3292 822 3328 re
841 3313 859 3341 ‚
909 3291 1083 3344 neque
1132 3270 1488 3345 spernendum
1504 3310 1521 3338 ,
1572 3273 1618 3324 si
1655 3275 1769 3344 jam

762 3370 908 3406 nunc
934 3355 990 3404 in
1016 3350 1357 3403 translatione
1384 3368 1710 3402 versaremur
1737 3368 1769 3402 a

764 3430 1062 3484 valetudine
1084 3431 1265 3501 petita.
1287 3427 1391 3482 Sed
1413 3441 1493 3480 est
1513 3429 1765 3481 fortuitus

764 3529 925 3562 error.
949 3536 1022 3550 -
1047 3505 1310 3561 cacozelia
1332 3520 1508 3560 autem
1532 3520 1613 3559 est
1637 3525 1766 3579 pra-

763 3608 888 3642 vum
934 3588 1241 3641 imitationis
1291 3584 1523 3638 studium
1537 3623 1554 3653 ‚
1602 3586 1766 3639 veluti

763 3671 808 3723 si
837 3668 952 3740 quis
978 3668 1033 3717 in
1059 3666 1298 3718 oratione
1316 3677 1633 3717 vetustatem
1649 3664 1765 3718 Sal—

760 3749 1044 3801 lustianam
1059 3783 1076 3811 ,
1097 3746 1154 3797 in
1176 3746 1406 3797 carmine
1428 3747 1766 3817 asperitatem

761 3827 1138 3892 catullianum,
1167 3837 1258 3877 aut
1284 3825 1541 3896 Propertii
1567 3842 1764 3877 mcom-

759 3913 966 3982 positoa
988 3924 1169 3959 versus
1191 3905 1479 3958 aemuletur.
1502 3906 1596 3957 En.

835 4007 884 4041 2.
905 3986 1076 4059 lapsi.
1099 3988 1273 4039 Tui-ic.
1292 3985 1412 4038 lassi
1428 4002 1549 4037 cum
1563 3985 1759 4040 multis.

763 4095 831 4109 —
854 4070 916 4120 R.
943 4065 975 4119 5
998 4078 1055 4118 et
1073 4066 1265 4132 Carum,
1288 4062 1421 4118 lassi.
1447 4066 1539 4118 En.

834 4146 884 4198 3.
911 4146 1217 4208 Devermnt,
1239 4162 1430 4216 nempe
1453 4146 1508 4196 in
1529 4142 1765 4217 hospitia

761 4238 817 4279 et
835 4226 908 4277 sic
922 4224 1120 4277 tardius
1132 4225 1349 4277 veniunt
1363 4221 1433 4276 ad
1444 4222 1763 4278 destinatum

1855 2873 2035 2927 locum
2050 2913 2067 2943 ,
2096 2894 2287 2947 quem,
2320 2878 2364 2928 ai
2391 2888 2588 2928 rectam
2613 2878 2753 2929 viam
2777 2891 2860 2931 te-

1854 2954 2096 3006 nuissent
2110 2992 2128 3019 ,
2169 2972 2235 3006 eo
2270 2955 2388 3026 ipso
2424 2954 2513 3007 die
2549 2957 2858 3026 attigissent.

1855 3035 2010 3086 Recto
2034 3035 2215 3087 itinere
2236 3034 2370 3107 lapsi
2385 3033 2519 3106 (non
2537 3035 2657 3089 lassi
2663 3075 2680 3102 ,
2700 3052 2763 3090 ut
2779 3052 2861 3091 est

1853 3114 1911 3165 in
1933 3112 2139 3184 aliquot
2158 3112 2353 3184 Codd.)
2371 3114 2446 3166 sic
2466 3112 2732 3182 dicuntur,
2751 3130 2813 3168 ut
2831 3134 2861 3167 a

1855 3193 2055 3245 Seneca
2074 3191 2142 3246 de
2158 3194 2279 3279 νέω
2299 3191 2481 3260 beata,
2499 3213 2547 3246 c.
2576 3212 2624 3261 1,
2641 3195 2729 3247 via
2751 3194 2861 3268 lap·

1852 3288 1951 3324 sus.
1978 3272 2031 3325 si
2054 3270 2174 3324 lassi
2189 3271 2442 3327 voluisset
2461 3275 2568 3343 Qu.
2592 3278 2860 3346 posuisset

1856 3362 1977 3403 ante
2007 3358 2140 3402 recto
2168 3351 2224 3402 it.
2253 3378 2327 3391 —-
2350 3353 2412 3405 R.
2450 3369 2469 3404 1
2505 3364 2559 3405 et
2583 3354 2745 3405 Cum
2773 3353 2859 3407 di-

1855 3438 2076 3482 vertunt.
2102 3432 2195 3483 En.

1924 3510 1975 3576 4.
1987 3510 2172 3582 Sor-ips.
2188 3529 2272 3561 me
2286 3510 2358 3563 ἰη.
2369 3510 2543 3564 Guelf.
2561 3530 2683 3564 cum
2693 3510 2853 3565 Goth.

1854 3591 2049 3641 omittit
2080 3608 2164 3641 me
2183 3612 2198 3641 .·
2237 3589 2380 3661 quod
2412 3590 2588 3663 placet
2613 3591 2774 3645 Gesn.
2804 3603 2857 3645 et

1851 3668 2180 3739 Heusinger-o
2196 3669 2250 3721 in
2265 3668 2650 3738 Hellenolexia,
2662 3690 2719 3744 p.
2739 3689 2759 3722 r
2770 3688 2798 3723 a
2809 3688 2827 3722 ι
2839 3709 2852 3721 .

1924 3745 1975 3800 5.
2000 3747 2151 3800 Libro
2170 3748 2357 3820 priore.
2381 3748 2511 3821 Cap.
2540 3767 2599 3816 a,
2626 3749 2711 3802 26.

1921 3826 1972 3879 6.
2003 3826 2206 3879 Dicent.
2235 3830 2411 3881 Turio.
2443 3840 2496 3880 et
2521 3826 2682 3881 Goth.
2715 3826 2847 3900 (tac.

1847 3904 2121 3977 Gesner-o)
2159 3906 2352 3960 discent
2390 3925 2514 3958 cum
2554 3920 2636 3959 sat
2674 3906 2848 3960 multia

1846 3982 2049 4051 codd„
2080 3985 2247 4050 male3
2279 3985 2454 4037 dicent
2478 3988 2620 4038 enim
2644 3997 2847 4057 spectat

1850 4062 1920 4116 ad
1941 4063 2187 4117 dictiones
2207 4063 2604 4138 discipulorum,
2623 4066 2696 4132 Π,
2717 4081 2745 4116 2
2759 4102 2777 4132 ,
2793 4063 2843 4115 6.

1847 4142 2022 4198 Guelf.
2048 4157 2313 4217 receptam
2339 4144 2447 4198 dat.

1921 4240 1973 4295 7.
1994 4222 2252 4280 Phoenicis
2268 4224 2427 4280 Hom.
2448 4222 2594 4279 Iliad.
2614 4224 2705 4292 IX,
2723 4221 2845 4291 ⁴42,
