<?xml version="1.0" encoding="UTF-8"?>
<!DOCTYPE html PUBLIC "-//W3C//DTD XHTML 1.0 Transitional//EN"
    "http://www.w3.org/TR/xhtml1/DTD/xhtml1-transitional.dtd">
<html xmlns="http://www.w3.org/1999/xhtml" xml:lang="en" lang="en">
 <head>
  <title>
</title>
<meta http-equiv="Content-Type" content="text/html;charset=utf-8" />
  <meta name='ocr-system' content='tesseract 3.04.00' />
  <meta name='ocr-capabilities' content='ocr_page ocr_carea ocr_par ocr_line ocrx_word'/>
</head>
<body>
  <div class='ocr_page' id='page_1' title='image "./deinstitutioneo12quingoog_0326.png"; bbox 0 0 3200 5150; ppageno 0'>
   <div class='ocr_carea' id='block_1_1' title="bbox 832 488 2349 572">
    <p class='ocr_par' dir='ltr' id='par_1_1' title="bbox 832 488 2349 572">
     <span class='ocr_line' id='line_1_1' title="bbox 832 488 2349 572; baseline -0.005 -11"><span class='ocrx_word' id='word_1_1' title='bbox 832 495 961 561; x_wconf 82' lang='lat'><strong>300</strong></span> <span class='ocrx_word' id='word_1_2' title='bbox 1245 525 1249 538; x_wconf 38' lang='grc' dir='ltr'><em>ψ</em></span> <span class='ocrx_word' id='word_1_3' title='bbox 1389 493 1483 558; x_wconf 85' lang='grc' dir='ltr'><strong>Μ.</strong></span> <span class='ocrx_word' id='word_1_4' title='bbox 1522 491 1752 556; x_wconf 74' lang='lat' dir='ltr'><strong>FABu</strong></span> <span class='ocrx_word' id='word_1_5' title='bbox 1788 488 2349 572; x_wconf 67' lang='lat' dir='ltr'><strong>Qum‘rmfflr</strong></span> 
     </span>
    </p>
   </div>
   <div class='ocr_carea' id='block_1_2' title="bbox 752 613 2932 3018">
    <p class='ocr_par' dir='ltr' id='par_1_2' title="bbox 752 613 2932 3018">
     <span class='ocr_line' id='line_1_2' title="bbox 830 613 2922 717; baseline -0.003 -26"><span class='ocrx_word' id='word_1_6' title='bbox 830 638 1066 690; x_wconf 89' lang='lat' dir='ltr'><strong>notare</strong></span> <span class='ocrx_word' id='word_1_7' title='bbox 1097 614 1496 689; x_wconf 87' lang='lat' dir='ltr'><strong>discrimina</strong></span> <span class='ocrx_word' id='word_1_8' title='bbox 1518 613 2001 717; x_wconf 84' lang='lat' dir='ltr'><strong>ingeniorum,</strong></span> <span class='ocrx_word' id='word_1_9' title='bbox 2036 634 2105 686; x_wconf 81' lang='lat' dir='ltr'><strong>et</strong></span> <span class='ocrx_word' id='word_1_10' title='bbox 2130 639 2273 713; x_wconf 90' lang='lat' dir='ltr'><strong>quo</strong></span> <span class='ocrx_word' id='word_1_11' title='bbox 2295 636 2655 712; x_wconf 83' lang='lat' dir='ltr'><strong>quemque</strong></span> <span class='ocrx_word' id='word_1_12' title='bbox 2677 632 2922 685; x_wconf 82' lang='lat' dir='ltr'><strong>natura</strong></span> 
     </span>
     <span class='ocr_line' id='line_1_3' title="bbox 829 726 2918 827; baseline -0.003 -21"><span class='ocrx_word' id='word_1_13' title='bbox 829 732 1133 806; x_wconf 86' lang='lat' dir='ltr'>maxime</span> <span class='ocrx_word' id='word_1_14' title='bbox 1168 733 1378 822; x_wconf 81' lang='lat' dir='ltr'><strong>ferat,</strong></span> <span class='ocrx_word' id='word_1_15' title='bbox 1412 730 1610 804; x_wconf 89' lang='lat' dir='ltr'><strong>scire.</strong></span> <span class='ocrx_word' id='word_1_16' title='bbox 1645 733 1830 803; x_wconf 89' lang='lat' dir='ltr'><strong>Nam</strong></span> <span class='ocrx_word' id='word_1_17' title='bbox 1867 748 1968 804; x_wconf 83' lang='lat' dir='ltr'><strong>est</strong></span> <span class='ocrx_word' id='word_1_18' title='bbox 2006 728 2081 801; x_wconf 91' lang='lat' dir='ltr'><strong>in</strong></span> <span class='ocrx_word' id='word_1_19' title='bbox 2112 728 2245 802; x_wconf 91' lang='lat' dir='ltr'><strong>hoc</strong></span> <span class='ocrx_word' id='word_1_20' title='bbox 2281 726 2710 802; x_wconf 87' lang='lat' dir='ltr'><strong>incredibilis</strong></span> <span class='ocrx_word' id='word_1_21' title='bbox 2741 753 2918 827; x_wconf 80' lang='lat' dir='ltr'><strong>quae·</strong></span> 
     </span>
     <span class='ocr_line' id='line_1_4' title="bbox 830 845 2922 947; baseline -0.002 -27"><span class='ocrx_word' id='word_1_22' title='bbox 830 848 995 921; x_wconf 90' lang='lat' dir='ltr'><strong>dam</strong></span> <span class='ocrx_word' id='word_1_23' title='bbox 1036 847 1358 937; x_wconf 70' lang='lat' dir='ltr'><strong>varietae,</strong></span> <span class='ocrx_word' id='word_1_24' title='bbox 1394 873 1525 920; x_wconf 88' lang='lat' dir='ltr'><strong>nec</strong></span> <span class='ocrx_word' id='word_1_25' title='bbox 1569 846 1928 947; x_wconf 83' lang='lat' dir='ltr'><strong>pauciores</strong></span> <span class='ocrx_word' id='word_1_26' title='bbox 1962 845 2365 918; x_wconf 82' lang='lat' dir='ltr'><strong>animorum</strong></span> <span class='ocrx_word' id='word_1_27' title='bbox 2403 869 2601 944; x_wconf 80' lang='lat' dir='ltr'><strong>paene</strong></span> <span class='ocrx_word' id='word_1_28' title='bbox 2623 857 2674 934; x_wconf 88' lang='lat'><strong>¹,</strong></span> <span class='ocrx_word' id='word_1_29' title='bbox 2708 869 2922 943; x_wconf 84' lang='lat' dir='ltr'><strong>quam</strong></span> 
     </span>
     <span class='ocr_line' id='line_1_5' title="bbox 760 958 2922 1063; baseline -0.003 -26"><span class='ocrx_word' id='word_1_30' title='bbox 760 1001 791 1037; x_wconf 62' lang='grc' dir='ltr'>α</span> <span class='ocrx_word' id='word_1_31' title='bbox 829 990 1237 1063; x_wconf 86' lang='lat' dir='ltr'><strong>corporum,</strong></span> <span class='ocrx_word' id='word_1_32' title='bbox 1266 964 1577 1037; x_wconf 78' lang='lat' dir='ltr'><strong>formae2.</strong></span> <span class='ocrx_word' id='word_1_33' title='bbox 1609 961 1829 1053; x_wconf 87' lang='lat' dir='ltr'><strong>Quod</strong></span> <span class='ocrx_word' id='word_1_34' title='bbox 1850 959 2143 1060; x_wconf 76' lang='lat' dir='ltr'><strong>intelligi</strong></span> <span class='ocrx_word' id='word_1_35' title='bbox 2166 960 2376 1033; x_wconf 87' lang='lat' dir='ltr'><strong>etiam</strong></span> <span class='ocrx_word' id='word_1_36' title='bbox 2401 986 2484 1036; x_wconf 84' lang='lat' dir='ltr'><strong>ex</strong></span> <span class='ocrx_word' id='word_1_37' title='bbox 2506 958 2677 1059; x_wconf 88' lang='lat' dir='ltr'><strong>ipsis</strong></span> <span class='ocrx_word' id='word_1_38' title='bbox 2693 979 2922 1031; x_wconf 87' lang='lat' dir='ltr'><strong>orato-</strong></span> 
     </span>
     <span class='ocr_line' id='line_1_6' title="bbox 826 1073 2922 1178; baseline -0.002 -27"><span class='ocrx_word' id='word_1_39' title='bbox 826 1077 1019 1151; x_wconf 86' lang='lat' dir='ltr'><strong>ribus</strong></span> <span class='ocrx_word' id='word_1_40' title='bbox 1041 1099 1294 1178; x_wconf 87' lang='lat' dir='ltr'><strong>potest,</strong></span> <span class='ocrx_word' id='word_1_41' title='bbox 1316 1078 1438 1177; x_wconf 90' lang='lat' dir='ltr'><strong>qui</strong></span> <span class='ocrx_word' id='word_1_42' title='bbox 1462 1097 1737 1151; x_wconf 89' lang='lat' dir='ltr'><strong>tantum</strong></span> <span class='ocrx_word' id='word_1_43' title='bbox 1762 1077 1942 1176; x_wconf 86' lang='lat' dir='ltr'><strong>inter</strong></span> <span class='ocrx_word' id='word_1_44' title='bbox 1963 1102 2034 1149; x_wconf 88' lang='lat' dir='ltr'><strong>se</strong></span> <span class='ocrx_word' id='word_1_45' title='bbox 2058 1075 2314 1148; x_wconf 87' lang='lat' dir='ltr'><strong>distant</strong></span> <span class='ocrx_word' id='word_1_46' title='bbox 2334 1100 2587 1174; x_wconf 87' lang='lat' dir='ltr'><strong>genere</strong></span> <span class='ocrx_word' id='word_1_47' title='bbox 2613 1073 2922 1163; x_wconf 87' lang='lat' dir='ltr'><strong>dicendi,</strong></span> 
     </span>
     <span class='ocr_line' id='line_1_7' title="bbox 829 1190 2924 1292; baseline -0.002 -27"><span class='ocrx_word' id='word_1_48' title='bbox 829 1213 909 1266; x_wconf 89' lang='lat' dir='ltr'><strong>ut</strong></span> <span class='ocrx_word' id='word_1_49' title='bbox 929 1220 1143 1267; x_wconf 89' lang='lat' dir='ltr'><strong>nemo</strong></span> <span class='ocrx_word' id='word_1_50' title='bbox 1165 1194 1251 1265; x_wconf 90' lang='lat' dir='ltr'><strong>sit</strong></span> <span class='ocrx_word' id='word_1_51' title='bbox 1267 1192 1462 1265; x_wconf 88' lang='lat' dir='ltr'><strong>alteri</strong></span> <span class='ocrx_word' id='word_1_52' title='bbox 1483 1190 1730 1267; x_wconf 85' lang='lat' dir='ltr'><strong>similis</strong></span> <span class='ocrx_word' id='word_1_53' title='bbox 1749 1222 1767 1281; x_wconf 82' lang='lat'><em>3</em></span> <span class='ocrx_word' id='word_1_54' title='bbox 1791 1191 2110 1292; x_wconf 88' lang='lat' dir='ltr'><strong>quamvis</strong></span> <span class='ocrx_word' id='word_1_55' title='bbox 2135 1190 2422 1292; x_wconf 88' lang='lat' dir='ltr'><strong>plurimi</strong></span> <span class='ocrx_word' id='word_1_56' title='bbox 2440 1217 2513 1262; x_wconf 88' lang='lat' dir='ltr'><strong>se</strong></span> <span class='ocrx_word' id='word_1_57' title='bbox 2533 1190 2623 1262; x_wconf 90' lang='lat' dir='ltr'><strong>ad</strong></span> <span class='ocrx_word' id='word_1_58' title='bbox 2642 1216 2888 1262; x_wconf 89' lang='lat' dir='ltr'><strong>eorum</strong></span> <span class='ocrx_word' id='word_1_59' title='bbox 2901 1244 2924 1279; x_wconf 88' lang='lat'><strong>,</strong></span> 
     </span>
     <span class='ocr_line' id='line_1_8' title="bbox 757 1302 2925 1406; baseline -0.003 -24"><span class='ocrx_word' id='word_1_60' title='bbox 757 1327 793 1382; x_wconf 87' lang='grc'>3</span> <span class='ocrx_word' id='word_1_61' title='bbox 828 1333 1005 1406; x_wconf 91' lang='lat' dir='ltr'><strong>quos</strong></span> <span class='ocrx_word' id='word_1_62' title='bbox 1024 1305 1479 1406; x_wconf 67' lang='lat' dir='ltr'><strong>probabant-³,</strong></span> <span class='ocrx_word' id='word_1_63' title='bbox 1495 1306 1957 1379; x_wconf 88' lang='lat' dir='ltr'><strong>imitationem</strong></span> <span class='ocrx_word' id='word_1_64' title='bbox 1974 1304 2514 1405; x_wconf 81' lang='lat' dir='ltr'><strong>composuerint.</strong></span> <span class='ocrx_word' id='word_1_65' title='bbox 2531 1302 2719 1377; x_wconf 86' lang='lat' dir='ltr'><strong>Utile</strong></span> <span class='ocrx_word' id='word_1_66' title='bbox 2741 1304 2925 1377; x_wconf 89' lang='lat' dir='ltr'><strong>dein-</strong></span> 
     </span>
     <span class='ocr_line' id='line_1_9' title="bbox 827 1419 2932 1522; baseline -0.001 -28"><span class='ocrx_word' id='word_1_67' title='bbox 827 1422 915 1494; x_wconf 87' lang='lat' dir='ltr'><strong>de</strong></span> <span class='ocrx_word' id='word_1_68' title='bbox 948 1422 1296 1522; x_wconf 87' lang='lat' dir='ltr'><strong>plerisque</strong></span> <span class='ocrx_word' id='word_1_69' title='bbox 1327 1422 1554 1495; x_wconf 85' lang='lat' dir='ltr'><strong>visum</strong></span> <span class='ocrx_word' id='word_1_70' title='bbox 1590 1443 1690 1496; x_wconf 87' lang='lat' dir='ltr'><strong>est</strong></span> <span class='ocrx_word' id='word_1_71' title='bbox 1720 1422 1814 1494; x_wconf 92' lang='lat' dir='ltr'><strong>ita</strong></span> <span class='ocrx_word' id='word_1_72' title='bbox 1847 1447 2208 1522; x_wconf 86' lang='lat' dir='ltr'><strong>quemque</strong></span> <span class='ocrx_word' id='word_1_73' title='bbox 2242 1419 2631 1510; x_wconf 82' lang='lat' dir='ltr'><strong>instituere,</strong></span> <span class='ocrx_word' id='word_1_74' title='bbox 2656 1441 2736 1491; x_wconf 91' lang='lat' dir='ltr'><strong>ut</strong></span> <span class='ocrx_word' id='word_1_75' title='bbox 2769 1447 2932 1519; x_wconf 88' lang='lat' dir='ltr'><strong>pro-</strong></span> 
     </span>
     <span class='ocr_line' id='line_1_10' title="bbox 827 1534 2924 1636; baseline 0 -29"><span class='ocrx_word' id='word_1_76' title='bbox 827 1536 979 1636; x_wconf 88' lang='lat' dir='ltr'><strong>pria</strong></span> <span class='ocrx_word' id='word_1_77' title='bbox 1001 1557 1263 1610; x_wconf 83' lang='lat' dir='ltr'><strong>naturae</strong></span> <span class='ocrx_word' id='word_1_78' title='bbox 1284 1536 1474 1609; x_wconf 84' lang='lat' dir='ltr'><strong>bona</strong></span> <span class='ocrx_word' id='word_1_79' title='bbox 1493 1536 1807 1608; x_wconf 87' lang='lat' dir='ltr'><strong>doctrina</strong></span> <span class='ocrx_word' id='word_1_80' title='bbox 1828 1537 2174 1625; x_wconf 84' lang='lat' dir='ltr'><strong>foverent,</strong></span> <span class='ocrx_word' id='word_1_81' title='bbox 2200 1554 2268 1607; x_wconf 88' lang='lat' dir='ltr'><strong>et</strong></span> <span class='ocrx_word' id='word_1_82' title='bbox 2285 1535 2360 1606; x_wconf 89' lang='lat' dir='ltr'><strong>in</strong></span> <span class='ocrx_word' id='word_1_83' title='bbox 2385 1534 2457 1606; x_wconf 91' lang='lat' dir='ltr'><strong>id</strong></span> <span class='ocrx_word' id='word_1_84' title='bbox 2481 1534 2924 1633; x_wconf 85' lang='lat' dir='ltr'><strong>potissimum</strong></span> 
     </span>
     <span class='ocr_line' id='line_1_11' title="bbox 824 1648 2927 1752; baseline -0 -30"><span class='ocrx_word' id='word_1_85' title='bbox 824 1651 1140 1750; x_wconf 84' lang='lat' dir='ltr'><strong>ingenia,</strong></span> <span class='ocrx_word' id='word_1_86' title='bbox 1167 1678 1308 1751; x_wconf 91' lang='lat' dir='ltr'><strong>quo</strong></span> <span class='ocrx_word' id='word_1_87' title='bbox 1336 1651 1732 1740; x_wconf 87' lang='lat' dir='ltr'><strong>tenderent,</strong></span> <span class='ocrx_word' id='word_1_88' title='bbox 1758 1651 2288 1752; x_wconf 85' lang='lat' dir='ltr'><strong>adjuvarentur:</strong></span> <span class='ocrx_word' id='word_1_89' title='bbox 2319 1670 2398 1721; x_wconf 89' lang='lat' dir='ltr'><strong>ut</strong></span> <span class='ocrx_word' id='word_1_90' title='bbox 2423 1648 2480 1720; x_wconf 90' lang='lat' dir='ltr'><strong>si</strong></span> <span class='ocrx_word' id='word_1_91' title='bbox 2508 1649 2663 1749; x_wconf 90' lang='lat' dir='ltr'><strong>quis</strong></span> <span class='ocrx_word' id='word_1_92' title='bbox 2687 1648 2927 1747; x_wconf 84' lang='lat' dir='ltr'><strong>palaes-</strong></span> 
     </span>
     <span class='ocr_line' id='line_1_12' title="bbox 826 1765 2928 1868; baseline 0.001 -32"><span class='ocrx_word' id='word_1_93' title='bbox 826 1785 942 1838; x_wconf 81' lang='lat' dir='ltr'><strong>trae</strong></span> <span class='ocrx_word' id='word_1_94' title='bbox 956 1767 1217 1865; x_wconf 89' lang='lat' dir='ltr'><strong>peritus</strong></span> <span class='ocrx_word' id='word_1_95' title='bbox 1230 1822 1250 1855; x_wconf 91' lang='lat'><strong>,</strong></span> <span class='ocrx_word' id='word_1_96' title='bbox 1268 1792 1492 1866; x_wconf 89' lang='lat' dir='ltr'><strong>quum</strong></span> <span class='ocrx_word' id='word_1_97' title='bbox 1514 1767 1587 1838; x_wconf 90' lang='lat' dir='ltr'><strong>in</strong></span> <span class='ocrx_word' id='word_1_98' title='bbox 1608 1766 1893 1868; x_wconf 86' lang='lat' dir='ltr'><strong>aliquod</strong></span> <span class='ocrx_word' id='word_1_99' title='bbox 1910 1765 2208 1865; x_wconf 86' lang='lat' dir='ltr'><strong>plenum</strong></span> <span class='ocrx_word' id='word_1_100' title='bbox 2222 1765 2455 1867; x_wconf 88' lang='lat' dir='ltr'><strong>pueris</strong></span> <span class='ocrx_word' id='word_1_101' title='bbox 2473 1765 2928 1864; x_wconf 82' lang='lat' dir='ltr'><strong>gymnasium</strong></span> 
     </span>
     <span class='ocr_line' id='line_1_13' title="bbox 824 1879 2926 1982; baseline 0 -30"><span class='ocrx_word' id='word_1_102' title='bbox 824 1882 1120 1971; x_wconf 84' lang='lat' dir='ltr'><strong>venerit,</strong></span> <span class='ocrx_word' id='word_1_103' title='bbox 1160 1903 1476 1982; x_wconf 83' lang='lat' dir='ltr'><strong>expertus</strong></span> <span class='ocrx_word' id='word_1_104' title='bbox 1513 1909 1761 1956; x_wconf 88' lang='lat' dir='ltr'><strong>eorum</strong></span> <span class='ocrx_word' id='word_1_105' title='bbox 1799 1881 1997 1956; x_wconf 89' lang='lat' dir='ltr'><strong>omni</strong></span> <span class='ocrx_word' id='word_1_106' title='bbox 2035 1881 2249 1960; x_wconf 87' lang='lat' dir='ltr'><strong>modo</strong></span> <span class='ocrx_word' id='word_1_107' title='bbox 2282 1906 2534 1981; x_wconf 88' lang='lat' dir='ltr'><strong>corpus</strong></span> <span class='ocrx_word' id='word_1_108' title='bbox 2568 1879 2926 1952; x_wconf 88' lang='lat' dir='ltr'><strong>animum-</strong></span> 
     </span>
     <span class='ocr_line' id='line_1_14' title="bbox 821 1995 2923 2098; baseline -0 -30"><span class='ocrx_word' id='word_1_109' title='bbox 821 2024 959 2096; x_wconf 91' lang='lat' dir='ltr'><strong>que</strong></span> <span class='ocrx_word' id='word_1_110' title='bbox 977 2053 996 2086; x_wconf 95' lang='lat'><strong>,</strong></span> <span class='ocrx_word' id='word_1_111' title='bbox 1024 1996 1397 2090; x_wconf 86' lang='lat' dir='ltr'><strong>discernat,</strong></span> <span class='ocrx_word' id='word_1_112' title='bbox 1424 1998 1534 2070; x_wconf 89' lang='lat' dir='ltr'><strong>cui</strong></span> <span class='ocrx_word' id='word_1_113' title='bbox 1562 1998 1861 2098; x_wconf 90' lang='lat' dir='ltr'><strong>quisque</strong></span> <span class='ocrx_word' id='word_1_114' title='bbox 1891 1997 2252 2071; x_wconf 70' lang='lat' dir='ltr'><strong>certamini</strong></span> <span class='ocrx_word' id='word_1_115' title='bbox 2281 1997 2368 2068; x_wconf 85' lang='lat' dir='ltr'><strong>sit</strong></span> <span class='ocrx_word' id='word_1_116' title='bbox 2393 1995 2923 2096; x_wconf 83' lang='lat' dir='ltr'><strong>praeparandus;</strong></span> 
     </span>
     <span class='ocr_line' id='line_1_15' title="bbox 757 2111 2928 2213; baseline 0 -30"><span class='ocrx_word' id='word_1_117' title='bbox 757 2128 791 2196; x_wconf 73' lang='grc'>4</span> <span class='ocrx_word' id='word_1_118' title='bbox 819 2111 912 2184; x_wconf 90' lang='lat' dir='ltr'><strong>ita</strong></span> <span class='ocrx_word' id='word_1_119' title='bbox 939 2134 1433 2213; x_wconf 66' lang='lat' dir='ltr'><strong>praeceptorem</strong></span> <span class='ocrx_word' id='word_1_120' title='bbox 1450 2111 1484 2176; x_wconf 79' lang='lat'>4</span> <span class='ocrx_word' id='word_1_121' title='bbox 1509 2113 1924 2213; x_wconf 84' lang='lat' dir='ltr'><strong>eloquentiae</strong></span> <span class='ocrx_word' id='word_1_122' title='bbox 1944 2168 1964 2201; x_wconf 87' lang='lat'><strong>,</strong></span> <span class='ocrx_word' id='word_1_123' title='bbox 1988 2139 2215 2213; x_wconf 89' lang='lat' dir='ltr'><strong>quum</strong></span> <span class='ocrx_word' id='word_1_124' title='bbox 2239 2112 2572 2213; x_wconf 78' lang='lat' dir='ltr'><strong>sagaciter</strong></span> <span class='ocrx_word' id='word_1_125' title='bbox 2591 2112 2807 2185; x_wconf 88' lang='lat' dir='ltr'><strong>fuerit</strong></span> <span class='ocrx_word' id='word_1_126' title='bbox 2825 2112 2928 2184; x_wconf 90' lang='lat' dir='ltr'><strong>in-</strong></span> 
     </span>
     <span class='ocr_line' id='line_1_16' title="bbox 818 2226 2927 2329; baseline 0 -31"><span class='ocrx_word' id='word_1_127' title='bbox 818 2226 1060 2317; x_wconf 82' lang='lat' dir='ltr'><strong>tuitus,</strong></span> <span class='ocrx_word' id='word_1_128' title='bbox 1082 2227 1284 2329; x_wconf 87' lang='lat' dir='ltr'><strong>cujus</strong></span> <span class='ocrx_word' id='word_1_129' title='bbox 1305 2227 1671 2327; x_wconf 76' lang='lat' dir='ltr'><strong>ingenium</strong></span> <span class='ocrx_word' id='word_1_130' title='bbox 1694 2253 1927 2327; x_wconf 86' lang='lat' dir='ltr'><strong>presso</strong></span> <span class='ocrx_word' id='word_1_131' title='bbox 1947 2227 2327 2327; x_wconf 87' lang='lat' dir='ltr'><strong>limatoque</strong></span> <span class='ocrx_word' id='word_1_132' title='bbox 2347 2253 2601 2327; x_wconf 86' lang='lat' dir='ltr'><strong>genere</strong></span> <span class='ocrx_word' id='word_1_133' title='bbox 2622 2226 2927 2316; x_wconf 88' lang='lat' dir='ltr'><strong>dicendi,</strong></span> 
     </span>
     <span class='ocr_line' id='line_1_17' title="bbox 816 2340 2925 2443; baseline 0 -29"><span class='ocrx_word' id='word_1_134' title='bbox 816 2340 1018 2442; x_wconf 86' lang='lat' dir='ltr'><strong>cujus</strong></span> <span class='ocrx_word' id='word_1_135' title='bbox 1037 2343 1207 2432; x_wconf 87' lang='lat' dir='ltr'><strong>acri,</strong></span> <span class='ocrx_word' id='word_1_136' title='bbox 1232 2343 1415 2441; x_wconf 82' lang='lat' dir='ltr'><strong>gravi</strong></span> <span class='ocrx_word' id='word_1_137' title='bbox 1430 2399 1450 2434; x_wconf 93' lang='lat'><strong>,</strong></span> <span class='ocrx_word' id='word_1_138' title='bbox 1473 2342 1695 2435; x_wconf 89' lang='lat' dir='ltr'><strong>dulci,</strong></span> <span class='ocrx_word' id='word_1_139' title='bbox 1717 2369 1993 2443; x_wconf 88' lang='lat' dir='ltr'><strong>aspero,</strong></span> <span class='ocrx_word' id='word_1_140' title='bbox 2013 2342 2233 2415; x_wconf 89' lang='lat' dir='ltr'><strong>nitido</strong></span> <span class='ocrx_word' id='word_1_141' title='bbox 2248 2400 2269 2432; x_wconf 91' lang='lat'><strong>,</strong></span> <span class='ocrx_word' id='word_1_142' title='bbox 2291 2342 2562 2416; x_wconf 89' lang='lat' dir='ltr'><strong>urbano</strong></span> <span class='ocrx_word' id='word_1_143' title='bbox 2577 2399 2597 2432; x_wconf 93' lang='lat'><strong>,</strong></span> <span class='ocrx_word' id='word_1_144' title='bbox 2621 2342 2925 2415; x_wconf 77' lang='lat' dir='ltr'><strong>maxime</strong></span> 
     </span>
     <span class='ocr_line' id='line_1_18' title="bbox 815 2456 2927 2559; baseline 0.002 -32"><span class='ocrx_word' id='word_1_145' title='bbox 815 2456 1146 2556; x_wconf 82' lang='lat' dir='ltr'><strong>gaudeat3</strong></span> <span class='ocrx_word' id='word_1_146' title='bbox 1179 2459 1273 2529; x_wconf 91' lang='lat' dir='ltr'><strong>ita</strong></span> <span class='ocrx_word' id='word_1_147' title='bbox 1305 2485 1377 2530; x_wconf 90' lang='lat' dir='ltr'><strong>se</strong></span> <span class='ocrx_word' id='word_1_148' title='bbox 1410 2459 2029 2532; x_wconf 88' lang='lat' dir='ltr'><strong>commodaturum</strong></span> <span class='ocrx_word' id='word_1_149' title='bbox 2061 2457 2387 2558; x_wconf 88' lang='lat' dir='ltr'><strong>singulis,</strong></span> <span class='ocrx_word' id='word_1_150' title='bbox 2419 2479 2500 2531; x_wconf 93' lang='lat' dir='ltr'><strong>ut</strong></span> <span class='ocrx_word' id='word_1_151' title='bbox 2530 2458 2604 2531; x_wconf 90' lang='lat' dir='ltr'><strong>in</strong></span> <span class='ocrx_word' id='word_1_152' title='bbox 2633 2487 2751 2548; x_wconf 91' lang='lat' dir='ltr'><strong>eo,</strong></span> <span class='ocrx_word' id='word_1_153' title='bbox 2781 2486 2927 2559; x_wconf 88' lang='lat' dir='ltr'><strong>quo</strong></span> 
     </span>
     <span class='ocr_line' id='line_1_19' title="bbox 757 2571 2926 2676; baseline 0 -29"><span class='ocrx_word' id='word_1_154' title='bbox 757 2592 790 2647; x_wconf 78' lang='lat' dir='ltr'><strong>s</strong></span> <span class='ocrx_word' id='word_1_155' title='bbox 816 2571 1112 2672; x_wconf 88' lang='lat' dir='ltr'><strong>quisque</strong></span> <span class='ocrx_word' id='word_1_156' title='bbox 1142 2571 1436 2664; x_wconf 86' lang='lat' dir='ltr'><strong>eminet,</strong></span> <span class='ocrx_word' id='word_1_157' title='bbox 1468 2573 1919 2673; x_wconf 80' lang='lat' dir='ltr'><strong>provehatur3</strong></span> <span class='ocrx_word' id='word_1_158' title='bbox 1951 2575 2143 2676; x_wconf 90' lang='lat' dir='ltr'><strong>quod</strong></span> <span class='ocrx_word' id='word_1_159' title='bbox 2170 2595 2237 2647; x_wconf 90' lang='lat' dir='ltr'><strong>et</strong></span> <span class='ocrx_word' id='word_1_160' title='bbox 2259 2573 2497 2676; x_wconf 84' lang='lat' dir='ltr'><strong>adjuta</strong></span> <span class='ocrx_word' id='word_1_161' title='bbox 2522 2602 2691 2648; x_wconf 88' lang='lat' dir='ltr'><strong>cura</strong></span> <span class='ocrx_word' id='word_1_162' title='bbox 2722 2596 2926 2648; x_wconf 89' lang='lat' dir='ltr'><strong>uatu-</strong></span> 
     </span>
     <span class='ocr_line' id='line_1_20' title="bbox 813 2688 2926 2791; baseline 0.003 -31"><span class='ocrx_word' id='word_1_163' title='bbox 813 2715 890 2760; x_wconf 88' lang='lat' dir='ltr'><strong>ra</strong></span> <span class='ocrx_word' id='word_1_164' title='bbox 909 2689 1130 2788; x_wconf 79' lang='lat' dir='ltr'><strong>magis</strong></span> <span class='ocrx_word' id='word_1_165' title='bbox 1148 2688 1512 2781; x_wconf 78' lang='lat' dir='ltr'><strong>evalescat3</strong></span> <span class='ocrx_word' id='word_1_166' title='bbox 1539 2712 1608 2764; x_wconf 90' lang='lat' dir='ltr'><strong>et</strong></span> <span class='ocrx_word' id='word_1_167' title='bbox 1629 2692 1753 2791; x_wconf 92' lang='lat' dir='ltr'><strong>qui</strong></span> <span class='ocrx_word' id='word_1_168' title='bbox 1777 2691 1852 2763; x_wconf 88' lang='lat' dir='ltr'><strong>in</strong></span> <span class='ocrx_word' id='word_1_169' title='bbox 1878 2690 2186 2765; x_wconf 84' lang='lat' dir='ltr'><strong>diversa⁵</strong></span> <span class='ocrx_word' id='word_1_170' title='bbox 2208 2691 2525 2783; x_wconf 87' lang='lat' dir='ltr'><strong>ducatur,</strong></span> <span class='ocrx_word' id='word_1_171' title='bbox 2553 2719 2681 2766; x_wconf 88' lang='lat' dir='ltr'><strong>nec</strong></span> <span class='ocrx_word' id='word_1_172' title='bbox 2708 2693 2784 2767; x_wconf 92' lang='lat' dir='ltr'><strong>in</strong></span> <span class='ocrx_word' id='word_1_173' title='bbox 2807 2692 2926 2781; x_wconf 80' lang='lat' dir='ltr'><strong>iis,</strong></span> 
     </span>
     <span class='ocr_line' id='line_1_21' title="bbox 811 2802 2924 2906; baseline 0.001 -30"><span class='ocrx_word' id='word_1_174' title='bbox 811 2802 1071 2904; x_wconf 88' lang='lat' dir='ltr'><strong>quibus</strong></span> <span class='ocrx_word' id='word_1_175' title='bbox 1109 2804 1345 2876; x_wconf 89' lang='lat' dir='ltr'><strong>minus</strong></span> <span class='ocrx_word' id='word_1_176' title='bbox 1377 2827 1578 2906; x_wconf 88' lang='lat' dir='ltr'><strong>aptus</strong></span> <span class='ocrx_word' id='word_1_177' title='bbox 1619 2826 1756 2896; x_wconf 90' lang='lat' dir='ltr'><strong>est,</strong></span> <span class='ocrx_word' id='word_1_178' title='bbox 1792 2806 1949 2880; x_wconf 88' lang='lat' dir='ltr'><strong>satis</strong></span> <span class='ocrx_word' id='word_1_179' title='bbox 1988 2806 2201 2906; x_wconf 89' lang='lat' dir='ltr'><strong>possit</strong></span> <span class='ocrx_word' id='word_1_180' title='bbox 2238 2807 2552 2896; x_wconf 84' lang='lat' dir='ltr'><strong>efficere,</strong></span> <span class='ocrx_word' id='word_1_181' title='bbox 2589 2828 2656 2879; x_wconf 90' lang='lat' dir='ltr'><strong>et</strong></span> <span class='ocrx_word' id='word_1_182' title='bbox 2688 2833 2806 2897; x_wconf 90' lang='lat' dir='ltr'><strong>ea,</strong></span> <span class='ocrx_word' id='word_1_183' title='bbox 2843 2806 2924 2880; x_wconf 93' lang='lat' dir='ltr'><strong>in</strong></span> 
     </span>
     <span class='ocr_line' id='line_1_22' title="bbox 752 2917 2926 3018; baseline 0 -24"><span class='ocrx_word' id='word_1_184' title='bbox 752 2940 788 2994; x_wconf 85' lang='lat'><strong>6</strong></span> <span class='ocrx_word' id='word_1_185' title='bbox 814 2944 968 3018; x_wconf 81' lang='lat' dir='ltr'><strong>quae</strong></span> <span class='ocrx_word' id='word_1_186' title='bbox 1001 2939 1201 2991; x_wconf 90' lang='lat' dir='ltr'><strong>natus</strong></span> <span class='ocrx_word' id='word_1_187' title='bbox 1233 2917 1572 3011; x_wconf 75' lang='lat' dir='ltr'><strong>videtui-⁶,</strong></span> <span class='ocrx_word' id='word_1_188' title='bbox 1610 2920 1993 2997; x_wconf 85' lang='lat' dir='ltr'><strong>deserendo</strong></span> <span class='ocrx_word' id='word_1_189' title='bbox 2027 2921 2233 2994; x_wconf 86' lang='lat' dir='ltr'><strong>faciat</strong></span> <span class='ocrx_word' id='word_1_190' title='bbox 2263 2920 2674 2996; x_wconf 87' lang='lat' dir='ltr'><strong>infirmiora.</strong></span> <span class='ocrx_word' id='word_1_191' title='bbox 2702 2922 2926 3014; x_wconf 91' lang='lat' dir='ltr'><strong>Quod</strong></span> 
     </span>
    </p>
   </div>
   <div class='ocr_carea' id='block_1_3' title="bbox 806 3098 2930 4284">
    <p class='ocr_par' dir='ltr' id='par_1_3' title="bbox 806 3098 2930 4284">
     <span class='ocr_line' id='line_1_23' title="bbox 892 3098 2928 3173; baseline 0.002 -24"><span class='ocrx_word' id='word_1_192' title='bbox 892 3113 936 3149; x_wconf 85' lang='lat'><strong>1.</strong></span> <span class='ocrx_word' id='word_1_193' title='bbox 963 3098 1134 3151; x_wconf 80' lang='lat' dir='ltr'><strong>Poene.</strong></span> <span class='ocrx_word' id='word_1_194' title='bbox 1161 3098 1488 3173; x_wconf 75' lang='lat' dir='ltr'><strong>Guelferbyt.</strong></span> <span class='ocrx_word' id='word_1_195' title='bbox 1508 3098 1815 3171; x_wconf 75' lang='lat' dir='ltr'><strong>habetfm.</strong></span> <span class='ocrx_word' id='word_1_196' title='bbox 1907 3109 2221 3173; x_wconf 66' lang='lat' dir='ltr'><strong>captorem...</strong></span> <span class='ocrx_word' id='word_1_197' title='bbox 2236 3099 2706 3154; x_wconf 63' lang='lat' dir='ltr'><strong>commodaturum.</strong></span> <span class='ocrx_word' id='word_1_198' title='bbox 2718 3100 2928 3155; x_wconf 81' lang='lat' dir='ltr'><strong>Pendet</strong></span> 
     </span>
     <span class='ocr_line' id='line_1_24' title="bbox 885 3178 2928 3252; baseline 0.001 -22"><span class='ocrx_word' id='word_1_199' title='bbox 885 3194 932 3230; x_wconf 74' lang='lat'><strong>2.</strong></span> <span class='ocrx_word' id='word_1_200' title='bbox 954 3178 1122 3247; x_wconf 82' lang='lat' dir='ltr'><strong>Quam</strong></span> <span class='ocrx_word' id='word_1_201' title='bbox 1142 3196 1417 3251; x_wconf 83' lang='lat' dir='ltr'><strong>corporum</strong></span> <span class='ocrx_word' id='word_1_202' title='bbox 1426 3179 1638 3252; x_wconf 72' lang='lat' dir='ltr'><strong>forunoe.</strong></span> <span class='ocrx_word' id='word_1_203' title='bbox 1656 3179 1787 3233; x_wconf 88' lang='lat' dir='ltr'><strong>Plin.</strong></span> <span class='ocrx_word' id='word_1_204' title='bbox 1799 3216 1818 3248; x_wconf 86' lang='lat'><strong>‚</strong></span> <span class='ocrx_word' id='word_1_205' title='bbox 1908 3179 2474 3252; x_wconf 72' lang='lat' dir='ltr'><strong>aeeusativusaverbo,</strong></span> <span class='ocrx_word' id='word_1_206' title='bbox 2487 3179 2634 3250; x_wconf 89' lang='lat' dir='ltr'><strong>quod</strong></span> <span class='ocrx_word' id='word_1_207' title='bbox 2649 3181 2703 3231; x_wconf 89' lang='lat' dir='ltr'><strong>in</strong></span> <span class='ocrx_word' id='word_1_208' title='bbox 2713 3179 2807 3233; x_wconf 85' lang='lat' dir='ltr'><strong>illo</strong></span> <span class='ocrx_word' id='word_1_209' title='bbox 2822 3182 2928 3232; x_wconf 74' lang='lat' dir='ltr'><strong>uti-</strong></span> 
     </span>
     <span class='ocr_line' id='line_1_25' title="bbox 812 3256 2928 3328; baseline 0.003 -22"><span class='ocrx_word' id='word_1_210' title='bbox 812 3256 844 3306; x_wconf 91' lang='lat' dir='ltr'><strong>l.</strong></span> <span class='ocrx_word' id='word_1_211' title='bbox 871 3259 991 3321; x_wconf 85' lang='lat' dir='ltr'><strong>vn,</strong></span> <span class='ocrx_word' id='word_1_212' title='bbox 1015 3259 1113 3323; x_wconf 88' lang='lat' dir='ltr'><strong>ait,</strong></span> <span class='ocrx_word' id='word_1_213' title='bbox 1138 3259 1192 3309; x_wconf 87' lang='lat' dir='ltr'><strong>in</strong></span> <span class='ocrx_word' id='word_1_214' title='bbox 1217 3272 1361 3311; x_wconf 84' lang='lat' dir='ltr'><strong>tanta</strong></span> <span class='ocrx_word' id='word_1_215' title='bbox 1386 3258 1667 3313; x_wconf 84' lang='lat' dir='ltr'><strong>hominum</strong></span> <span class='ocrx_word' id='word_1_216' title='bbox 1690 3258 1821 3311; x_wconf 87' lang='lat' dir='ltr'><strong>mul·</strong></span> <span class='ocrx_word' id='word_1_217' title='bbox 1908 3259 1959 3311; x_wconf 78' lang='lat' dir='ltr'><strong>le</strong></span> <span class='ocrx_word' id='word_1_218' title='bbox 1982 3261 2146 3312; x_wconf 76' lang='lat' dir='ltr'><strong>visum</strong></span> <span class='ocrx_word' id='word_1_219' title='bbox 2169 3270 2268 3326; x_wconf 78' lang='lat' dir='ltr'><strong>est,</strong></span> <span class='ocrx_word' id='word_1_220' title='bbox 2290 3261 2340 3328; x_wconf 73' lang='lat' dir='ltr'><strong>s.</strong></span> <span class='ocrx_word' id='word_1_221' title='bbox 2366 3259 2429 3326; x_wconf 85' lang='lat'><strong>3,</strong></span> <span class='ocrx_word' id='word_1_222' title='bbox 2453 3259 2609 3325; x_wconf 79' lang='lat' dir='ltr'><strong>latet,</strong></span> <span class='ocrx_word' id='word_1_223' title='bbox 2632 3260 2743 3312; x_wconf 81' lang='lat' dir='ltr'><strong>sive</strong></span> <span class='ocrx_word' id='word_1_224' title='bbox 2766 3260 2928 3312; x_wconf 70' lang='lat' dir='ltr'><strong>aiunt</strong></span> 
     </span>
     <span class='ocr_line' id='line_1_26' title="bbox 810 3334 2924 3411; baseline 0.002 -25"><span class='ocrx_word' id='word_1_225' title='bbox 810 3334 1034 3387; x_wconf 76' lang='lat' dir='ltr'><strong>titudine</strong></span> <span class='ocrx_word' id='word_1_226' title='bbox 1070 3339 1153 3388; x_wconf 77' lang='lat' dir='ltr'><strong>vix</strong></span> <span class='ocrx_word' id='word_1_227' title='bbox 1190 3336 1297 3389; x_wconf 90' lang='lat' dir='ltr'><strong>duo</strong></span> <span class='ocrx_word' id='word_1_228' title='bbox 1338 3341 1555 3410; x_wconf 81' lang='lat' dir='ltr'><strong>reperiri</strong></span> <span class='ocrx_word' id='word_1_229' title='bbox 1590 3357 1818 3411; x_wconf 82' lang='lat' dir='ltr'><strong>corpora</strong></span> <span class='ocrx_word' id='word_1_230' title='bbox 1906 3337 2306 3408; x_wconf 77' lang='lat' dir='ltr'><strong>intelligis,sive</strong></span> <span class='ocrx_word' id='word_1_231' title='bbox 2319 3337 2489 3391; x_wconf 78' lang='lat' dir='ltr'><strong>simile</strong></span> <span class='ocrx_word' id='word_1_232' title='bbox 2505 3336 2650 3408; x_wconf 85' lang='lat' dir='ltr'><strong>quid.</strong></span> <span class='ocrx_word' id='word_1_233' title='bbox 2675 3336 2924 3392; x_wconf 78' lang='lat' dir='ltr'><strong>Aliorum</strong></span> 
     </span>
     <span class='ocr_line' id='line_1_27' title="bbox 811 3413 2927 3490; baseline 0.003 -26"><span class='ocrx_word' id='word_1_234' title='bbox 811 3413 1103 3467; x_wconf 67' lang='lat' dir='ltr'><strong>indiscreta</strong></span> <span class='ocrx_word' id='word_1_235' title='bbox 1117 3417 1311 3487; x_wconf 67' lang='lat' dir='ltr'><strong>figur-m.</strong></span> <span class='ocrx_word' id='word_1_236' title='bbox 1325 3420 1664 3490; x_wconf 79' lang='lat' dir='ltr'><strong>Quamquam</strong></span> <span class='ocrx_word' id='word_1_237' title='bbox 1677 3419 1818 3471; x_wconf 83' lang='lat' dir='ltr'><strong>idem</strong></span> <span class='ocrx_word' id='word_1_238' title='bbox 1907 3435 2206 3470; x_wconf 77' lang='lat' dir='ltr'><strong>sermonem</strong></span> <span class='ocrx_word' id='word_1_239' title='bbox 2254 3418 2435 3470; x_wconf 86' lang='lat' dir='ltr'><strong>referri</strong></span> <span class='ocrx_word' id='word_1_240' title='bbox 2487 3430 2706 3489; x_wconf 76' lang='lat' dir='ltr'><strong>apparet</strong></span> <span class='ocrx_word' id='word_1_241' title='bbox 2757 3419 2927 3471; x_wconf 73' lang='lat' dir='ltr'><strong>eum</strong></span> 
     </span>
     <span class='ocr_line' id='line_1_28' title="bbox 811 3492 2930 3570; baseline 0.003 -27"><span class='ocrx_word' id='word_1_242' title='bbox 811 3492 1175 3548; x_wconf 72' lang='lat' dir='ltr'><strong>similitudines</strong></span> <span class='ocrx_word' id='word_1_243' title='bbox 1197 3515 1485 3567; x_wconf 78' lang='lat' dir='ltr'><strong>corporum</strong></span> <span class='ocrx_word' id='word_1_244' title='bbox 1506 3497 1817 3550; x_wconf 74' lang='lat' dir='ltr'><strong>indiscretas</strong></span> <span class='ocrx_word' id='word_1_245' title='bbox 1907 3498 2258 3569; x_wconf 78' lang='lat' dir='ltr'><strong>conjunctivis</strong></span> <span class='ocrx_word' id='word_1_246' title='bbox 2275 3499 2390 3550; x_wconf 78' lang='lat' dir='ltr'><strong>istis</strong></span> <span class='ocrx_word' id='word_1_247' title='bbox 2404 3508 2526 3569; x_wconf 83' lang='lat' dir='ltr'><strong>post</strong></span> <span class='ocrx_word' id='word_1_248' title='bbox 2544 3495 2688 3570; x_wconf 77' lang='lat' dir='ltr'><strong>quod</strong></span> <span class='ocrx_word' id='word_1_249' title='bbox 2698 3517 2713 3547; x_wconf 90' lang='lat'><strong>.·</strong></span> <span class='ocrx_word' id='word_1_250' title='bbox 2731 3496 2930 3553; x_wconf 66' lang='lat' dir='ltr'><strong>evales-</strong></span> 
     </span>
     <span class='ocr_line' id='line_1_29' title="bbox 809 3572 2924 3649; baseline 0.001 -24"><span class='ocrx_word' id='word_1_251' title='bbox 809 3574 865 3625; x_wconf 83' lang='lat' dir='ltr'><strong>in</strong></span> <span class='ocrx_word' id='word_1_252' title='bbox 902 3572 1007 3625; x_wconf 87' lang='lat' dir='ltr'><strong>alio</strong></span> <span class='ocrx_word' id='word_1_253' title='bbox 1048 3578 1223 3648; x_wconf 86' lang='lat' dir='ltr'><strong>capite</strong></span> <span class='ocrx_word' id='word_1_254' title='bbox 1261 3576 1499 3648; x_wconf 85' lang='lat' dir='ltr'><strong>ejusdem</strong></span> <span class='ocrx_word' id='word_1_255' title='bbox 1536 3575 1659 3628; x_wconf 89' lang='lat' dir='ltr'><strong>libri</strong></span> <span class='ocrx_word' id='word_1_256' title='bbox 1695 3581 1818 3646; x_wconf 83' lang='lat' dir='ltr'><strong>vn,</strong></span> <span class='ocrx_word' id='word_1_257' title='bbox 1907 3588 2017 3641; x_wconf 76' lang='lat' dir='ltr'><strong>cat,</strong></span> <span class='ocrx_word' id='word_1_258' title='bbox 2034 3577 2218 3648; x_wconf 72' lang='lat' dir='ltr'><strong>possit,</strong></span> <span class='ocrx_word' id='word_1_259' title='bbox 2229 3576 2420 3649; x_wconf 74' lang='lat' dir='ltr'><strong>faciat.</strong></span> <span class='ocrx_word' id='word_1_260' title='bbox 2434 3575 2567 3629; x_wconf 83' lang='lat' dir='ltr'><strong>Vide</strong></span> <span class='ocrx_word' id='word_1_261' title='bbox 2582 3574 2738 3643; x_wconf 81' lang='lat' dir='ltr'><strong>adn,</strong></span> <span class='ocrx_word' id='word_1_262' title='bbox 2765 3593 2852 3646; x_wconf 83' lang='lat'><strong>17,</strong></span> <span class='ocrx_word' id='word_1_263' title='bbox 2867 3576 2924 3630; x_wconf 82' lang='grc'><strong>6.</strong></span> 
     </span>
     <span class='ocr_line' id='line_1_30' title="bbox 808 3655 2928 3729; baseline 0.001 -23"><span class='ocrx_word' id='word_1_264' title='bbox 808 3657 1157 3725; x_wconf 82' lang='lat' dir='ltr'><strong>persequitur.</strong></span> <span class='ocrx_word' id='word_1_265' title='bbox 1187 3658 1352 3708; x_wconf 65' lang='lat' dir='ltr'><strong>Tum«.</strong></span> <span class='ocrx_word' id='word_1_266' title='bbox 1980 3656 2042 3715; x_wconf 78' lang='grc'><strong>5.,</strong></span> <span class='ocrx_word' id='word_1_267' title='bbox 2060 3657 2164 3729; x_wconf 78' lang='lat' dir='ltr'><strong>Qui</strong></span> <span class='ocrx_word' id='word_1_268' title='bbox 2185 3658 2243 3709; x_wconf 83' lang='lat' dir='ltr'><strong>in</strong></span> <span class='ocrx_word' id='word_1_269' title='bbox 2265 3657 2371 3709; x_wconf 76' lang='lat' dir='ltr'><strong>div.</strong></span> <span class='ocrx_word' id='word_1_270' title='bbox 2392 3655 2569 3710; x_wconf 83' lang='lat' dir='ltr'><strong>Guelf.</strong></span> <span class='ocrx_word' id='word_1_271' title='bbox 2596 3669 2650 3709; x_wconf 85' lang='lat' dir='ltr'><strong>et</strong></span> <span class='ocrx_word' id='word_1_272' title='bbox 2670 3657 2855 3709; x_wconf 81' lang='lat' dir='ltr'><strong>Tur-ic.</strong></span> <span class='ocrx_word' id='word_1_273' title='bbox 2881 3656 2928 3709; x_wconf 74' lang='grc' dir='ltr'><strong>εἰ</strong></span> 
     </span>
     <span class='ocr_line' id='line_1_31' title="bbox 877 3733 2920 3805; baseline 0.001 -19"><span class='ocrx_word' id='word_1_274' title='bbox 877 3733 929 3786; x_wconf 86' lang='grc'><strong>3.</strong></span> <span class='ocrx_word' id='word_1_275' title='bbox 949 3733 1683 3805; x_wconf 76' lang='lat' dir='ltr'><strong>Probabaue.Guelf.pmbant</strong></span> <span class='ocrx_word' id='word_1_276' title='bbox 1695 3754 1820 3789; x_wconf 87' lang='lat' dir='ltr'><strong>cum</strong></span> <span class='ocrx_word' id='word_1_277' title='bbox 1907 3735 1963 3787; x_wconf 79' lang='lat' dir='ltr'><strong>in</strong></span> <span class='ocrx_word' id='word_1_278' title='bbox 1994 3735 2099 3788; x_wconf 73' lang='lat' dir='ltr'><strong>div.</strong></span> <span class='ocrx_word' id='word_1_279' title='bbox 2134 3754 2256 3788; x_wconf 85' lang='lat' dir='ltr'><strong>cum</strong></span> <span class='ocrx_word' id='word_1_280' title='bbox 2289 3734 2467 3790; x_wconf 78' lang='lat' dir='ltr'><strong>multis</strong></span> <span class='ocrx_word' id='word_1_281' title='bbox 2497 3733 2667 3789; x_wconf 89' lang='lat' dir='ltr'><strong>Codd.</strong></span> <span class='ocrx_word' id='word_1_282' title='bbox 2702 3748 2759 3788; x_wconf 82' lang='lat' dir='ltr'><strong>et</strong></span> <span class='ocrx_word' id='word_1_283' title='bbox 2790 3735 2920 3788; x_wconf 80' lang='lat' dir='ltr'><strong>edd.</strong></span> 
     </span>
     <span class='ocr_line' id='line_1_32' title="bbox 809 3812 2923 3888; baseline 0.002 -24"><span class='ocrx_word' id='word_1_284' title='bbox 809 3824 933 3864; x_wconf 79' lang='lat' dir='ltr'><strong>vett.</strong></span> <span class='ocrx_word' id='word_1_285' title='bbox 973 3812 1092 3864; x_wconf 74' lang='lat' dir='ltr'><strong>edd.</strong></span> <span class='ocrx_word' id='word_1_286' title='bbox 1140 3813 1332 3885; x_wconf 75' lang='lat' dir='ltr'><strong>quibus</strong></span> <span class='ocrx_word' id='word_1_287' title='bbox 1369 3815 1643 3868; x_wconf 80' lang='lat' dir='ltr'><strong>recensitis</strong></span> <span class='ocrx_word' id='word_1_288' title='bbox 1679 3813 1817 3868; x_wconf 79' lang='lat' dir='ltr'><strong>adde</strong></span> <span class='ocrx_word' id='word_1_289' title='bbox 1904 3827 2031 3867; x_wconf 80' lang='lat' dir='ltr'><strong>vett.</strong></span> <span class='ocrx_word' id='word_1_290' title='bbox 2047 3815 2157 3866; x_wconf 82' lang='lat' dir='ltr'><strong>fere</strong></span> <span class='ocrx_word' id='word_1_291' title='bbox 2173 3816 2448 3882; x_wconf 75' lang='lat' dir='ltr'><strong>omuibus,</strong></span> <span class='ocrx_word' id='word_1_292' title='bbox 2466 3829 2656 3888; x_wconf 67' lang='lat' dir='ltr'><strong>preter</strong></span> <span class='ocrx_word' id='word_1_293' title='bbox 2667 3814 2788 3869; x_wconf 71' lang='grc' dir='ltr'><strong>Δίὰ.</strong></span> <span class='ocrx_word' id='word_1_294' title='bbox 2809 3814 2923 3869; x_wconf 74' lang='lat' dir='ltr'><strong>Sed</strong></span> 
     </span>
     <span class='ocr_line' id='line_1_33' title="bbox 806 3891 2922 3966; baseline 0.002 -23"><span class='ocrx_word' id='word_1_295' title='bbox 806 3891 1004 3943; x_wconf 75' lang='lat' dir='ltr'><strong>Tar-vis.</strong></span> <span class='ocrx_word' id='word_1_296' title='bbox 1026 3895 1214 3945; x_wconf 82' lang='lat' dir='ltr'><strong>Venet.</strong></span> <span class='ocrx_word' id='word_1_297' title='bbox 1246 3894 1406 3945; x_wconf 81' lang='lat' dir='ltr'><strong>Ruso.</strong></span> <span class='ocrx_word' id='word_1_298' title='bbox 1423 3930 1441 3958; x_wconf 90' lang='lat'><strong>,</strong></span> <span class='ocrx_word' id='word_1_299' title='bbox 1468 3894 1624 3945; x_wconf 81' lang='lat' dir='ltr'><strong>male.</strong></span> <span class='ocrx_word' id='word_1_300' title='bbox 1652 3923 1726 3934; x_wconf 90' lang='lat'>—</span> <span class='ocrx_word' id='word_1_301' title='bbox 1750 3896 1812 3949; x_wconf 78' lang='lat' dir='ltr'><strong>R.</strong></span> <span class='ocrx_word' id='word_1_302' title='bbox 1904 3891 2190 3947; x_wconf 83' lang='lat' dir='ltr'><strong>defendere</strong></span> <span class='ocrx_word' id='word_1_303' title='bbox 2229 3907 2498 3966; x_wconf 69' lang='lat' dir='ltr'><strong>receptam</strong></span> <span class='ocrx_word' id='word_1_304' title='bbox 2533 3894 2779 3948; x_wconf 79' lang='lat' dir='ltr'><strong>videntur</strong></span> <span class='ocrx_word' id='word_1_305' title='bbox 2814 3895 2922 3948; x_wconf 75' lang='lat' dir='ltr'><strong>ali·</strong></span> 
     </span>
     <span class='ocr_line' id='line_1_34' title="bbox 808 3970 2918 4047; baseline 0.002 -26"><span class='ocrx_word' id='word_1_306' title='bbox 808 3970 866 4021; x_wconf 86' lang='lat' dir='ltr'><strong>C.</strong></span> <span class='ocrx_word' id='word_1_307' title='bbox 896 3989 924 4022; x_wconf 84' lang='lat'><em>2</em></span> <span class='ocrx_word' id='word_1_308' title='bbox 942 4007 959 4034; x_wconf 85' lang='lat'><strong>,</strong></span> <span class='ocrx_word' id='word_1_309' title='bbox 983 3989 1087 4024; x_wconf 77' lang='lat' dir='ltr'><strong>sec.</strong></span> <span class='ocrx_word' id='word_1_310' title='bbox 1114 3990 1303 4039; x_wconf 83' lang='lat' dir='ltr'><strong>manu,</strong></span> <span class='ocrx_word' id='word_1_311' title='bbox 1320 3973 1623 4044; x_wconf 78' lang='lat' dir='ltr'><strong>probabant.</strong></span> <span class='ocrx_word' id='word_1_312' title='bbox 1647 3975 1740 4027; x_wconf 85' lang='lat' dir='ltr'><strong>En.</strong></span> <span class='ocrx_word' id='word_1_313' title='bbox 1905 3988 2068 4045; x_wconf 85' lang='lat' dir='ltr'><strong>quot,</strong></span> <span class='ocrx_word' id='word_1_314' title='bbox 2097 3976 2189 4047; x_wconf 89' lang='lat' dir='ltr'><strong>qui</strong></span> <span class='ocrx_word' id='word_1_315' title='bbox 2215 3992 2327 4026; x_wconf 90' lang='lat' dir='ltr'><strong>non</strong></span> <span class='ocrx_word' id='word_1_316' title='bbox 2352 3986 2713 4027; x_wconf 79' lang='lat' dir='ltr'><strong>memorantur</strong></span> <span class='ocrx_word' id='word_1_317' title='bbox 2737 3972 2918 4027; x_wconf 78' lang='lat' dir='ltr'><strong>codd.</strong></span> 
     </span>
     <span class='ocr_line' id='line_1_35' title="bbox 897 4048 2921 4127; baseline 0.002 -27"><span class='ocrx_word' id='word_1_318' title='bbox 897 4048 948 4114; x_wconf 75' lang='grc'><strong>4.</strong></span> <span class='ocrx_word' id='word_1_319' title='bbox 1011 4051 1396 4122; x_wconf 72' lang='lat' dir='ltr'><strong>Proeceptooem.</strong></span> <span class='ocrx_word' id='word_1_320' title='bbox 1458 4051 1633 4105; x_wconf 84' lang='lat' dir='ltr'><strong>Guelf.</strong></span> <span class='ocrx_word' id='word_1_321' title='bbox 1691 4071 1815 4106; x_wconf 84' lang='lat' dir='ltr'><strong>cum</strong></span> <span class='ocrx_word' id='word_1_322' title='bbox 1903 4066 1957 4106; x_wconf 87' lang='lat' dir='ltr'><strong>et</strong></span> <span class='ocrx_word' id='word_1_323' title='bbox 1993 4057 2167 4126; x_wconf 81' lang='lat' dir='ltr'><strong>aptior</strong></span> <span class='ocrx_word' id='word_1_324' title='bbox 2202 4066 2283 4106; x_wconf 85' lang='lat' dir='ltr'><strong>est</strong></span> <span class='ocrx_word' id='word_1_325' title='bbox 2317 4067 2536 4127; x_wconf 83' lang='lat' dir='ltr'><strong>propter</strong></span> <span class='ocrx_word' id='word_1_326' title='bbox 2564 4072 2729 4107; x_wconf 80' lang='lat' dir='ltr'><strong>masc.</strong></span> <span class='ocrx_word' id='word_1_327' title='bbox 2763 4051 2921 4125; x_wconf 82' lang='lat' dir='ltr'><strong>qnod</strong></span> 
     </span>
     <span class='ocr_line' id='line_1_36' title="bbox 808 4127 2424 4204; baseline 0.001 -24"><span class='ocrx_word' id='word_1_328' title='bbox 808 4127 968 4180; x_wconf 85' lang='lat' dir='ltr'><strong>Goth.</strong></span> <span class='ocrx_word' id='word_1_329' title='bbox 982 4142 1279 4203; x_wconf 63' lang='lat' dir='ltr'><strong>praeceptor.</strong></span> <span class='ocrx_word' id='word_1_330' title='bbox 1298 4133 1409 4184; x_wconf 84' lang='lat' dir='ltr'><strong>Nec</strong></span> <span class='ocrx_word' id='word_1_331' title='bbox 1424 4131 1588 4198; x_wconf 86' lang='lat' dir='ltr'><strong>male,</strong></span> <span class='ocrx_word' id='word_1_332' title='bbox 1609 4133 1655 4184; x_wconf 88' lang='lat' dir='ltr'><strong>si</strong></span> <span class='ocrx_word' id='word_1_333' title='bbox 1673 4150 1816 4184; x_wconf 84' lang='lat' dir='ltr'><strong>com·</strong></span> <span class='ocrx_word' id='word_1_334' title='bbox 1902 4134 2140 4203; x_wconf 82' lang='lat' dir='ltr'><strong>sequitur</strong></span> <span class='ocrx_word' id='word_1_335' title='bbox 2168 4153 2191 4178; x_wconf 72' lang='grc' dir='ltr'><em>α</em></span> <span class='ocrx_word' id='word_1_336' title='bbox 2210 4142 2377 4204; x_wconf 77' lang='lat' dir='ltr'><strong>aptus.</strong></span> <span class='ocrx_word' id='word_1_337' title='bbox 2399 4157 2424 4182; x_wconf 72' lang='lat' dir='ltr'><em>n</em></span> 
     </span>
     <span class='ocr_line' id='line_1_37' title="bbox 808 4207 2923 4284; baseline 0.003 -26"><span class='ocrx_word' id='word_1_338' title='bbox 808 4224 892 4259; x_wconf 79' lang='lat' dir='ltr'><strong>ma</strong></span> <span class='ocrx_word' id='word_1_339' title='bbox 918 4207 1071 4261; x_wconf 84' lang='lat' dir='ltr'><strong>tollas</strong></span> <span class='ocrx_word' id='word_1_340' title='bbox 1088 4223 1217 4282; x_wconf 83' lang='lat' dir='ltr'><strong>post</strong></span> <span class='ocrx_word' id='word_1_341' title='bbox 1235 4210 1558 4282; x_wconf 76' lang='lat' dir='ltr'><strong>eloquentioe.</strong></span> <span class='ocrx_word' id='word_1_342' title='bbox 1576 4239 1652 4253; x_wconf 89' lang='lat'><strong>-—</strong></span> <span class='ocrx_word' id='word_1_343' title='bbox 1668 4213 1812 4265; x_wconf 81' lang='lat' dir='ltr'><strong>Proe-</strong></span> <span class='ocrx_word' id='word_1_344' title='bbox 1972 4212 2022 4266; x_wconf 85' lang='lat'><strong>6.</strong></span> <span class='ocrx_word' id='word_1_345' title='bbox 2032 4213 2161 4268; x_wconf 80' lang='lat' dir='ltr'><strong>Nat.</strong></span> <span class='ocrx_word' id='word_1_346' title='bbox 2181 4212 2398 4267; x_wconf 73' lang='lat' dir='ltr'><strong>videtur.</strong></span> <span class='ocrx_word' id='word_1_347' title='bbox 2408 4209 2568 4267; x_wconf 80' lang='lat' dir='ltr'><strong>Goth.</strong></span> <span class='ocrx_word' id='word_1_348' title='bbox 2582 4210 2709 4284; x_wconf 70' lang='lat' dir='ltr'><strong>(tac.</strong></span> <span class='ocrx_word' id='word_1_349' title='bbox 2721 4209 2923 4281; x_wconf 71' lang='lat' dir='ltr'><strong>cem.)</strong></span> 
     </span>
    </p>
   </div>
  </div>
 </body>
</html>
