3200 5150
720 502 1369 571 INSTITUTIONIS
1406 503 1661 570 ORAT.
1702 505 1862 571 LIB.
1908 508 1973 586 1,
2017 504 2076 574 5.

2323 513 2435 591 14¹

353 627 473 701 dos
489 639 727 727 ¹,quos
750 653 875 726 pro
900 624 1158 699 stolidis
1172 626 1420 725 accipit
1430 627 1705 726 vulgus,
1723 655 1804 700 ex
1822 629 2160 729 Hispania
2176 631 2446 704 duxisse

353 741 694 840 originem
720 740 973 815 audivi.
1001 741 1137 814 Sed
1162 741 1307 817 haec
1333 741 1572 814 divisio
1595 748 1797 816 mea²
1824 744 1913 816 ad
1938 746 2263 818 Graecum
2290 773 2451 845 prae·
2485 763 2555 820 58

351 856 555 954 cipue
580 882 976 930 sermonem
1002 856 1329 956 pertinet:
1363 883 1531 929 nam
1562 878 1631 929 et
1662 857 1970 930 maxima
1993 885 2074 930 ex
2097 881 2287 959 parte
2311 864 2452 933 Ro—

348 997 604 1043 manus
637 971 803 1044 inde
837 998 1205 1045 conversus
1232 992 1333 1044 est
1353 1027 1372 1061 ‚
1413 992 1481 1046 et
1512 973 1840 1045 confessis
1877 1001 2158 1073 quoque
2193 976 2453 1049 Graecis

348 1084 620 1158 utimur
640 1087 868 1160 verbis
890 1143 909 1177 ‚
940 1086 1065 1159 ubi
1089 1108 1322 1159 nostra
1346 1087 1599 1160 desunt
1616 1142 1635 1176 ‚
1670 1089 1845 1160 sicut
1871 1089 1971 1160 illi
1998 1116 2038 1161 a
2060 1089 2263 1161 nobis
2287 1117 2454 1163 non-

346 1227 723 1301 nunquam
753 1222 1186 1274 mutuantur.
1222 1202 1398 1274 Inde
1421 1201 1541 1273 illa
1566 1203 1850 1301 quaestio
1876 1203 2209 1293 exoritur,
2239 1230 2329 1275 an
2355 1231 2456 1276 ea-

348 1316 513 1419 dem
541 1319 804 1391 ratione
829 1346 952 1415 per
976 1343 1173 1387 casus
1194 1317 1400 1389 duci³
1428 1340 1739 1407 externa,
1765 1347 1907 1417 qua
1928 1342 2193 1409 nostra,
2220 1346 2456 1392 conve-

344 1432 514 1505 niat.
554 1433 656 1503 Ac
695 1431 750 1503 si
785 1426 1079 1529 reperias
1108 1430 1647 1528 grammaticum
1679 1451 1992 1503 veterum
2025 1454 2410 1506 amatorem
2433 1489 2453 1524 ,
2491 1448 2562 1521 59

344 1567 556 1649 neget
588 1545 976 1647 quidquam
1019 1572 1100 1616 ex
1138 1546 1386 1617 Latina
1423 1546 1685 1617 ratione
1729 1547 2196 1637 mutandum3
2247 1549 2454 1648 quia,

349 1688 577 1762 quum
592 1659 678 1732 sit
692 1658 881 1759 apud
897 1686 1025 1731 nos
1040 1686 1238 1732 casus
1257 1659 1622 1747 ablativus,
1649 1686 1864 1758 quem
1883 1660 1983 1731 illi
2002 1687 2147 1733 non
2166 1662 2475 1753 habent,·

347 1802 602 1876 parum
643 1775 1043 1863 conveniat,
1090 1802 1236 1846 uno
1275 1801 1436 1846 casu
1481 1794 1713 1845 nostro
1731 1772 1795 1863 4,
1843 1775 2156 1874 quinque
2196 1778 2457 1850 Graecis

352 1891 477 1963 uti.
507 1889 706 1981 Quin
727 1889 935 1963 etiam
961 1889 1198 1963 laudet
1214 1890 1535 1962 virtutem
1557 1917 1830 1979 eorum,
1852 1890 1974 1989 qui
1993 1891 2454 1989 potentiorem
2492 1909 2560 1964 60

348 2007 575 2079 facere
612 2004 929 2103 linguam
962 2005 1287 2076 Latinam
1310 2003 1340 2050 ⁵
1372 2004 1780 2094 studebant,
1817 2031 1947 2078 nec
1980 2004 2220 2077 alienis
2253 2033 2454 2106 egere

349 2120 674 2193 institutis
692 2119 1116 2193 fatebantur:
1140 2119 1304 2193 inde
1326 2122 1669 2194 Castorem
1681 2118 1737 2209 ⁶,
1761 2120 1994 2194 media
2006 2120 2270 2220 syllaba
2286 2148 2455 2220 pro-

354 2235 562 2308 ducta
579 2292 599 2324 ,
624 2235 1178 2334 pronunciarunt
1195 2294 1215 2326 ,
1245 2236 1412 2335 quia
1434 2236 1566 2308 hoc
1599 2235 1933 2307 omnibus
1957 2236 2202 2308 nostris
2230 2237 2456 2309 nomi-

351 2350 564 2426 nibus
581 2363 608 2410 7
632 2350 1012 2425 ‘accidebat
1033 2407 1053 2442 ,
1103 2379 1407 2451 quorum
1459 2351 1688 2451 prima
1729 2351 1975 2450 positio
2019 2351 2092 2422 in
2135 2352 2412 2426 easdem
2434 2409 2454 2444 ,

356 2521 515 2575 quam
569 2504 777 2573 signum
829 2503 1193 2556 committendi
1246 2503 1360 2557 ludi

353 2582 497 2655 (Lib.
512 2585 661 2636 Varr.
683 2583 778 2649 111,
799 2602 882 2656 ep.
905 2583 1170 2656 51);hinc
1185 2599 1361 2636 ortum

355 2664 490 2734 signi
514 2661 634 2714 talis
662 2679 881 2715 morem.
912 2665 1183 2734 originem
1204 2663 1362 2716 Phoe-

354 2742 549 2794 niciam
572 2739 814 2792 nondum
836 2756 1086 2794 eruerunt
1106 2746 1218 2796 VV.
1244 2744 1359 2794 DD.

354 2821 437 2873 De
454 2836 649 2891 mappa
665 2838 765 2892 pro
784 2819 998 2873 mantili
1008 2819 1128 2872 vide
1144 2819 1361 2874 Salmas.

360 2895 428 2949 nd
448 2900 664 2969 Vopisci
686 2898 864 2950 Ani-el.
898 2915 958 2951 12
973 2936 989 2965 ‚
1011 2918 1066 2971 p.
1089 2898 1192 2970 447
1215 2917 1325 2970 seq.

436 2992 479 3026 1.
522 2975 738 3029 Gurdos.
781 2977 1143 3048 Hispanorum
1178 2979 1365 3029 etiam-

359 3070 490 3108 num
508 3066 587 3104 est
602 3054 791 3126 gordo,
807 3058 1046 3125 pinguis,
1061 3074 1219 3109 sensu
1237 3055 1367 3130 phy·

358 3133 473 3184 sico
490 3168 508 3197 ‚
534 3134 626 3202 qui
661 3144 837 3184 tamen
871 3135 929 3185 in
963 3135 1141 3186 multis
1174 3135 1365 3204 linguis

361 3209 532 3263 soleat
548 3208 685 3261 trahi
702 3210 772 3263 ad
785 3227 1031 3266 mentem.
1048 3212 1369 3267 Conferendi

363 3286 563 3341 dehac
594 3306 727 3342 voce
757 3291 985 3361 Congius
1017 3295 1074 3344 in
1098 3292 1367 3347 Glossario

361 3365 503 3420 med.
529 3380 583 3419 et
604 3366 699 3418 inf.
725 3368 837 3420 Lat.
864 3383 918 3422 et
938 3371 1158 3423 Vossius
1182 3369 1251 3423 de
1275 3372 1370 3425 vi-

362 3448 449 3498 tiis
491 3462 644 3498 serm.
666 3482 684 3511 ,
724 3465 778 3518 p.
824 3447 927 3515 ²²4
965 3466 1075 3520 seq.
1117 3448 1369 3522 Ejusdem

366 3526 580 3595 originis
621 3537 745 3577 sunt
778 3526 940 3580 verba
975 3526 1371 3599 Francogallica

365 3599 657 3676 deqouidir,
678 3605 971 3677 enqourdir.
991 3608 1259 3674 Laberius,
1276 3610 1370 3659 Ju-

368 3681 425 3734 lii
445 3683 659 3735 caesaris
685 3683 928 3753 aqualis,
951 3688 1005 3739 in
1027 3689 1188 3738 mimo
1211 3704 1368 3738 usur-

318 3803 334 3811 -
366 3765 513 3833 pavit
534 3778 723 3813 vocem
738 3763 948 3834 qualus.
960 3802 979 3832 ‚
1009 3779 1142 3819 teste
1164 3765 1335 3818 Gellio
1351 3802 1369 3832 ‚

368 3838 523 3904 XVI,
552 3855 601 3907 7.

448 3931 496 3967 2.
522 3915 718 3967 Divisio
736 3935 867 3970 mea.
889 3921 1005 3973 Vid.
1030 3924 1078 3990 S.
1108 3920 1205 3975 55:
1238 3943 1260 3967 α
1281 3935 1373 3974 aut

381 4016 404 4041 ιι
422 3995 606 4046 Latina
630 4007 721 4045 aut
746 4001 1037 4068 peregrina.
1060 4025 1082 4049 η
1117 4004 1247 4071 Quae
1273 4003 1372 4072 igi-

374 4086 461 4126 tur
481 4075 754 4146 peregrina
769 4112 787 4141 ‚
815 4093 877 4128 ea
897 4078 1076 4158 Graeca
1101 4081 1370 4153 pleraque.

450 4153 501 4205 3.
527 4154 632 4205 Per
653 4171 795 4207 casus
820 4155 955 4208 duci.
986 4160 1050 4210 H.
1082 4178 1127 4212 e.
1158 4159 1314 4212 flecti.

448 4231 500 4298 4.
543 4234 854 4303 Conveniat,
893 4255 999 4292 uno
1030 4256 1149 4293 casu
1184 4249 1369 4293 nostro.

1449 2502 1625 2556 Guelf.
1650 2516 1776 2574 post
1794 2521 1943 2554 conv.
1963 2502 2144 2554 inserit
2161 2520 2308 2568 cum,
2335 2521 2459 2555 cum

1451 2581 1655 2653 aliquot
1667 2580 1787 2633 edd.
1800 2599 1911 2633 non
1925 2582 2038 2633 sine
2049 2599 2208 2634 sensu
2225 2582 2456 2653 quidem.

1523 2659 1572 2714 5.
1619 2660 1971 2712 Potentiorem
2000 2660 2181 2732 facere
2222 2659 2463 2734 linquam

1450 2740 1714 2792 Latinam.
1741 2740 1823 2792 sic
1852 2739 1923 2790 ad
1946 2738 2265 2790 retinendam
2286 2759 2460 2812 popu-

1454 2818 1497 2870 ἱί
1522 2819 1748 2870 Romani
1778 2821 2095 2891 majestatem
2128 2820 2459 2888 magistratus

1452 2899 1614 2970 prisci
1636 2898 1829 2950 Graecis
1857 2914 2132 2967 nunquam
2162 2899 2263 2948 nisi
2298 2897 2460 2950 latine

1452 2994 1711 3048 responsa
1734 2975 1959 3042 dabant,
1984 2977 2235 3048 ipsosque
2257 2995 2354 3048 per
2375 2980 2460 3036 in-

1454 3067 1740 3126 terpretem
1752 3053 1902 3125 loqui
1915 3053 2198 3125 cogebant,
2217 3068 2350 3107 teste
2363 3060 2463 3108 Va-

1453 3131 1584 3184 lerio
1617 3134 1846 3183 Maximo
1879 3133 1973 3198 111,
2013 3149 2073 3199 2,
2112 3150 2160 3184 2.
2194 3134 2306 3184 Nos
2342 3136 2460 3204 qui-

1454 3211 1578 3264 dem
1586 3210 1832 3263 Germani
1843 3210 2103 3263 faciliores
2117 3229 2217 3263 nos
2231 3211 2462 3265 solemus

1454 3303 1702 3364 praestare
1743 3290 2099 3361 Francogallis
2142 3290 2242 3343 sub
2279 3305 2465 3345 nostra

1456 3368 1659 3422 ditione
1676 3368 1987 3422 viventibus.
2005 3370 2302 3421 Potentiam
2317 3373 2463 3424 Lati-

1456 3468 1569 3516 nae,
1593 3450 1820 3522 qratiam
1848 3447 2038 3501 Graecae
2064 3447 2253 3519 linguae
2281 3449 2467 3502 tribuit

1455 3530 1516 3582 L.
1546 3528 1745 3581 Seneca
1772 3530 1828 3581 in
1849 3526 2118 3581 consolat.
2150 3528 2218 3580 ad
2244 3528 2427 3603 Polyb.
2445 3568 2465 3598 ,

1458 3626 1505 3660 c.
1534 3626 1621 3661 2¹.

1529 3685 1581 3738 6.
1602 3687 1876 3741 castorem.
1895 3688 2122 3738 Romani
2141 3704 2305 3757 quum
2322 3686 2465 3741 Grae-

1458 3768 1533 3817 cis
1553 3766 1855 3819 nominibus
1871 3764 2171 3830 utebantur,
2193 3781 2252 3817 ea
2272 3766 2326 3815 in
2341 3783 2465 3817 con-

1460 3845 1794 3898 suetudinem
1809 3844 2026 3896 latinam
2040 3844 2461 3898 conformabant.

1460 3927 1644 3995 Itaque
1670 3943 1834 3995 quum
1855 3925 2039 3976 Latina
2061 3924 2117 3973 in
2139 3940 2200 3974 or
2218 3926 2468 3977 termina-

1461 4015 1515 4054 ta
1543 4021 1574 4054 o
1602 4002 1822 4072 longum
1848 3998 2080 4053 habeant
2111 4002 2166 4051 in
2204 3998 2465 4072 obliquis,

1461 4080 1642 4132 Graeca
1674 4097 1891 4150 quoque
1917 4078 2133 4129 nomina
2162 4096 2259 4149 per
2290 4097 2321 4130 o
2348 4079 2464 4134 lon·

1461 4175 1588 4229 gum
1612 4158 1982 4210 enunciabant.
2003 4151 2167 4209 'rum

1537 4255 1585 4310 7.
1624 4237 1743 4290 Hoc
1768 4237 2005 4291 omnibus
2027 4235 2212 4290 nostris
2234 4239 2466 4290 nomini-
