3200 5150
867 493 993 562 258
1047 439 1071 462 θ
1429 490 1525 554 Μ.
1561 488 1792 554 FABII
1826 486 2384 573 QUINTILIANI

864 617 1076 692 dandi
1101 614 1679 715 vituperandique
1707 611 2093 713 opusculis»,
2128 638 2297 686 cura
2322 611 2472 713 ejus
2505 611 2927 686 desideratur.

788 766 823 818 9
860 738 972 806 An
1009 733 1411 830 ignoramus
1457 726 1760 828 antiquis
1800 726 1934 799 hoc
1972 726 2183 799 fuisse
2219 726 2309 799 ad
2354 727 2751 827 augendam
2801 726 2933 799 elo-

858 846 1220 947 quentiam
1261 869 1482 943 genus
1516 840 2012 917 exercitationis
2032 896 2053 932 ,
2091 862 2173 914 ut
2213 840 2452 916 theses¹
2501 842 2842 930 dicerent,
2878 863 2936 914 et

857 987 1249 1035 communes
1297 958 1517 1047 locos,
1564 978 1633 1031 et
1673 978 1918 1031 caetera
1965 955 2177 1028 εἰει-α’
2224 954 2670 1056 complexum
2717 982 2934 1028 rerum

856 1089 1478 1175 personarumque,
1493 1072 1753 1173 quibus
1775 1097 1949 1144 verae
1965 1071 2278 1171 fictaeque
2298 1071 2770 1145 controversiae
2788 1097 2935 1143 con-

856 1189 1201 1263 tinentur?
1228 1190 1331 1261 Ex
1356 1214 1498 1286 quo
1525 1184 1760 1285 palam
1790 1205 1925 1275 est,
1948 1209 2165 1286 quam
2189 1186 2476 1285 turpiter
2505 1185 2774 1259 deserat
2793 1211 2934 1257 eam

856 1327 1123 1405 partem
1158 1303 1526 1376 rhetorices
1558 1300 1893 1374 institutio
1912 1357 1933 1391 ‚
1965 1323 2183 1401 quam
2212 1321 2281 1373 et
2304 1300 2607 1400 primam
2634 1298 2937 1390 habuit3,

757 1452 819 1485 ιο
858 1440 927 1491 et
954 1419 1074 1491 diu
1109 1417 1351 1490 solam.
1390 1415 1586 1508 Quid
1609 1436 1846 1488 autem
1875 1436 1976 1488 est
2002 1413 2131 1489 ex4
2157 1413 2273 1504 iis,
2301 1415 2389 1488 de
2417 1414 2675 1516 quibus
2697 1413 2935 1514 supra⁵

857 1531 1034 1620 dixi,
1068 1530 1261 1631 quod
1295 1557 1441 1602 non
1476 1550 1630 1603 tum
1675 1528 1748 1600 iu
1793 1529 1965 1618 alia,
2004 1555 2160 1630 quae
2195 1550 2360 1602 sunt
2394 1530 2752 1603 rhetorum
2787 1554 2942 1628 pro-

855 1648 1043 1746 pria,
1073 1668 1229 1718 tum
1258 1666 1442 1718 certe
1475 1644 1549 1716 in
1585 1643 1762 1716 illud
1784 1643 2122 1745 judiciale
2151 1671 2372 1719 causae
2401 1643 2943 1745 genuaincidat?

853 1766 966 1837 An
1000 1788 1145 1833 non
1180 1761 1252 1833 in
1282 1760 1435 1833 foro
1468 1757 1902 1833 narrandum
1934 1759 2076 1833 est?
2107 1761 2348 1861 quain
2378 1783 2567 1861 parte
2596 1757 2834 1833 nescio
2862 1786 2944 1831 an

754 1907 811 1942 ιι
855 1878 941 1951 sit
981 1876 1090 1948 vel
1135 1874 1523 1973 plurimum
1538 1873 1594 1945 ⁶.
1631 1874 1792 1946 Non
1811 1889 1838 1935 ⁷
1880 1872 2034 1946 laus
2069 1897 2148 1947 ac
2183 1875 2591 1975 vituperatio
2623 1872 2944 1947 certami-

855 1991 1066 2064 nibus
1105 1988 1238 2061 illis
1278 1990 1680 2087 frequenter
1719 1988 2086 2061 inseritur?
2128 1991 2289 2062 Non
2321 2015 2736 2062 communes
2781 1988 2946 2076 loci,

859 2106 996 2178 sive
1026 2103 1151 2204 qui
1173 2123 1338 2174 sunt
1360 2102 1432 2174 in
1465 2102 1631 2174 vitia
1662 2102 1932 2192 directi,
1964 2103 2206 2201 quales
2230 2103 2530 2203 legimus
2557 2130 2598 2176 a
2619 2100 2950 2177 Cicerone

860 2215 1365 2319 compositos⁸;
1411 2243 1535 2290 seu
1574 2216 1834 2316 quibus
1875 2218 2287 2318 quaestiones
2328 2216 2738 2319 generaliter
2781 2241 2950 2292 trac-

861 2441 1042 2513 primis
1068 2439 1275 2509 generis
1302 2436 1698 2490 demonstrativi
1724 2438 1868 2508 peri·
1954 2439 2229 2491 intervallo
2244 2439 2527 2492 dicit.Vide
2542 2438 2578 2491 l.
2599 2440 2648 2505 1,
2662 2458 2712 2491 c.
2730 2439 2796 2507 5,
2811 2441 2859 2508 S.
2875 2439 2952 2506 4¹·

816 2547 827 2556 ·
862 2521 996 2572 culis
1046 2517 1310 2589 discipulo
1367 2516 1547 2570 adesse
1601 2511 1868 2568 rh'etorem
2027 2518 2078 2571 6.
2114 2519 2212 2572 Vel
2233 2519 2545 2593 plun'mum.
2569 2522 2648 2570 Ita
2669 2521 2783 2572 RR.
2813 2537 2877 2586 2,
2898 2519 2957 2583 3,

863 2600 975 2652 vult
998 2599 1103 2666 Qu.
1124 2596 1259 2649 Vide
1280 2599 1336 2661 Ι,
1361 2614 1423 2666 9,
1446 2596 1481 2648 6
1497 2634 1514 2662 ,
1537 2594 1631 2646 ubi
1646 2633 1663 2662 ,
1688 2596 1869 2668 quales
1958 2599 1992 2666 4
2016 2612 2069 2651 et
2089 2598 2250 2653 Cum
2279 2600 2349 2651 At
2375 2600 2436 2651 R.
2468 2598 2500 2651 5
2515 2637 2533 2665 ‚
2561 2596 2645 2650 vel
2671 2599 2776 2651 hoe
2792 2598 2957 2670 pluri-

863 2674 1283 2730 mun-ratiunculas
1304 2694 1334 2727 a
1361 2676 1705 2745 grammatico
1734 2689 1872 2727 trac·
1957 2697 2121 2731 mum.
2147 2681 2209 2732 R.
2242 2694 2288 2747 1,
2312 2678 2409 2730 hoc
2425 2677 2739 2750 plurimum.
2764 2680 2864 2730 En.

864 2758 968 2809 tari
981 2754 1227 2825 suadeat,
1241 2753 1498 2817 ostendit3
1513 2757 1738 2825 majores
1754 2752 1891 2805 rhe-·
2033 2774 2083 2826 7.
2101 2759 2244 2810 Non.
2259 2760 2320 2810 R.
2341 2774 2359 2809 1
2383 2771 2436 2811 et
2449 2759 2609 2810 Cun’.
2623 2796 2640 2825 ,
2656 2775 2856 2810 nonne.
2872 2760 2956 2810 En.

868 2834 1072 2887 toribus
1094 2835 1339 2903 assignat.

947 2933 967 2968 1
980 2956 992 2967 .
1017 2914 1213 2967 Theses.
1233 2914 1326 2965 His
1346 2924 1693 2984 opponuntur
1711 2911 1874 2984 hypo-

873 2995 1055 3059 theses,
1082 3013 1197 3065 quoe
1221 3005 1345 3045 sunt
1363 3011 1482 3044 cum
1500 2990 1775 3063 complexu
1800 3010 1875 3044 re-

871 3094 1019 3140 rum,
1045 3087 1145 3126 etc.
1165 3071 1298 3125 Vide
1321 3074 1394 3138 11,
1417 3072 1480 3139 4,
1506 3072 1713 3139 243111‚
1735 3071 1796 3138 5,
1815 3070 1876 3137 5,

876 3174 927 3226 7;
950 3155 1008 3205 it.
1032 3153 1142 3205 Cic.
1165 3155 1315 3206 Orat.
1341 3169 1387 3202 c.
1421 3151 1513 3218 14,
1535 3150 1636 3217 363
1660 3151 1877 3222 Topic.,

871 3252 922 3287 ‹·.
952 3249 1036 3284 21.

951 3329 1000 3367 2.
1034 3310 1187 3363 Cin-a.
1214 3309 1389 3363 Guelf.
1420 3323 1473 3362 et
1497 3310 1674 3362 Turic.
1710 3308 1875 3374 circa,

879 3409 1003 3444 cum
1025 3388 1144 3442 edd.
1171 3409 1202 3441 a
1225 3392 1391 3443 Stoer.
1422 3387 1490 3441 ad
1512 3388 1691 3454 eihs„
1721 3388 1877 3441 male.

953 3472 1002 3522 3.
1038 3470 1208 3538 Quam
1226 3480 1280 3519 et
1296 3468 1523 3542 primam
1547 3468 1751 3534 habuit,
1776 3481 1877 3520 etc.

878 3549 1163 3602 Suetonius
1178 3548 1318 3599 enim
1332 3545 1488 3599 tradit
1502 3548 1749 3617 antiquos
1763 3545 1882 3598 rhe-

882 3642 1024 3680 tores
1038 3625 1292 3678 duntaxat
1305 3629 1443 3677 circa
1456 3643 1884 3699 progymnasma-

885 3717 938 3759 ta
961 3725 1076 3759 esse
1097 3719 1349 3758 versatos.
1368 3707 1533 3758 Tum.

956 3785 1008 3852 4.
1043 3784 1181 3855 Quid
1205 3796 1314 3837 aut.
1344 3795 1417 3837 est
1440 3803 1518 3837 ex.
1547 3782 1709 3838 Goth.
1744 3782 1879 3856 (tac.

883 3864 1070 3936 Gesn.)
1092 3884 1215 3918 cum
1238 3869 1390 3917 Voss.
1419 3882 1446 3917 2
1477 3866 1672 3917 omittit
1698 3875 1799 3931 est,
1824 3878 1884 3918 ut

884 3959 940 3997 et
981 3947 1163 3997 Locat.
1208 3946 1366 3996 Rusc.
1412 3941 1538 3996 Bad.
1583 3943 1882 3997 Cet-vicem.

885 4024 1010 4075 Non
1032 4040 1247 4092 prorsus
1271 4021 1423 4074 male.

958 4100 1007 4153 5.
1038 4101 1117 4152 De
1142 4101 1325 4173 quibus
1352 4118 1540 4174 supra,
1574 4099 1735 4163 modo
1770 4100 1814 4171 §-
1850 4101 1883 4154 8

887 4180 944 4234 in
969 4180 1089 4237 fine.
1115 4181 1285 4252 Supra
1309 4182 1470 4253 igitur
1489 4179 1556 4235 de
1576 4180 1884 4235 brevissimo

2033 2835 2084 2888 8.
2109 2835 2351 2905 Quales...
2372 2835 2692 2908 compositos.
2712 2836 2960 2889 Rectissi-

1963 2934 2047 2968 me
2074 2914 2233 2968 Gesn.
2257 2915 2464 2969 videtur
2485 2914 2555 2967 ad
2573 2928 2758 2987 partes
2781 2933 2965 2968 vocare

1962 2994 2142 3049 locum
2156 2997 2212 3067 in
2225 2996 2328 3048 fine
2342 2995 2664 3048 Praefationis
2677 2994 2969 3069 pai-qdoxo·

1963 3070 2221 3138 rum‚,uhi
2242 3074 2499 3144 significat
2515 3075 2735 3142 Cicero,
2759 3094 2821 3129 se
2843 3075 2971 3129 fuis-

1966 3169 2023 3204 se
2063 3151 2277 3204 solitum
2291 3190 2310 3220 ,
2351 3154 2740 3223 exercitationis
2785 3171 2971 3219 causa,

1966 3250 2061 3297 ea,
2086 3249 2200 3302 quae
2226 3231 2474 3301 dicantur
2490 3234 2548 3284 iu
2575 3232 2780 3286 scholis
2804 3227 2976 3285 &nusi

1964 3308 2054 3382 (h.
2093 3330 2140 3363 e.
2177 3313 2233 3363 in
2266 3329 2459 3382 genere
2488 3314 2774 3384 proposita
2811 3335 2836 3359 ιι
2854 3311 2974 3364 ciem

1972 3409 1995 3434 α
2014 3389 2204 3460 compl.
2225 3408 2394 3443 rerum
2408 3409 2611 3462 person.
2629 3415 2651 3437 n
2664 3390 2717 3462 ),
2730 3390 2807 3443 ad
2827 3407 2973 3443 suum

1966 3467 2100 3520 illud
2126 3473 2415 3523 oratorium
2447 3471 2729 3523 transferre
2765 3467 2976 3523 dicendi

1966 3564 2134 3616 genus
2155 3569 2170 3601 ε
2214 3547 2432 3621 legimus
2465 3563 2643 3601 utrum
2683 3548 2758 3601 ad
2801 3551 2978 3621 ἰρεοε,

1971 3643 2106 3697 quos
2129 3626 2309 3697 legerit
2332 3632 2467 3699 Qu.‚
2484 3628 2639 3707 ,locos
2662 3644 2980 3681 communes

1969 3719 2205 3776 spectet,
2236 3725 2305 3760 an
2336 3707 2403 3760 ad
2436 3711 2768 3761 mentionem
2798 3726 2979 3762 eorum

1971 3786 2039 3838 ab
2062 3785 2241 3854 aliquo
2266 3788 2519 3858 scriptore
2538 3789 2796 3858 injectam
2816 3783 2980 3858 (quod

1972 3864 2102 3918 mihi
2122 3865 2448 3917 verisimilius
2471 3863 2734 3937 videtur),
2765 3869 2829 3919 in
2851 3884 2983 3919 neu·

1970 3957 2106 3995 tram
2122 3957 2326 4014 partem
2345 3957 2490 3995 certa
2509 3958 2632 3997 sunt
2645 3957 2982 4015 argumenta.

1972 4023 2148 4074 Potuit
2163 4059 2180 4088 ‚
2207 4024 2344 4075 sicut
2369 4024 2623 4093 prooemia
2649 4024 2705 4073 in
2734 4023 2986 4075 futurum

1971 4098 2159 4151 orandi
2182 4118 2336 4151 usum
2357 4099 2746 4153 Demosthenes
2760 4140 2780 4168 ‚
2804 4104 2884 4154 ita
2908 4099 2987 4152 lo-

1973 4197 2067 4235 cos
2092 4198 2400 4235 communes
2423 4181 2605 4234 Cicero
2628 4198 2986 4256 componere.
