<?xml version="1.0" encoding="UTF-8"?>
<!DOCTYPE html PUBLIC "-//W3C//DTD XHTML 1.0 Transitional//EN"
    "http://www.w3.org/TR/xhtml1/DTD/xhtml1-transitional.dtd">
<html xmlns="http://www.w3.org/1999/xhtml" xml:lang="en" lang="en">
 <head>
  <title>
</title>
<meta http-equiv="Content-Type" content="text/html;charset=utf-8" />
  <meta name='ocr-system' content='tesseract 3.04.00' />
  <meta name='ocr-capabilities' content='ocr_page ocr_carea ocr_par ocr_line ocrx_word'/>
</head>
<body>
  <div class='ocr_page' id='page_1' title='image "./deinstitutioneo12quingoog_0533.png"; bbox 0 0 3200 5150; ppageno 0'>
   <div class='ocr_carea' id='block_1_1' title="bbox 618 498 2026 592">
    <p class='ocr_par' dir='ltr' id='par_1_1' title="bbox 618 498 2026 592">
     <span class='ocr_line' id='line_1_1' title="bbox 618 498 2026 592; baseline 0.001 -26"><span class='ocrx_word' id='word_1_1' title='bbox 618 498 1266 568; x_wconf 72' lang='lat' dir='ltr'><strong>ms‘rrrn&#39;rmms</strong></span> <span class='ocrx_word' id='word_1_2' title='bbox 1302 498 1555 568; x_wconf 73' lang='lat' dir='ltr'><strong>onA&#39;r.</strong></span> <span class='ocrx_word' id='word_1_3' title='bbox 1594 499 1755 570; x_wconf 76' lang='lat' dir='ltr'><strong>Lm.</strong></span> <span class='ocrx_word' id='word_1_4' title='bbox 1796 500 1923 584; x_wconf 89' lang='lat'><strong>111,</strong></span> <span class='ocrx_word' id='word_1_5' title='bbox 1967 526 2026 592; x_wconf 85' lang='lat'><strong>7.</strong></span> 
     </span>
    </p>
   </div>
   <div class='ocr_carea' id='block_1_2' title="bbox 2236 502 2360 592">
    <p class='ocr_par' dir='ltr' id='par_1_2' title="bbox 2236 502 2360 592">
     <span class='ocr_line' id='line_1_2' title="bbox 2236 502 2360 592; baseline 0 -20"><span class='ocrx_word' id='word_1_6' title='bbox 2236 502 2360 592; x_wconf 81' lang='lat'><strong>507</strong></span> 
     </span>
    </p>
   </div>
   <div class='ocr_carea' id='block_1_3' title="bbox 278 621 2449 1521">
    <p class='ocr_par' dir='ltr' id='par_1_3' title="bbox 278 621 2449 1521">
     <span class='ocr_line' id='line_1_3' title="bbox 289 621 2368 722; baseline 0 -27"><span class='ocrx_word' id='word_1_7' title='bbox 289 622 489 722; x_wconf 81' lang='lat' dir='ltr'><strong>cipue</strong></span> <span class='ocrx_word' id='word_1_8' title='bbox 526 621 811 722; x_wconf 87' lang='lat' dir='ltr'><strong>quidem</strong></span> <span class='ocrx_word' id='word_1_9' title='bbox 848 621 921 695; x_wconf 89' lang='lat' dir='ltr'><strong>in</strong></span> <span class='ocrx_word' id='word_1_10' title='bbox 965 622 1129 696; x_wconf 86' lang='lat' dir='ltr'><strong>deos</strong></span> <span class='ocrx_word' id='word_1_11' title='bbox 1164 643 1232 696; x_wconf 91' lang='lat' dir='ltr'><strong>et</strong></span> <span class='ocrx_word' id='word_1_12' title='bbox 1268 621 1592 697; x_wconf 88' lang='lat' dir='ltr'><strong>homines</strong></span> <span class='ocrx_word' id='word_1_13' title='bbox 1630 623 1845 713; x_wconf 82' lang='lat' dir='ltr'><strong>cadit3</strong></span> <span class='ocrx_word' id='word_1_14' title='bbox 1889 643 1989 696; x_wconf 82' lang='lat' dir='ltr'><strong>est</strong></span> <span class='ocrx_word' id='word_1_15' title='bbox 2021 642 2256 696; x_wconf 82' lang='lat' dir='ltr'><strong>tamen</strong></span> <span class='ocrx_word' id='word_1_16' title='bbox 2299 643 2368 698; x_wconf 91' lang='lat' dir='ltr'><strong>et</strong></span> 
     </span>
     <span class='ocr_line' id='line_1_4' title="bbox 289 736 2364 828; baseline 0.001 -20"><span class='ocrx_word' id='word_1_17' title='bbox 289 736 582 809; x_wconf 87' lang='lat' dir='ltr'><strong>aliorum</strong></span> <span class='ocrx_word' id='word_1_18' title='bbox 619 737 1071 828; x_wconf 84' lang='lat' dir='ltr'><strong>animalium,</strong></span> <span class='ocrx_word' id='word_1_19' title='bbox 1111 757 1179 810; x_wconf 91' lang='lat' dir='ltr'><strong>et</strong></span> <span class='ocrx_word' id='word_1_20' title='bbox 1219 737 1605 811; x_wconf 86' lang='lat' dir='ltr'><strong>carentium</strong></span> <span class='ocrx_word' id='word_1_21' title='bbox 1644 736 1947 810; x_wconf 83' lang='lat' dir='ltr'><strong>anima¹.</strong></span> <span class='ocrx_word' id='word_1_22' title='bbox 1979 739 2247 809; x_wconf 86' lang='lat' dir='ltr'><strong>Verum</strong></span> <span class='ocrx_word' id='word_1_23' title='bbox 2290 737 2364 810; x_wconf 90' lang='lat' dir='ltr'><strong>in</strong></span> 
     </span>
     <span class='ocr_line' id='line_1_5' title="bbox 288 850 2367 954; baseline 0 -32"><span class='ocrx_word' id='word_1_24' title='bbox 288 851 428 922; x_wconf 88' lang='lat' dir='ltr'><strong>deis</strong></span> <span class='ocrx_word' id='word_1_25' title='bbox 453 850 902 949; x_wconf 78' lang='lat' dir='ltr'><strong>generaliter²</strong></span> <span class='ocrx_word' id='word_1_26' title='bbox 928 851 1241 952; x_wconf 88' lang='lat' dir='ltr'><strong>primum</strong></span> <span class='ocrx_word' id='word_1_27' title='bbox 1271 851 1699 954; x_wconf 86' lang='lat' dir='ltr'><strong>majestatem</strong></span> <span class='ocrx_word' id='word_1_28' title='bbox 1729 851 1942 952; x_wconf 85' lang='lat' dir='ltr'><strong>ipsius</strong></span> <span class='ocrx_word' id='word_1_29' title='bbox 1975 874 2219 923; x_wconf 88' lang='lat' dir='ltr'><strong>eorum</strong></span> <span class='ocrx_word' id='word_1_30' title='bbox 2245 878 2367 923; x_wconf 86' lang='lat' dir='ltr'><strong>na-</strong></span> 
     </span>
     <span class='ocr_line' id='line_1_6' title="bbox 284 964 2368 1067; baseline 0 -31"><span class='ocrx_word' id='word_1_31' title='bbox 284 985 450 1037; x_wconf 84' lang='lat' dir='ltr'><strong>turae</strong></span> <span class='ocrx_word' id='word_1_32' title='bbox 488 965 1010 1057; x_wconf 79' lang='lat' dir='ltr'><strong>venerabimur3</strong></span> <span class='ocrx_word' id='word_1_33' title='bbox 1056 966 1306 1041; x_wconf 85' lang='lat' dir='ltr'><strong>deinde</strong></span> <span class='ocrx_word' id='word_1_34' title='bbox 1344 964 1664 1067; x_wconf 82' lang='lat' dir='ltr'><strong>proprie³</strong></span> <span class='ocrx_word' id='word_1_35' title='bbox 1704 967 1844 1038; x_wconf 89' lang='lat' dir='ltr'><strong>vim</strong></span> <span class='ocrx_word' id='word_1_36' title='bbox 1884 964 2261 1066; x_wconf 87' lang='lat' dir='ltr'><strong>cujusque,</strong></span> <span class='ocrx_word' id='word_1_37' title='bbox 2300 984 2368 1037; x_wconf 93' lang='lat' dir='ltr'><strong>et</strong></span> 
     </span>
     <span class='ocr_line' id='line_1_7' title="bbox 283 1077 2366 1183; baseline 0.001 -34"><span class='ocrx_word' id='word_1_38' title='bbox 283 1078 592 1170; x_wconf 87' lang='lat' dir='ltr'><strong>inventa,</strong></span> <span class='ocrx_word' id='word_1_39' title='bbox 628 1107 783 1179; x_wconf 85' lang='lat' dir='ltr'><strong>quae</strong></span> <span class='ocrx_word' id='word_1_40' title='bbox 820 1081 987 1155; x_wconf 88' lang='lat' dir='ltr'><strong>utile</strong></span> <span class='ocrx_word' id='word_1_41' title='bbox 1025 1081 1287 1183; x_wconf 88' lang='lat' dir='ltr'><strong>aliquid</strong></span> <span class='ocrx_word' id='word_1_42' title='bbox 1325 1081 1734 1155; x_wconf 87' lang='lat' dir='ltr'><strong>hominibus</strong></span> <span class='ocrx_word' id='word_1_43' title='bbox 1771 1077 2212 1154; x_wconf 70' lang='lat' dir='ltr'><strong>attulerunt&#39;h</strong></span> <span class='ocrx_word' id='word_1_44' title='bbox 2241 1079 2366 1151; x_wconf 89' lang='lat' dir='ltr'><strong>Vis</strong></span> 
     </span>
     <span class='ocr_line' id='line_1_8' title="bbox 282 1192 2367 1296; baseline 0.001 -33"><span class='ocrx_word' id='word_1_45' title='bbox 282 1193 681 1284; x_wconf 83' lang='lat' dir='ltr'><strong>ostenditur,</strong></span> <span class='ocrx_word' id='word_1_46' title='bbox 718 1215 794 1268; x_wconf 90' lang='lat' dir='ltr'><strong>ut</strong></span> <span class='ocrx_word' id='word_1_47' title='bbox 821 1194 894 1268; x_wconf 89' lang='lat' dir='ltr'><strong>in</strong></span> <span class='ocrx_word' id='word_1_48' title='bbox 922 1197 1091 1268; x_wconf 84' lang='lat' dir='ltr'><strong>Jove</strong></span> <span class='ocrx_word' id='word_1_49' title='bbox 1111 1251 1130 1285; x_wconf 89' lang='lat'>‚</span> <span class='ocrx_word' id='word_1_50' title='bbox 1156 1196 1624 1296; x_wconf 76' lang='lat' dir='ltr'><strong>regendorum</strong></span> <span class='ocrx_word' id='word_1_51' title='bbox 1649 1195 1976 1268; x_wconf 87' lang='lat' dir='ltr'><strong>omnium</strong></span> <span class='ocrx_word' id='word_1_52' title='bbox 1993 1192 2055 1284; x_wconf 81' lang='lat'><strong>⁵3</strong></span> <span class='ocrx_word' id='word_1_53' title='bbox 2082 1195 2155 1266; x_wconf 90' lang='lat' dir='ltr'><strong>in</strong></span> <span class='ocrx_word' id='word_1_54' title='bbox 2178 1196 2367 1267; x_wconf 83' lang='lat' dir='ltr'><strong>Mar-</strong></span> 
     </span>
     <span class='ocr_line' id='line_1_9' title="bbox 278 1306 2449 1408; baseline 0.001 -31"><span class='ocrx_word' id='word_1_55' title='bbox 278 1326 343 1378; x_wconf 88' lang='lat' dir='ltr'><strong>te</strong></span> <span class='ocrx_word' id='word_1_56' title='bbox 365 1361 385 1394; x_wconf 87' lang='lat'>,</span> <span class='ocrx_word' id='word_1_57' title='bbox 429 1306 631 1398; x_wconf 87' lang='lat' dir='ltr'><strong>belli;</strong></span> <span class='ocrx_word' id='word_1_58' title='bbox 670 1307 743 1380; x_wconf 88' lang='lat' dir='ltr'><strong>in</strong></span> <span class='ocrx_word' id='word_1_59' title='bbox 786 1311 1151 1408; x_wconf 80' lang='lat' dir='ltr'><strong>Neptune,</strong></span> <span class='ocrx_word' id='word_1_60' title='bbox 1199 1310 1447 1401; x_wconf 82' lang='lat' dir='ltr'><strong>maris3</strong></span> <span class='ocrx_word' id='word_1_61' title='bbox 1489 1310 1805 1397; x_wconf 82' lang='lat' dir='ltr'><strong>inventa,</strong></span> <span class='ocrx_word' id='word_1_62' title='bbox 1843 1328 1922 1381; x_wconf 92' lang='lat' dir='ltr'><strong>ut</strong></span> <span class='ocrx_word' id='word_1_63' title='bbox 1959 1307 2250 1396; x_wconf 85' lang='lat' dir='ltr'><strong>artium,</strong></span> <span class='ocrx_word' id='word_1_64' title='bbox 2291 1307 2366 1380; x_wconf 88' lang='lat' dir='ltr'><strong>in</strong></span> <span class='ocrx_word' id='word_1_65' title='bbox 2440 1308 2449 1317; x_wconf 76' lang='grc'><em>’</em></span> 
     </span>
     <span class='ocr_line' id='line_1_10' title="bbox 278 1419 2362 1521; baseline 0.002 -30"><span class='ocrx_word' id='word_1_66' title='bbox 278 1419 630 1510; x_wconf 82' lang='lat' dir='ltr'><strong>Minerva3</strong></span> <span class='ocrx_word' id='word_1_67' title='bbox 667 1424 1017 1496; x_wconf 80' lang='lat' dir='ltr'><strong>Mercurio</strong></span> <span class='ocrx_word' id='word_1_68' title='bbox 1031 1423 1088 1515; x_wconf 78' lang='lat'><strong>⁶,</strong></span> <span class='ocrx_word' id='word_1_69' title='bbox 1121 1424 1539 1516; x_wconf 86' lang='lat' dir='ltr'><strong>litterarum;</strong></span> <span class='ocrx_word' id='word_1_70' title='bbox 1576 1423 1975 1511; x_wconf 69' lang='lat' dir='ltr'><strong>medicinae,</strong></span> <span class='ocrx_word' id='word_1_71' title='bbox 2003 1420 2362 1521; x_wconf 89' lang='lat' dir='ltr'><strong>Apolline;</strong></span> 
     </span>
    </p>
   </div>
   <div class='ocr_carea' id='block_1_4' title="bbox 260 1587 1279 4258">
    <p class='ocr_par' dir='ltr' id='par_1_4' title="bbox 276 1587 1272 1740">
     <span class='ocr_line' id='line_1_11' title="bbox 276 1587 1272 1645; baseline 0.005 -6"><span class='ocrx_word' id='word_1_72' title='bbox 276 1587 723 1644; x_wconf 78' lang='lat' dir='ltr'><strong>madversionibus</strong></span> <span class='ocrx_word' id='word_1_73' title='bbox 739 1590 904 1644; x_wconf 84' lang='lat' dir='ltr'><strong>edidit</strong></span> <span class='ocrx_word' id='word_1_74' title='bbox 919 1593 1126 1644; x_wconf 83' lang='lat' dir='ltr'><strong>Heeren</strong></span> <span class='ocrx_word' id='word_1_75' title='bbox 1137 1596 1198 1645; x_wconf 88' lang='lat' dir='ltr'><strong>V.</strong></span> <span class='ocrx_word' id='word_1_76' title='bbox 1216 1592 1272 1644; x_wconf 91' lang='lat' dir='ltr'><strong>C.</strong></span> 
     </span>
     <span class='ocr_line' id='line_1_12' title="bbox 277 1667 829 1740; baseline 0.004 -20"><span class='ocrx_word' id='word_1_77' title='bbox 277 1669 562 1738; x_wconf 65' lang='lat' dir='ltr'><strong>Goffingae,</strong></span> <span class='ocrx_word' id='word_1_78' title='bbox 593 1667 754 1740; x_wconf 78' lang='lat'>1785,</span> <span class='ocrx_word' id='word_1_79' title='bbox 779 1670 829 1721; x_wconf 82' lang='lat'><strong>8.</strong></span> 
     </span>
    </p>

    <p class='ocr_par' dir='ltr' id='par_1_5' title="bbox 260 1744 1279 3940">
     <span class='ocr_line' id='line_1_13' title="bbox 351 1744 1279 1813; baseline 0.002 -16"><span class='ocrx_word' id='word_1_80' title='bbox 351 1763 393 1797; x_wconf 87' lang='lat'><strong>1.</strong></span> <span class='ocrx_word' id='word_1_81' title='bbox 415 1744 774 1813; x_wconf 79' lang='lat' dir='ltr'><strong>Animalium,</strong></span> <span class='ocrx_word' id='word_1_82' title='bbox 796 1758 847 1799; x_wconf 83' lang='lat' dir='ltr'><strong>et</strong></span> <span class='ocrx_word' id='word_1_83' title='bbox 862 1747 1148 1800; x_wconf 76' lang='lat' dir='ltr'><strong>carentium</strong></span> <span class='ocrx_word' id='word_1_84' title='bbox 1166 1747 1279 1799; x_wconf 79' lang='lat' dir='ltr'><strong>ani-</strong></span> 
     </span>
     <span class='ocr_line' id='line_1_14' title="bbox 274 1825 1274 1891; baseline 0.005 -18"><span class='ocrx_word' id='word_1_85' title='bbox 274 1842 379 1874; x_wconf 84' lang='lat' dir='ltr'><strong>ma.</strong></span> <span class='ocrx_word' id='word_1_86' title='bbox 400 1826 575 1877; x_wconf 84' lang='lat' dir='ltr'><strong>Turic.</strong></span> <span class='ocrx_word' id='word_1_87' title='bbox 596 1825 814 1877; x_wconf 82' lang='lat' dir='ltr'><strong>animal.</strong></span> <span class='ocrx_word' id='word_1_88' title='bbox 840 1827 996 1877; x_wconf 84' lang='lat' dir='ltr'><strong>etiam</strong></span> <span class='ocrx_word' id='word_1_89' title='bbox 1019 1845 1122 1878; x_wconf 83' lang='lat' dir='ltr'><strong>car.</strong></span> <span class='ocrx_word' id='word_1_90' title='bbox 1152 1845 1240 1878; x_wconf 80' lang='lat' dir='ltr'><strong>an.</strong></span> <span class='ocrx_word' id='word_1_91' title='bbox 1255 1863 1274 1891; x_wconf 91' lang='lat'><strong><em>,</em></strong></span> 
     </span>
     <span class='ocr_line' id='line_1_15' title="bbox 275 1901 1271 1976; baseline 0.002 -23"><span class='ocrx_word' id='word_1_92' title='bbox 275 1920 395 1954; x_wconf 84' lang='lat' dir='ltr'><strong>eum</strong></span> <span class='ocrx_word' id='word_1_93' title='bbox 427 1901 562 1956; x_wconf 81' lang='lat' dir='ltr'><strong>Alm.</strong></span> <span class='ocrx_word' id='word_1_94' title='bbox 599 1917 652 1956; x_wconf 90' lang='lat' dir='ltr'><strong>et</strong></span> <span class='ocrx_word' id='word_1_95' title='bbox 684 1902 804 1956; x_wconf 87' lang='lat' dir='ltr'><strong>edd.</strong></span> <span class='ocrx_word' id='word_1_96' title='bbox 839 1906 968 1958; x_wconf 86' lang='lat' dir='ltr'><strong>meis</strong></span> <span class='ocrx_word' id='word_1_97' title='bbox 1000 1903 1098 1976; x_wconf 92' lang='lat' dir='ltr'><strong>(de</strong></span> <span class='ocrx_word' id='word_1_98' title='bbox 1128 1905 1271 1957; x_wconf 80' lang='lat' dir='ltr'><strong>Jens.</strong></span> 
     </span>
     <span class='ocr_line' id='line_1_16' title="bbox 274 1980 1274 2056; baseline 0.002 -24"><span class='ocrx_word' id='word_1_99' title='bbox 274 1993 375 2033; x_wconf 86' lang='lat' dir='ltr'><strong>tac.</strong></span> <span class='ocrx_word' id='word_1_100' title='bbox 404 1980 589 2053; x_wconf 83' lang='lat' dir='ltr'><strong>Gesn.)</strong></span> <span class='ocrx_word' id='word_1_101' title='bbox 617 1996 738 2035; x_wconf 86' lang='lat' dir='ltr'><strong>ante</strong></span> <span class='ocrx_word' id='word_1_102' title='bbox 764 1981 966 2056; x_wconf 72' lang='lat' dir='ltr'><strong>Gryph.</strong></span> <span class='ocrx_word' id='word_1_103' title='bbox 996 1981 1274 2050; x_wconf 83' lang='lat' dir='ltr'><strong>omnibus,</strong></span> 
     </span>
     <span class='ocr_line' id='line_1_17' title="bbox 274 2058 1275 2133; baseline 0.002 -21"><span class='ocrx_word' id='word_1_104' title='bbox 274 2062 502 2132; x_wconf 84' lang='lat' dir='ltr'><strong>exceptis</strong></span> <span class='ocrx_word' id='word_1_105' title='bbox 526 2058 719 2128; x_wconf 81' lang='lat' dir='ltr'>Badio,</span> <span class='ocrx_word' id='word_1_106' title='bbox 744 2064 835 2133; x_wconf 84' lang='lat' dir='ltr'><strong>qui</strong></span> <span class='ocrx_word' id='word_1_107' title='bbox 860 2081 888 2114; x_wconf 92' lang='lat' dir='ltr'><strong>e</strong></span> <span class='ocrx_word' id='word_1_108' title='bbox 911 2060 1146 2115; x_wconf 82' lang='lat' dir='ltr'><strong>Vallensi</strong></span> <span class='ocrx_word' id='word_1_109' title='bbox 1168 2062 1275 2114; x_wconf 90' lang='lat' dir='ltr'><strong>Co-</strong></span> 
     </span>
     <span class='ocr_line' id='line_1_18' title="bbox 272 2138 1274 2211; baseline 0.001 -23"><span class='ocrx_word' id='word_1_110' title='bbox 272 2138 390 2190; x_wconf 82' lang='lat' dir='ltr'><strong>dice</strong></span> <span class='ocrx_word' id='word_1_111' title='bbox 417 2141 615 2211; x_wconf 84' lang='lat' dir='ltr'><strong>recepit</strong></span> <span class='ocrx_word' id='word_1_112' title='bbox 643 2150 697 2191; x_wconf 79' lang='lat' dir='ltr'><strong>et</strong></span> <span class='ocrx_word' id='word_1_113' title='bbox 720 2157 819 2211; x_wconf 87' lang='lat' dir='ltr'><strong>pro</strong></span> <span class='ocrx_word' id='word_1_114' title='bbox 847 2139 1004 2190; x_wconf 82' lang='lat' dir='ltr'><strong>etiam</strong></span> <span class='ocrx_word' id='word_1_115' title='bbox 1017 2176 1036 2204; x_wconf 92' lang='lat'><em>,</em></span> <span class='ocrx_word' id='word_1_116' title='bbox 1067 2152 1120 2192; x_wconf 88' lang='lat' dir='ltr'><strong>et</strong></span> <span class='ocrx_word' id='word_1_117' title='bbox 1147 2140 1274 2192; x_wconf 80' lang='lat' dir='ltr'><strong>Cer-</strong></span> 
     </span>
     <span class='ocr_line' id='line_1_19' title="bbox 270 2219 1275 2290; baseline 0.002 -23"><span class='ocrx_word' id='word_1_118' title='bbox 270 2219 505 2269; x_wconf 79' lang='lat' dir='ltr'><strong>vicorno.</strong></span> <span class='ocrx_word' id='word_1_119' title='bbox 527 2222 772 2272; x_wconf 81' lang='lat' dir='ltr'><strong>Veterem</strong></span> <span class='ocrx_word' id='word_1_120' title='bbox 795 2220 1112 2290; x_wconf 77' lang='lat' dir='ltr'><strong>scripturam</strong></span> <span class='ocrx_word' id='word_1_121' title='bbox 1138 2220 1275 2271; x_wconf 86' lang='lat' dir='ltr'><strong>inter</strong></span> 
     </span>
     <span class='ocr_line' id='line_1_20' title="bbox 268 2296 1276 2368; baseline 0.002 -21"><span class='ocrx_word' id='word_1_122' title='bbox 268 2298 587 2348; x_wconf 81' lang='lat' dir='ltr'><strong>recentiores</strong></span> <span class='ocrx_word' id='word_1_123' title='bbox 611 2299 875 2350; x_wconf 81' lang='lat' dir='ltr'><strong>revocavit</strong></span> <span class='ocrx_word' id='word_1_124' title='bbox 897 2296 1025 2350; x_wconf 85' lang='lat' dir='ltr'><strong>Obr.</strong></span> <span class='ocrx_word' id='word_1_125' title='bbox 1053 2299 1144 2368; x_wconf 84' lang='lat' dir='ltr'><strong>qui</strong></span> <span class='ocrx_word' id='word_1_126' title='bbox 1167 2316 1276 2349; x_wconf 89' lang='lat' dir='ltr'><strong>rec-</strong></span> 
     </span>
     <span class='ocr_line' id='line_1_21' title="bbox 271 2373 1270 2441; baseline 0 -15"><span class='ocrx_word' id='word_1_127' title='bbox 271 2386 322 2426; x_wconf 82' lang='lat' dir='ltr'><strong>te</strong></span> <span class='ocrx_word' id='word_1_128' title='bbox 333 2373 591 2427; x_wconf 76' lang='lat' dir='ltr'><strong>distinxit:</strong></span> <span class='ocrx_word' id='word_1_129' title='bbox 608 2385 897 2428; x_wconf 77' lang='lat' dir='ltr'><strong>esttamen..</strong></span> <span class='ocrx_word' id='word_1_130' title='bbox 907 2415 917 2425; x_wconf 92' lang='lat'><strong>.</strong></span> <span class='ocrx_word' id='word_1_131' title='bbox 930 2374 1242 2426; x_wconf 77' lang='lat' dir='ltr'><strong>anirnalium</strong></span> <span class='ocrx_word' id='word_1_132' title='bbox 1252 2414 1270 2441; x_wconf 90' lang='lat'>,</span> 
     </span>
     <span class='ocr_line' id='line_1_22' title="bbox 270 2450 1273 2527; baseline 0.003 -23"><span class='ocrx_word' id='word_1_133' title='bbox 270 2453 426 2505; x_wconf 83' lang='lat' dir='ltr'><strong>etiam</strong></span> <span class='ocrx_word' id='word_1_134' title='bbox 449 2472 550 2506; x_wconf 84' lang='lat' dir='ltr'><strong>car.</strong></span> <span class='ocrx_word' id='word_1_135' title='bbox 571 2473 658 2506; x_wconf 82' lang='lat' dir='ltr'><strong>an.</strong></span> <span class='ocrx_word' id='word_1_136' title='bbox 679 2456 809 2507; x_wconf 87' lang='lat' dir='ltr'><strong>Eam</strong></span> <span class='ocrx_word' id='word_1_137' title='bbox 827 2450 940 2526; x_wconf 80' lang='lat' dir='ltr'><strong>ip&#39;se</strong></span> <span class='ocrx_word' id='word_1_138' title='bbox 961 2472 1175 2527; x_wconf 88' lang='lat' dir='ltr'><strong>quoque</strong></span> <span class='ocrx_word' id='word_1_139' title='bbox 1193 2466 1273 2507; x_wconf 90' lang='lat' dir='ltr'><strong>te-</strong></span> 
     </span>
     <span class='ocr_line' id='line_1_23' title="bbox 269 2532 1272 2601; baseline 0.001 -17"><span class='ocrx_word' id='word_1_140' title='bbox 269 2534 499 2586; x_wconf 79' lang='lat' dir='ltr'><strong>nuissem</strong></span> <span class='ocrx_word' id='word_1_141' title='bbox 526 2536 815 2601; x_wconf 83' lang='lat' dir='ltr'><strong>rationem,</strong></span> <span class='ocrx_word' id='word_1_142' title='bbox 842 2534 943 2586; x_wconf 80' lang='lat' dir='ltr'><strong>nisi</strong></span> <span class='ocrx_word' id='word_1_143' title='bbox 964 2532 1272 2587; x_wconf 78' lang='lat' dir='ltr'><strong>&#39;viderentur</strong></span> 
     </span>
     <span class='ocr_line' id='line_1_24' title="bbox 268 2611 1266 2682; baseline 0.002 -20"><span class='ocrx_word' id='word_1_144' title='bbox 268 2612 480 2682; x_wconf 82' lang='lat' dir='ltr'><strong>plurimi</strong></span> <span class='ocrx_word' id='word_1_145' title='bbox 499 2612 667 2665; x_wconf 89' lang='lat' dir='ltr'><strong>Codd.</strong></span> <span class='ocrx_word' id='word_1_146' title='bbox 684 2613 858 2664; x_wconf 84' lang='lat' dir='ltr'><strong>facere</strong></span> <span class='ocrx_word' id='word_1_147' title='bbox 878 2630 999 2664; x_wconf 87' lang='lat' dir='ltr'><strong>cum</strong></span> <span class='ocrx_word' id='word_1_148' title='bbox 1017 2611 1266 2666; x_wconf 77' lang='lat' dir='ltr'><strong>vallensi.</strong></span> 
     </span>
     <span class='ocr_line' id='line_1_25' title="bbox 267 2688 1270 2762; baseline 0.002 -21"><span class='ocrx_word' id='word_1_149' title='bbox 267 2688 462 2741; x_wconf 81' lang='lat' dir='ltr'><strong>Saltem</strong></span> <span class='ocrx_word' id='word_1_150' title='bbox 492 2690 711 2742; x_wconf 83' lang='lat' dir='ltr'><strong>Gesneri</strong></span> <span class='ocrx_word' id='word_1_151' title='bbox 742 2690 1144 2762; x_wconf 82' lang='lat' dir='ltr'><strong>diremptionem</strong></span> <span class='ocrx_word' id='word_1_152' title='bbox 1172 2690 1270 2743; x_wconf 88' lang='lat' dir='ltr'><strong>de-</strong></span> 
     </span>
     <span class='ocr_line' id='line_1_26' title="bbox 267 2767 1269 2840; baseline 0.002 -21"><span class='ocrx_word' id='word_1_153' title='bbox 267 2769 408 2819; x_wconf 85' lang='lat' dir='ltr'><strong>serui</strong></span> <span class='ocrx_word' id='word_1_154' title='bbox 419 2805 437 2834; x_wconf 83' lang='lat'>,</span> <span class='ocrx_word' id='word_1_155' title='bbox 454 2767 733 2820; x_wconf 84' lang='lat' dir='ltr'><strong>incidentis</strong></span> <span class='ocrx_word' id='word_1_156' title='bbox 751 2781 874 2840; x_wconf 82' lang='lat' dir='ltr'><strong>post</strong></span> <span class='ocrx_word' id='word_1_157' title='bbox 890 2768 1133 2820; x_wconf 82' lang='lat' dir='ltr'><strong>aliorum.</strong></span> <span class='ocrx_word' id='word_1_158' title='bbox 1154 2770 1269 2822; x_wconf 89' lang='lat' dir='ltr'><strong>Hoc</strong></span> 
     </span>
     <span class='ocr_line' id='line_1_27' title="bbox 266 2845 1270 2914; baseline 0.001 -17"><span class='ocrx_word' id='word_1_159' title='bbox 266 2847 313 2898; x_wconf 81' lang='lat' dir='ltr'><strong>si</strong></span> <span class='ocrx_word' id='word_1_160' title='bbox 349 2845 602 2898; x_wconf 76' lang='lat' dir='ltr'><strong>voluisset</strong></span> <span class='ocrx_word' id='word_1_161' title='bbox 635 2845 988 2914; x_wconf 82' lang='lat' dir='ltr'><strong>Quintilianus</strong></span> <span class='ocrx_word' id='word_1_162' title='bbox 1005 2884 1021 2914; x_wconf 84' lang='lat'>,</span> <span class='ocrx_word' id='word_1_163' title='bbox 1056 2845 1270 2899; x_wconf 81' lang='lat' dir='ltr'><strong>dixisset</strong></span> 
     </span>
     <span class='ocr_line' id='line_1_28' title="bbox 269 2924 1270 2994; baseline 0.002 -19"><span class='ocrx_word' id='word_1_164' title='bbox 269 2924 385 2991; x_wconf 81' lang='lat' dir='ltr'><strong>ille,</strong></span> <span class='ocrx_word' id='word_1_165' title='bbox 412 2926 467 2976; x_wconf 87' lang='lat' dir='ltr'><strong>ni</strong></span> <span class='ocrx_word' id='word_1_166' title='bbox 497 2924 686 2977; x_wconf 85' lang='lat' dir='ltr'><strong>fallor:</strong></span> <span class='ocrx_word' id='word_1_167' title='bbox 729 2946 751 2970; x_wconf 77' lang='grc' dir='ltr'><strong><em>α</em></strong></span> <span class='ocrx_word' id='word_1_168' title='bbox 770 2935 823 2976; x_wconf 84' lang='lat' dir='ltr'><strong>et</strong></span> <span class='ocrx_word' id='word_1_169' title='bbox 847 2925 1180 2994; x_wconf 83' lang='lat' dir='ltr'><strong>animalium,</strong></span> <span class='ocrx_word' id='word_1_170' title='bbox 1218 2938 1270 2977; x_wconf 89' lang='lat' dir='ltr'><strong>et</strong></span> 
     </span>
     <span class='ocr_line' id='line_1_29' title="bbox 274 3004 1270 3057; baseline 0.005 -7"><span class='ocrx_word' id='word_1_171' title='bbox 274 3025 297 3049; x_wconf 70' lang='lat' dir='ltr'><strong>a</strong></span> <span class='ocrx_word' id='word_1_172' title='bbox 319 3005 610 3056; x_wconf 85' lang='lat' dir='ltr'><strong>carentium</strong></span> <span class='ocrx_word' id='word_1_173' title='bbox 638 3004 827 3056; x_wconf 87' lang='lat' dir='ltr'><strong>anima.</strong></span> <span class='ocrx_word' id='word_1_174' title='bbox 849 3027 872 3052; x_wconf 70' lang='lat' dir='ltr'>n</span> <span class='ocrx_word' id='word_1_175' title='bbox 902 3032 975 3044; x_wconf 92' lang='lat'><strong>--</strong></span> <span class='ocrx_word' id='word_1_176' title='bbox 993 3005 1070 3057; x_wconf 80' lang='lat' dir='ltr'><strong>Et</strong></span> <span class='ocrx_word' id='word_1_177' title='bbox 1085 3021 1270 3056; x_wconf 81' lang='lat' dir='ltr'><strong>caren-</strong></span> 
     </span>
     <span class='ocr_line' id='line_1_30' title="bbox 268 3077 1270 3150; baseline 0.002 -18"><span class='ocrx_word' id='word_1_178' title='bbox 268 3083 419 3134; x_wconf 80' lang='lat' dir='ltr'><strong>tium.</strong></span> <span class='ocrx_word' id='word_1_179' title='bbox 462 3077 546 3136; x_wconf 55' lang='lat' dir='ltr'><strong>Rs</strong></span> <span class='ocrx_word' id='word_1_180' title='bbox 575 3100 595 3134; x_wconf 89' lang='lat'>1</span> <span class='ocrx_word' id='word_1_181' title='bbox 647 3097 700 3135; x_wconf 88' lang='lat' dir='ltr'><strong>et</strong></span> <span class='ocrx_word' id='word_1_182' title='bbox 738 3083 898 3137; x_wconf 72' lang='lat' dir='ltr'><strong>Cnn».</strong></span> <span class='ocrx_word' id='word_1_183' title='bbox 921 3121 939 3150; x_wconf 84' lang='lat'>,</span> <span class='ocrx_word' id='word_1_184' title='bbox 983 3083 1140 3134; x_wconf 82' lang='lat' dir='ltr'><strong>etiam</strong></span> <span class='ocrx_word' id='word_1_185' title='bbox 1180 3101 1270 3134; x_wconf 87' lang='lat' dir='ltr'><strong>ca-</strong></span> 
     </span>
     <span class='ocr_line' id='line_1_31' title="bbox 265 3160 1266 3214; baseline 0.001 -2"><span class='ocrx_word' id='word_1_186' title='bbox 265 3161 508 3213; x_wconf 82' lang='lat' dir='ltr'><strong>rentium.</strong></span> <span class='ocrx_word' id='word_1_187' title='bbox 547 3162 639 3213; x_wconf 81' lang='lat' dir='ltr'><strong>Eu.</strong></span> <span class='ocrx_word' id='word_1_188' title='bbox 673 3190 746 3203; x_wconf 89' lang='lat'><strong>-—</strong></span> <span class='ocrx_word' id='word_1_189' title='bbox 776 3163 850 3213; x_wconf 78' lang='lat' dir='ltr'><strong>Et</strong></span> <span class='ocrx_word' id='word_1_190' title='bbox 880 3160 1105 3214; x_wconf 78' lang='lat' dir='ltr'><strong>aliorum</strong></span> <span class='ocrx_word' id='word_1_191' title='bbox 1110 3201 1266 3214; x_wconf 88' lang='lat'><strong>......</strong></span> 
     </span>
     <span class='ocr_line' id='line_1_32' title="bbox 264 3239 1266 3294; baseline 0.003 -4"><span class='ocrx_word' id='word_1_192' title='bbox 264 3240 462 3292; x_wconf 81' lang='lat' dir='ltr'><strong>anima.</strong></span> <span class='ocrx_word' id='word_1_193' title='bbox 488 3239 819 3294; x_wconf 68' lang='lat' dir='ltr'><strong>Animalibus</strong></span> <span class='ocrx_word' id='word_1_194' title='bbox 843 3255 896 3294; x_wconf 88' lang='lat' dir='ltr'><strong>et</strong></span> <span class='ocrx_word' id='word_1_195' title='bbox 920 3241 993 3293; x_wconf 88' lang='lat' dir='ltr'><strong>dii</strong></span> <span class='ocrx_word' id='word_1_196' title='bbox 1016 3259 1266 3293; x_wconf 88' lang='lat' dir='ltr'><strong>annume-</strong></span> 
     </span>
     <span class='ocr_line' id='line_1_33' title="bbox 262 3319 1264 3392; baseline 0 -21"><span class='ocrx_word' id='word_1_197' title='bbox 262 3334 446 3372; x_wconf 83' lang='lat' dir='ltr'><strong>rantur</strong></span> <span class='ocrx_word' id='word_1_198' title='bbox 464 3319 605 3392; x_wconf 79' lang='lat' dir='ltr'><strong>(vide</strong></span> <span class='ocrx_word' id='word_1_199' title='bbox 623 3322 695 3387; x_wconf 86' lang='lat'><strong>11,</strong></span> <span class='ocrx_word' id='word_1_200' title='bbox 716 3320 806 3388; x_wconf 84' lang='lat'><strong>16,</strong></span> <span class='ocrx_word' id='word_1_201' title='bbox 826 3337 845 3373; x_wconf 90' lang='lat'>1</span> <span class='ocrx_word' id='word_1_202' title='bbox 859 3320 913 3392; x_wconf 82' lang='lat'><strong>2)</strong></span> <span class='ocrx_word' id='word_1_203' title='bbox 934 3334 987 3373; x_wconf 87' lang='lat' dir='ltr'><strong>et</strong></span> <span class='ocrx_word' id='word_1_204' title='bbox 1003 3319 1264 3372; x_wconf 79' lang='lat' dir='ltr'><strong>homines.</strong></span> 
     </span>
     <span class='ocr_line' id='line_1_34' title="bbox 261 3399 1266 3469; baseline 0.003 -20"><span class='ocrx_word' id='word_1_205' title='bbox 261 3401 527 3453; x_wconf 85' lang='lat' dir='ltr'><strong>Victorius</strong></span> <span class='ocrx_word' id='word_1_206' title='bbox 550 3399 620 3452; x_wconf 89' lang='lat' dir='ltr'><strong>ad</strong></span> <span class='ocrx_word' id='word_1_207' title='bbox 641 3401 857 3453; x_wconf 83' lang='lat' dir='ltr'><strong>Aristot.</strong></span> <span class='ocrx_word' id='word_1_208' title='bbox 877 3400 1031 3455; x_wconf 79' lang='lat' dir='ltr'><strong>Rhet.</strong></span> <span class='ocrx_word' id='word_1_209' title='bbox 1053 3403 1103 3467; x_wconf 90' lang='grc' dir='ltr'><strong>Ῑ,</strong></span> <span class='ocrx_word' id='word_1_210' title='bbox 1123 3417 1184 3469; x_wconf 83' lang='grc'><strong>9,</strong></span> <span class='ocrx_word' id='word_1_211' title='bbox 1207 3417 1234 3452; x_wconf 77' lang='lat'><em>2</em></span> <span class='ocrx_word' id='word_1_212' title='bbox 1247 3438 1266 3467; x_wconf 83' lang='lat'>,</span> 
     </span>
     <span class='ocr_line' id='line_1_35' title="bbox 263 3480 1263 3552; baseline 0.003 -25"><span class='ocrx_word' id='word_1_213' title='bbox 263 3495 331 3528; x_wconf 88' lang='lat' dir='ltr'><strong>eo</strong></span> <span class='ocrx_word' id='word_1_214' title='bbox 363 3482 654 3552; x_wconf 73' lang='lat' dir='ltr'><strong>respexisse</strong></span> <span class='ocrx_word' id='word_1_215' title='bbox 679 3480 1064 3548; x_wconf 82' lang='lat' dir='ltr'><strong>Quintilianum</strong></span> <span class='ocrx_word' id='word_1_216' title='bbox 1093 3492 1263 3551; x_wconf 79' lang='lat' dir='ltr'><strong>putat.</strong></span> 
     </span>
     <span class='ocr_line' id='line_1_36' title="bbox 263 3556 1267 3622; baseline 0.002 -17"><span class='ocrx_word' id='word_1_217' title='bbox 263 3556 398 3607; x_wconf 86' lang='lat' dir='ltr'><strong>Sunt</strong></span> <span class='ocrx_word' id='word_1_218' title='bbox 429 3571 606 3609; x_wconf 84' lang='lat' dir='ltr'><strong>autem</strong></span> <span class='ocrx_word' id='word_1_219' title='bbox 635 3556 746 3611; x_wconf 74' lang='lat' dir='ltr'><strong>hoec</strong></span> <span class='ocrx_word' id='word_1_220' title='bbox 777 3558 1108 3611; x_wconf 82' lang='lat' dir='ltr'><strong>Aristotelis:</strong></span> <span class='ocrx_word' id='word_1_221' title='bbox 1145 3577 1267 3622; x_wconf 74' lang='grc' dir='ltr'><strong>συμ-</strong></span> 
     </span>
     <span class='ocr_line' id='line_1_37' title="bbox 262 3632 1265 3706; baseline 0.005 -23"><span class='ocrx_word' id='word_1_222' title='bbox 262 3632 464 3688; x_wconf 66' lang='lat' dir='ltr'><strong>Cau‘m...</strong></span> <span class='ocrx_word' id='word_1_223' title='bbox 493 3636 751 3689; x_wconf 67' lang='lat' dir='ltr'><strong>c’aeanoi’v...</strong></span> <span class='ocrx_word' id='word_1_224' title='bbox 778 3637 834 3688; x_wconf 78' lang='grc' dir='ltr'><strong>ου’</strong></span> <span class='ocrx_word' id='word_1_225' title='bbox 853 3634 989 3704; x_wconf 59' lang='lat' dir='ltr'><strong>patirur</strong></span> <span class='ocrx_word' id='word_1_226' title='bbox 1012 3635 1265 3706; x_wconf 59' lang='grc' dir='ltr'><strong>ἅνθρωποι,</strong></span> 
     </span>
     <span class='ocr_line' id='line_1_38' title="bbox 263 3708 1268 3783; baseline 0.007 -23"><span class='ocrx_word' id='word_1_227' title='bbox 263 3708 294 3760; x_wconf 72' lang='lat' dir='ltr'><strong>ni</strong></span> <span class='ocrx_word' id='word_1_228' title='bbox 324 3708 452 3772; x_wconf 65' lang='grc' dir='ltr'><strong>θιὸν,</strong></span> <span class='ocrx_word' id='word_1_229' title='bbox 488 3710 622 3765; x_wconf 55' lang='lat' dir='ltr'><strong>‘&#39;aa“</strong></span> <span class='ocrx_word' id='word_1_230' title='bbox 649 3710 730 3763; x_wconf 70' lang='grc' dir='ltr'><strong>καὶ</strong></span> <span class='ocrx_word' id='word_1_231' title='bbox 759 3716 851 3768; x_wconf 59' lang='lat' dir='ltr'><strong>effi</strong></span> <span class='ocrx_word' id='word_1_232' title='bbox 879 3715 1029 3767; x_wconf 65' lang='grc' dir='ltr'><strong>ἄλλον</strong></span> <span class='ocrx_word' id='word_1_233' title='bbox 1058 3711 1185 3783; x_wconf 60' lang='lat' dir='ltr'><strong>(einr</strong></span> <span class='ocrx_word' id='word_1_234' title='bbox 1210 3710 1268 3766; x_wconf 68' lang='lat' dir='ltr'><strong>‘rei</strong></span> 
     </span>
     <span class='ocr_line' id='line_1_39' title="bbox 260 3786 1259 3866; baseline 0.004 -24"><span class='ocrx_word' id='word_1_235' title='bbox 260 3786 427 3856; x_wconf 67' lang='grc' dir='ltr'><strong>τυχὸι.</strong></span> <span class='ocrx_word' id='word_1_236' title='bbox 446 3792 582 3844; x_wconf 84' lang='lat' dir='ltr'><strong>Vide</strong></span> <span class='ocrx_word' id='word_1_237' title='bbox 612 3793 990 3860; x_wconf 79' lang='lat' dir='ltr'><strong>Menandrum,</strong></span> <span class='ocrx_word' id='word_1_238' title='bbox 1023 3815 1077 3866; x_wconf 86' lang='lat' dir='ltr'><strong>p.</strong></span> <span class='ocrx_word' id='word_1_239' title='bbox 1106 3796 1259 3846; x_wconf 83' lang='lat' dir='ltr'><strong>Heer.</strong></span> 
     </span>
     <span class='ocr_line' id='line_1_40' title="bbox 264 3868 1224 3940; baseline 0.003 -18"><span class='ocrx_word' id='word_1_240' title='bbox 264 3868 364 3938; x_wconf 80' lang='lat'><strong>26,</strong></span> <span class='ocrx_word' id='word_1_241' title='bbox 391 3885 475 3940; x_wconf 80' lang='lat'><strong>²7·</strong></span> <span class='ocrx_word' id='word_1_242' title='bbox 493 3868 628 3922; x_wconf 88' lang='lat' dir='ltr'><strong>Vide</strong></span> <span class='ocrx_word' id='word_1_243' title='bbox 648 3883 821 3923; x_wconf 87' lang='lat' dir='ltr'><strong>tamen</strong></span> <span class='ocrx_word' id='word_1_244' title='bbox 844 3873 1050 3924; x_wconf 87' lang='lat' dir='ltr'><strong>initium</strong></span> <span class='ocrx_word' id='word_1_245' title='bbox 1070 3887 1224 3925; x_wconf 72' lang='lat' dir='ltr'><strong>notae.</strong></span> 
     </span>
    </p>

    <p class='ocr_par' dir='ltr' id='par_1_6' title="bbox 261 3948 1262 4081">
     <span class='ocr_line' id='line_1_41' title="bbox 340 3948 1262 4023; baseline 0.001 -22"><span class='ocrx_word' id='word_1_246' title='bbox 340 3967 388 4001; x_wconf 77' lang='lat' dir='ltr'><strong>a.</strong></span> <span class='ocrx_word' id='word_1_247' title='bbox 419 3948 794 4002; x_wconf 75' lang='lat' dir='ltr'><strong>Generaliter...</strong></span> <span class='ocrx_word' id='word_1_248' title='bbox 820 3951 1040 4022; x_wconf 83' lang='lat' dir='ltr'><strong>proprie.</strong></span> <span class='ocrx_word' id='word_1_249' title='bbox 1070 3953 1262 4023; x_wconf 85' lang='lat' dir='ltr'><strong>Oppo-</strong></span> 
     </span>
     <span class='ocr_line' id='line_1_42' title="bbox 261 4026 1258 4081; baseline 0.004 -4"><span class='ocrx_word' id='word_1_250' title='bbox 261 4040 465 4079; x_wconf 87' lang='lat' dir='ltr'><strong>nuntur</strong></span> <span class='ocrx_word' id='word_1_251' title='bbox 487 4026 588 4079; x_wconf 83' lang='lat' dir='ltr'><strong>sibi</strong></span> <span class='ocrx_word' id='word_1_252' title='bbox 613 4029 834 4079; x_wconf 80' lang='lat' dir='ltr'><strong>invicem</strong></span> <span class='ocrx_word' id='word_1_253' title='bbox 859 4026 970 4081; x_wconf 74' lang='lat' dir='ltr'><strong>haec</strong></span> <span class='ocrx_word' id='word_1_254' title='bbox 998 4027 1258 4081; x_wconf 83' lang='lat' dir='ltr'><strong>adverbia.</strong></span> 
     </span>
    </p>

    <p class='ocr_par' dir='ltr' id='par_1_7' title="bbox 265 4104 1262 4258">
     <span class='ocr_line' id='line_1_43' title="bbox 336 4104 1262 4178; baseline 0.003 -22"><span class='ocrx_word' id='word_1_255' title='bbox 336 4104 388 4157; x_wconf 84' lang='lat'><strong>3.</strong></span> <span class='ocrx_word' id='word_1_256' title='bbox 410 4106 640 4178; x_wconf 79' lang='lat' dir='ltr'><strong>Proprie.</strong></span> <span class='ocrx_word' id='word_1_257' title='bbox 660 4108 736 4159; x_wconf 88' lang='lat' dir='ltr'><strong>Ita</strong></span> <span class='ocrx_word' id='word_1_258' title='bbox 754 4106 927 4160; x_wconf 85' lang='lat' dir='ltr'><strong>Guelf.</strong></span> <span class='ocrx_word' id='word_1_259' title='bbox 943 4108 1116 4158; x_wconf 85' lang='lat' dir='ltr'><strong>Turic.</strong></span> <span class='ocrx_word' id='word_1_260' title='bbox 1139 4105 1262 4176; x_wconf 78' lang='lat' dir='ltr'><strong>(nisi</strong></span> 
     </span>
     <span class='ocr_line' id='line_1_44' title="bbox 265 4183 1262 4258; baseline 0.003 -23"><span class='ocrx_word' id='word_1_261' title='bbox 265 4183 414 4253; x_wconf 87' lang='lat' dir='ltr'><strong>quod</strong></span> <span class='ocrx_word' id='word_1_262' title='bbox 440 4186 696 4258; x_wconf 83' lang='lat' dir='ltr'><strong>proprioe)</strong></span> <span class='ocrx_word' id='word_1_263' title='bbox 725 4185 859 4242; x_wconf 76' lang='lat' dir='ltr'><strong>Alm.</strong></span> <span class='ocrx_word' id='word_1_264' title='bbox 891 4198 944 4238; x_wconf 87' lang='lat' dir='ltr'><strong>et</strong></span> <span class='ocrx_word' id='word_1_265' title='bbox 969 4184 1091 4241; x_wconf 80' lang='lat' dir='ltr'><strong>Aldi</strong></span> <span class='ocrx_word' id='word_1_266' title='bbox 1119 4197 1262 4238; x_wconf 83' lang='lat' dir='ltr'><strong>utra-</strong></span> 
     </span>
    </p>
   </div>
   <div class='ocr_carea' id='block_1_5' title="bbox 1347 1592 2369 4256">
    <p class='ocr_par' dir='ltr' id='par_1_8' title="bbox 1358 1592 2369 2136">
     <span class='ocr_line' id='line_1_45' title="bbox 1367 1592 2361 1663; baseline -0.002 -18"><span class='ocrx_word' id='word_1_267' title='bbox 1367 1612 1488 1663; x_wconf 83' lang='lat' dir='ltr'><strong>que.</strong></span> <span class='ocrx_word' id='word_1_268' title='bbox 1520 1595 1736 1658; x_wconf 75' lang='lat' dir='ltr'><strong>Caeteri,</strong></span> <span class='ocrx_word' id='word_1_269' title='bbox 1770 1605 1829 1645; x_wconf 87' lang='lat' dir='ltr'><strong>ut</strong></span> <span class='ocrx_word' id='word_1_270' title='bbox 1858 1593 2050 1658; x_wconf 85' lang='lat' dir='ltr'><strong>Gesn.‚</strong></span> <span class='ocrx_word' id='word_1_271' title='bbox 2078 1592 2361 1663; x_wconf 77' lang='lat' dir='ltr'><strong>propriam.</strong></span> 
     </span>
     <span class='ocr_line' id='line_1_46' title="bbox 1362 1667 2363 1722; baseline 0 0"><span class='ocrx_word' id='word_1_272' title='bbox 1362 1668 1468 1722; x_wconf 85' lang='lat' dir='ltr'><strong>Sed</strong></span> <span class='ocrx_word' id='word_1_273' title='bbox 1493 1672 1666 1722; x_wconf 84' lang='lat' dir='ltr'><strong>Burm.</strong></span> <span class='ocrx_word' id='word_1_274' title='bbox 1696 1670 1751 1721; x_wconf 90' lang='lat' dir='ltr'><strong>in</strong></span> <span class='ocrx_word' id='word_1_275' title='bbox 1777 1668 1914 1721; x_wconf 79' lang='lat' dir='ltr'><strong>Add.</strong></span> <span class='ocrx_word' id='word_1_276' title='bbox 1946 1680 1999 1720; x_wconf 86' lang='lat' dir='ltr'><strong>et</strong></span> <span class='ocrx_word' id='word_1_277' title='bbox 2030 1667 2099 1720; x_wconf 88' lang='lat' dir='ltr'><strong>ad</strong></span> <span class='ocrx_word' id='word_1_278' title='bbox 2128 1669 2363 1722; x_wconf 83' lang='lat' dir='ltr'><strong>Declam.</strong></span> 
     </span>
     <span class='ocr_line' id='line_1_47' title="bbox 1363 1745 2364 1816; baseline -0.003 -15"><span class='ocrx_word' id='word_1_279' title='bbox 1363 1749 1487 1816; x_wconf 79' lang='grc' dir='ltr'><strong>ΧΠ,</strong></span> <span class='ocrx_word' id='word_1_280' title='bbox 1504 1749 1567 1813; x_wconf 78' lang='lat'><strong>33</strong></span> <span class='ocrx_word' id='word_1_281' title='bbox 1585 1749 1714 1800; x_wconf 86' lang='lat' dir='ltr'><strong>item</strong></span> <span class='ocrx_word' id='word_1_282' title='bbox 1730 1748 1889 1800; x_wconf 78' lang='lat' dir='ltr'><strong>Gesn.</strong></span> <span class='ocrx_word' id='word_1_283' title='bbox 1909 1748 1967 1799; x_wconf 86' lang='lat' dir='ltr'><strong>in</strong></span> <span class='ocrx_word' id='word_1_284' title='bbox 1982 1745 2120 1799; x_wconf 74' lang='lat' dir='ltr'><strong>Add-</strong></span> <span class='ocrx_word' id='word_1_285' title='bbox 2141 1745 2364 1800; x_wconf 78' lang='lat' dir='ltr'><strong>suadent</strong></span> 
     </span>
     <span class='ocr_line' id='line_1_48' title="bbox 1364 1826 2369 1899; baseline -0.001 -21"><span class='ocrx_word' id='word_1_286' title='bbox 1364 1841 1598 1880; x_wconf 83' lang='lat' dir='ltr'><strong>nostram</strong></span> <span class='ocrx_word' id='word_1_287' title='bbox 1621 1829 1961 1899; x_wconf 81' lang='lat' dir='ltr'><strong>scripturam,</strong></span> <span class='ocrx_word' id='word_1_288' title='bbox 1982 1843 2096 1897; x_wconf 77' lang='lat' dir='ltr'><strong>quae</strong></span> <span class='ocrx_word' id='word_1_289' title='bbox 2113 1826 2268 1879; x_wconf 85' lang='lat' dir='ltr'><strong>facile</strong></span> <span class='ocrx_word' id='word_1_290' title='bbox 2291 1830 2369 1878; x_wconf 87' lang='lat' dir='ltr'><strong>in·</strong></span> 
     </span>
     <span class='ocr_line' id='line_1_49' title="bbox 1364 1903 2366 1976; baseline -0.001 -18"><span class='ocrx_word' id='word_1_291' title='bbox 1364 1906 1615 1976; x_wconf 70' lang='lat' dir='ltr'><strong>telligitur</strong></span> <span class='ocrx_word' id='word_1_292' title='bbox 1626 1925 1764 1957; x_wconf 77' lang='lat' dir='ltr'><strong>vera.</strong></span> <span class='ocrx_word' id='word_1_293' title='bbox 1779 1906 1970 1958; x_wconf 86' lang='lat' dir='ltr'><strong>—RR.</strong></span> <span class='ocrx_word' id='word_1_294' title='bbox 1987 1905 2021 1958; x_wconf 85' lang='grc'>3</span> <span class='ocrx_word' id='word_1_295' title='bbox 2032 1943 2049 1972; x_wconf 87' lang='grc'><strong>,</strong></span> <span class='ocrx_word' id='word_1_296' title='bbox 2065 1903 2098 1957; x_wconf 81' lang='grc'><strong><em>5</em></strong></span> <span class='ocrx_word' id='word_1_297' title='bbox 2113 1917 2166 1957; x_wconf 89' lang='lat' dir='ltr'><strong>et</strong></span> <span class='ocrx_word' id='word_1_298' title='bbox 2183 1907 2366 1973; x_wconf 69' lang='lat' dir='ltr'><strong>Cum,</strong></span> 
     </span>
     <span class='ocr_line' id='line_1_50' title="bbox 1358 1982 2366 2058; baseline 0 -22"><span class='ocrx_word' id='word_1_299' title='bbox 1358 1984 1589 2058; x_wconf 80' lang='lat' dir='ltr'><strong>propria.</strong></span> <span class='ocrx_word' id='word_1_300' title='bbox 1603 1985 1712 2037; x_wconf 85' lang='lat' dir='ltr'><strong>RR.</strong></span> <span class='ocrx_word' id='word_1_301' title='bbox 1732 2000 1778 2050; x_wconf 86' lang='lat'><strong>1,</strong></span> <span class='ocrx_word' id='word_1_302' title='bbox 1795 1983 2001 2050; x_wconf 77' lang='lat' dir='ltr'><strong>2‚Cm.</strong></span> <span class='ocrx_word' id='word_1_303' title='bbox 2018 1996 2071 2035; x_wconf 89' lang='lat' dir='ltr'><strong>et</strong></span> <span class='ocrx_word' id='word_1_304' title='bbox 2081 1982 2165 2036; x_wconf 85' lang='lat' dir='ltr'><strong>ed.</strong></span> <span class='ocrx_word' id='word_1_305' title='bbox 2180 1983 2366 2051; x_wconf 67' lang='lat' dir='ltr'><strong>flach,</strong></span> 
     </span>
     <span class='ocr_line' id='line_1_51' title="bbox 1359 2063 1765 2136; baseline -0.01 -20"><span class='ocrx_word' id='word_1_306' title='bbox 1359 2063 1646 2136; x_wconf 82' lang='lat' dir='ltr'><strong>propriam.</strong></span> <span class='ocrx_word' id='word_1_307' title='bbox 1672 2064 1765 2115; x_wconf 83' lang='lat' dir='ltr'><strong>En.</strong></span> 
     </span>
    </p>

    <p class='ocr_par' dir='ltr' id='par_1_9' title="bbox 1356 2138 2364 3059">
     <span class='ocr_line' id='line_1_52' title="bbox 1432 2138 2362 2213; baseline 0 -20"><span class='ocrx_word' id='word_1_308' title='bbox 1432 2141 1485 2207; x_wconf 71' lang='grc'><strong>4.</strong></span> <span class='ocrx_word' id='word_1_309' title='bbox 1509 2140 1730 2213; x_wconf 80' lang='lat' dir='ltr'><strong>Aliquid</strong></span> <span class='ocrx_word' id='word_1_310' title='bbox 1753 2138 2044 2193; x_wconf 75' lang='lat' dir='ltr'><strong>hominibus</strong></span> <span class='ocrx_word' id='word_1_311' title='bbox 2060 2139 2362 2193; x_wconf 78' lang='lat' dir='ltr'><strong>attulerunt.</strong></span> 
     </span>
     <span class='ocr_line' id='line_1_53' title="bbox 1361 2218 2361 2291; baseline -0.001 -19"><span class='ocrx_word' id='word_1_312' title='bbox 1361 2220 1596 2291; x_wconf 84' lang='lat' dir='ltr'><strong>Reposui</strong></span> <span class='ocrx_word' id='word_1_313' title='bbox 1613 2218 1951 2271; x_wconf 77' lang='lat' dir='ltr'><strong>indicativum</strong></span> <span class='ocrx_word' id='word_1_314' title='bbox 1965 2220 2021 2270; x_wconf 90' lang='lat' dir='ltr'><strong>in</strong></span> <span class='ocrx_word' id='word_1_315' title='bbox 2033 2226 2126 2269; x_wconf 78' lang='lat' dir='ltr'><strong>att.</strong></span> <span class='ocrx_word' id='word_1_316' title='bbox 2143 2238 2174 2271; x_wconf 91' lang='lat' dir='ltr'><strong>e</strong></span> <span class='ocrx_word' id='word_1_317' title='bbox 2186 2218 2361 2272; x_wconf 78' lang='lat' dir='ltr'><strong>Guelf.</strong></span> 
     </span>
     <span class='ocr_line' id='line_1_54' title="bbox 1361 2296 2364 2366; baseline -0.002 -15"><span class='ocrx_word' id='word_1_318' title='bbox 1361 2298 1680 2352; x_wconf 84' lang='lat' dir='ltr'><strong>Goth.Voss.</strong></span> <span class='ocrx_word' id='word_1_319' title='bbox 1701 2316 1747 2366; x_wconf 79' lang='grc' dir='ltr'><strong>ι,</strong></span> <span class='ocrx_word' id='word_1_320' title='bbox 1763 2311 1815 2351; x_wconf 90' lang='lat' dir='ltr'><strong>et</strong></span> <span class='ocrx_word' id='word_1_321' title='bbox 1829 2296 1949 2350; x_wconf 87' lang='lat' dir='ltr'><strong>edd.</strong></span> <span class='ocrx_word' id='word_1_322' title='bbox 1968 2310 2089 2350; x_wconf 84' lang='lat' dir='ltr'><strong>ante</strong></span> <span class='ocrx_word' id='word_1_323' title='bbox 2103 2298 2364 2351; x_wconf 87' lang='lat' dir='ltr'><strong>Stoerium</strong></span> 
     </span>
     <span class='ocr_line' id='line_1_55' title="bbox 1359 2377 2357 2430; baseline -0.002 -1"><span class='ocrx_word' id='word_1_324' title='bbox 1359 2380 1490 2430; x_wconf 85' lang='lat' dir='ltr'><strong>meis</strong></span> <span class='ocrx_word' id='word_1_325' title='bbox 1534 2377 1796 2430; x_wconf 82' lang='lat' dir='ltr'><strong>omnibus.</strong></span> <span class='ocrx_word' id='word_1_326' title='bbox 1841 2379 1938 2428; x_wconf 84' lang='lat' dir='ltr'><strong>Hic</strong></span> <span class='ocrx_word' id='word_1_327' title='bbox 1982 2395 2104 2429; x_wconf 89' lang='lat' dir='ltr'><strong>cum</strong></span> <span class='ocrx_word' id='word_1_328' title='bbox 2138 2388 2357 2428; x_wconf 84' lang='lat' dir='ltr'><strong>recentt.</strong></span> 
     </span>
     <span class='ocr_line' id='line_1_56' title="bbox 1358 2455 2363 2527; baseline -0.002 -17"><span class='ocrx_word' id='word_1_329' title='bbox 1358 2457 1520 2510; x_wconf 83' lang='lat' dir='ltr'><strong>habet</strong></span> <span class='ocrx_word' id='word_1_330' title='bbox 1550 2457 1836 2510; x_wconf 76' lang='lat' dir='ltr'><strong>attulerint.</strong></span> <span class='ocrx_word' id='word_1_331' title='bbox 1866 2459 1979 2510; x_wconf 84' lang='lat' dir='ltr'><strong>Nec</strong></span> <span class='ocrx_word' id='word_1_332' title='bbox 2014 2455 2200 2508; x_wconf 85' lang='lat' dir='ltr'><strong>dubito</strong></span> <span class='ocrx_word' id='word_1_333' title='bbox 2235 2459 2363 2527; x_wconf 89' lang='lat' dir='ltr'><strong>quin</strong></span> 
     </span>
     <span class='ocr_line' id='line_1_57' title="bbox 1357 2534 2360 2608; baseline 0.001 -19"><span class='ocrx_word' id='word_1_334' title='bbox 1357 2538 1422 2604; x_wconf 82' lang='lat' dir='ltr'><strong>ii,</strong></span> <span class='ocrx_word' id='word_1_335' title='bbox 1446 2539 1538 2608; x_wconf 87' lang='lat' dir='ltr'><strong>qui</strong></span> <span class='ocrx_word' id='word_1_336' title='bbox 1561 2536 1797 2604; x_wconf 84' lang='lat' dir='ltr'><strong>silentur,</strong></span> <span class='ocrx_word' id='word_1_337' title='bbox 1820 2535 1987 2590; x_wconf 85' lang='lat' dir='ltr'><strong>codd.</strong></span> <span class='ocrx_word' id='word_1_338' title='bbox 2014 2534 2360 2607; x_wconf 71' lang='lat' dir='ltr'><strong>negligentius</strong></span> 
     </span>
     <span class='ocr_line' id='line_1_58' title="bbox 1356 2613 2362 2669; baseline -0.001 -2"><span class='ocrx_word' id='word_1_339' title='bbox 1356 2614 1412 2667; x_wconf 89' lang='lat' dir='ltr'><strong>h.</strong></span> <span class='ocrx_word' id='word_1_340' title='bbox 1456 2615 1490 2667; x_wconf 87' lang='lat' dir='ltr'><strong>l.</strong></span> <span class='ocrx_word' id='word_1_341' title='bbox 1530 2619 1635 2669; x_wconf 87' lang='lat' dir='ltr'><strong>sint</strong></span> <span class='ocrx_word' id='word_1_342' title='bbox 1670 2616 1864 2669; x_wconf 85' lang='lat' dir='ltr'><strong>collati.</strong></span> <span class='ocrx_word' id='word_1_343' title='bbox 1894 2615 2117 2668; x_wconf 77' lang='lat' dir='ltr'><strong>Videtur</strong></span> <span class='ocrx_word' id='word_1_344' title='bbox 2146 2613 2362 2666; x_wconf 83' lang='lat' dir='ltr'><strong>hodier-</strong></span> 
     </span>
     <span class='ocr_line' id='line_1_59' title="bbox 1357 2693 2360 2765; baseline 0.002 -20"><span class='ocrx_word' id='word_1_345' title='bbox 1357 2712 1486 2745; x_wconf 86' lang='lat' dir='ltr'><strong>num</strong></span> <span class='ocrx_word' id='word_1_346' title='bbox 1509 2712 1708 2746; x_wconf 90' lang='lat' dir='ltr'><strong>morem</strong></span> <span class='ocrx_word' id='word_1_347' title='bbox 1730 2693 1969 2747; x_wconf 84' lang='lat' dir='ltr'><strong>redolere</strong></span> <span class='ocrx_word' id='word_1_348' title='bbox 1993 2696 2360 2765; x_wconf 77' lang='lat' dir='ltr'><strong>conjunctivus</strong></span> 
     </span>
     <span class='ocr_line' id='line_1_60' title="bbox 1358 2771 2359 2843; baseline -0.001 -19"><span class='ocrx_word' id='word_1_349' title='bbox 1358 2787 1422 2824; x_wconf 83' lang='lat' dir='ltr'><strong>ex</strong></span> <span class='ocrx_word' id='word_1_350' title='bbox 1446 2771 1659 2843; x_wconf 85' lang='lat' dir='ltr'><strong>obliqua</strong></span> <span class='ocrx_word' id='word_1_351' title='bbox 1682 2774 1885 2824; x_wconf 85' lang='lat' dir='ltr'><strong>ratione</strong></span> <span class='ocrx_word' id='word_1_352' title='bbox 1906 2774 2191 2842; x_wconf 80' lang='lat' dir='ltr'><strong>repetitus,</strong></span> <span class='ocrx_word' id='word_1_353' title='bbox 2218 2773 2275 2823; x_wconf 89' lang='lat' dir='ltr'><strong>in</strong></span> <span class='ocrx_word' id='word_1_354' title='bbox 2302 2790 2359 2823; x_wconf 85' lang='lat' dir='ltr'><strong>re</strong></span> 
     </span>
     <span class='ocr_line' id='line_1_61' title="bbox 1356 2850 2363 2914; baseline -0.002 -12"><span class='ocrx_word' id='word_1_355' title='bbox 1356 2851 1508 2902; x_wconf 83' lang='lat' dir='ltr'><strong>nimis</strong></span> <span class='ocrx_word' id='word_1_356' title='bbox 1537 2862 1697 2903; x_wconf 84' lang='lat' dir='ltr'><strong>certa.</strong></span> <span class='ocrx_word' id='word_1_357' title='bbox 1725 2878 1799 2890; x_wconf 90' lang='lat'><strong>—-</strong></span> <span class='ocrx_word' id='word_1_358' title='bbox 1824 2852 1885 2901; x_wconf 83' lang='lat' dir='ltr'><strong>R.</strong></span> <span class='ocrx_word' id='word_1_359' title='bbox 1924 2866 1942 2899; x_wconf 81' lang='grc' dir='ltr'><strong>ι</strong></span> <span class='ocrx_word' id='word_1_360' title='bbox 1979 2863 2031 2901; x_wconf 89' lang='lat' dir='ltr'><strong>et</strong></span> <span class='ocrx_word' id='word_1_361' title='bbox 2057 2850 2251 2914; x_wconf 57' lang='lat' dir='ltr'><strong>Cant,</strong></span> <span class='ocrx_word' id='word_1_362' title='bbox 2275 2860 2363 2900; x_wconf 79' lang='lat' dir='ltr'><strong>at-</strong></span> 
     </span>
     <span class='ocr_line' id='line_1_62' title="bbox 1358 2926 2358 2995; baseline 0.001 -16"><span class='ocrx_word' id='word_1_363' title='bbox 1358 2926 1605 2979; x_wconf 76' lang='lat' dir='ltr'><strong>tulerunt.</strong></span> <span class='ocrx_word' id='word_1_364' title='bbox 1629 2929 1735 2980; x_wconf 72' lang='grc' dir='ltr'><strong>ΒΚ.</strong></span> <span class='ocrx_word' id='word_1_365' title='bbox 1769 2944 1829 2995; x_wconf 82' lang='lat'><strong>2,</strong></span> <span class='ocrx_word' id='word_1_366' title='bbox 1863 2926 1893 2980; x_wconf 84' lang='lat'>5</span> <span class='ocrx_word' id='word_1_367' title='bbox 1924 2939 1977 2979; x_wconf 78' lang='lat' dir='ltr'><strong>et</strong></span> <span class='ocrx_word' id='word_1_368' title='bbox 2001 2928 2185 2994; x_wconf 56' lang='lat' dir='ltr'><strong>cm„</strong></span> <span class='ocrx_word' id='word_1_369' title='bbox 2216 2938 2358 2980; x_wconf 69' lang='lat' dir='ltr'><strong>atm-</strong></span> 
     </span>
     <span class='ocr_line' id='line_1_63' title="bbox 1360 3005 1647 3059; baseline -0.007 0"><span class='ocrx_word' id='word_1_370' title='bbox 1360 3005 1529 3059; x_wconf 69' lang='lat' dir='ltr'><strong>lev-int.</strong></span> <span class='ocrx_word' id='word_1_371' title='bbox 1553 3009 1647 3059; x_wconf 83' lang='lat' dir='ltr'><strong>En.</strong></span> 
     </span>
    </p>

    <p class='ocr_par' dir='ltr' id='par_1_10' title="bbox 1347 3084 2357 4082">
     <span class='ocr_line' id='line_1_64' title="bbox 1430 3084 2353 3157; baseline -0.001 -20"><span class='ocrx_word' id='word_1_372' title='bbox 1430 3084 1480 3137; x_wconf 85' lang='lat'><strong>5.</strong></span> <span class='ocrx_word' id='word_1_373' title='bbox 1516 3086 1875 3157; x_wconf 63' lang='lat' dir='ltr'><strong>Reqendomm</strong></span> <span class='ocrx_word' id='word_1_374' title='bbox 1907 3087 2160 3138; x_wconf 78' lang='lat' dir='ltr'><strong>omnium.</strong></span> <span class='ocrx_word' id='word_1_375' title='bbox 2195 3084 2353 3138; x_wconf 86' lang='lat' dir='ltr'><strong>Goth.</strong></span> 
     </span>
     <span class='ocr_line' id='line_1_65' title="bbox 1356 3162 2353 3236; baseline 0.001 -21"><span class='ocrx_word' id='word_1_376' title='bbox 1356 3163 1696 3236; x_wconf 65' lang='lat' dir='ltr'><strong>regendorum</strong></span> <span class='ocrx_word' id='word_1_377' title='bbox 1712 3162 1984 3216; x_wconf 75' lang='lat' dir='ltr'><strong>hominum</strong></span> <span class='ocrx_word' id='word_1_378' title='bbox 1994 3200 2011 3228; x_wconf 87' lang='lat'><strong>,</strong></span> <span class='ocrx_word' id='word_1_379' title='bbox 2028 3181 2150 3215; x_wconf 88' lang='lat' dir='ltr'><strong>cum</strong></span> <span class='ocrx_word' id='word_1_380' title='bbox 2162 3164 2194 3216; x_wconf 83' lang='lat' dir='ltr'>J</span> <span class='ocrx_word' id='word_1_381' title='bbox 2197 3181 2353 3216; x_wconf 81' lang='lat' dir='ltr'><strong>oann.</strong></span> 
     </span>
     <span class='ocr_line' id='line_1_66' title="bbox 1354 3240 2356 3310; baseline -0.004 -14"><span class='ocrx_word' id='word_1_382' title='bbox 1354 3245 1507 3296; x_wconf 75' lang='lat' dir='ltr'><strong>Voss.</strong></span> <span class='ocrx_word' id='word_1_383' title='bbox 1541 3259 1587 3310; x_wconf 83' lang='lat'><strong>1,</strong></span> <span class='ocrx_word' id='word_1_384' title='bbox 1617 3259 1678 3308; x_wconf 77' lang='lat' dir='ltr'><strong>a,</strong></span> <span class='ocrx_word' id='word_1_385' title='bbox 1707 3255 1759 3293; x_wconf 86' lang='lat' dir='ltr'><strong>et</strong></span> <span class='ocrx_word' id='word_1_386' title='bbox 1793 3240 1913 3294; x_wconf 88' lang='lat' dir='ltr'><strong>edd.</strong></span> <span class='ocrx_word' id='word_1_387' title='bbox 1947 3253 2070 3294; x_wconf 76' lang='lat' dir='ltr'><strong>ante</strong></span> <span class='ocrx_word' id='word_1_388' title='bbox 2097 3242 2356 3294; x_wconf 88' lang='lat' dir='ltr'><strong>Stoerium</strong></span> 
     </span>
     <span class='ocr_line' id='line_1_67' title="bbox 1355 3318 2356 3392; baseline 0.001 -21"><span class='ocrx_word' id='word_1_389' title='bbox 1355 3322 1511 3385; x_wconf 81' lang='lat' dir='ltr'><strong>meis,</strong></span> <span class='ocrx_word' id='word_1_390' title='bbox 1531 3334 1721 3392; x_wconf 76' lang='lat' dir='ltr'><strong>praeter</strong></span> <span class='ocrx_word' id='word_1_391' title='bbox 1736 3319 1856 3372; x_wconf 82' lang='lat' dir='ltr'><strong>Ald.</strong></span> <span class='ocrx_word' id='word_1_392' title='bbox 1869 3358 1887 3384; x_wconf 92' lang='grc'><strong>,</strong></span> <span class='ocrx_word' id='word_1_393' title='bbox 1909 3319 2181 3388; x_wconf 82' lang='lat' dir='ltr'><strong>omnibus,</strong></span> <span class='ocrx_word' id='word_1_394' title='bbox 2201 3318 2356 3372; x_wconf 83' lang='lat' dir='ltr'><strong>solito</strong></span> 
     </span>
     <span class='ocr_line' id='line_1_68' title="bbox 1355 3398 2357 3470; baseline 0 -20"><span class='ocrx_word' id='word_1_395' title='bbox 1355 3413 1530 3450; x_wconf 84' lang='lat' dir='ltr'><strong>errore</strong></span> <span class='ocrx_word' id='word_1_396' title='bbox 1551 3418 1564 3460; x_wconf 88' lang='grc'><strong>;</strong></span> <span class='ocrx_word' id='word_1_397' title='bbox 1607 3415 1731 3449; x_wconf 80' lang='lat' dir='ltr'><strong>nam</strong></span> <span class='ocrx_word' id='word_1_398' title='bbox 1772 3399 1897 3449; x_wconf 85' lang='lat' dir='ltr'><strong>satis</strong></span> <span class='ocrx_word' id='word_1_399' title='bbox 1933 3398 2188 3450; x_wconf 83' lang='lat' dir='ltr'><strong>firmatam</strong></span> <span class='ocrx_word' id='word_1_400' title='bbox 2220 3412 2357 3470; x_wconf 83' lang='lat' dir='ltr'><strong>puto</strong></span> 
     </span>
     <span class='ocr_line' id='line_1_69' title="bbox 1354 3477 2353 3550; baseline 0 -21"><span class='ocrx_word' id='word_1_401' title='bbox 1354 3491 1624 3550; x_wconf 79' lang='lat' dir='ltr'><strong>receptam</strong></span> <span class='ocrx_word' id='word_1_402' title='bbox 1646 3477 1951 3529; x_wconf 85' lang='lat' dir='ltr'><strong>auctoribus</strong></span> <span class='ocrx_word' id='word_1_403' title='bbox 1978 3477 2151 3530; x_wconf 79' lang='lat' dir='ltr'><strong>Guelf.</strong></span> <span class='ocrx_word' id='word_1_404' title='bbox 2177 3480 2353 3530; x_wconf 82' lang='lat' dir='ltr'><strong>Turio.</strong></span> 
     </span>
     <span class='ocr_line' id='line_1_70' title="bbox 1354 3556 2356 3623; baseline 0 -13"><span class='ocrx_word' id='word_1_405' title='bbox 1354 3557 1489 3610; x_wconf 80' lang='lat' dir='ltr'><strong>Alm.</strong></span> <span class='ocrx_word' id='word_1_406' title='bbox 1514 3556 1664 3609; x_wconf 87' lang='lat' dir='ltr'><strong>Bodl.</strong></span> <span class='ocrx_word' id='word_1_407' title='bbox 1691 3556 1796 3609; x_wconf 87' lang='lat' dir='ltr'><strong>Bal.</strong></span> <span class='ocrx_word' id='word_1_408' title='bbox 1818 3559 1969 3610; x_wconf 87' lang='lat' dir='ltr'><strong>Voss.</strong></span> <span class='ocrx_word' id='word_1_409' title='bbox 1998 3558 2059 3623; x_wconf 81' lang='lat'><strong>3,</strong></span> <span class='ocrx_word' id='word_1_410' title='bbox 2082 3559 2231 3610; x_wconf 89' lang='lat' dir='ltr'><strong>Bern.</strong></span> <span class='ocrx_word' id='word_1_411' title='bbox 2247 3560 2356 3610; x_wconf 85' lang='lat' dir='ltr'><strong>Ve-</strong></span> 
     </span>
     <span class='ocr_line' id='line_1_71' title="bbox 1353 3633 2351 3708; baseline 0.001 -21"><span class='ocrx_word' id='word_1_412' title='bbox 1353 3654 1469 3687; x_wconf 87' lang='lat' dir='ltr'><strong>rum</strong></span> <span class='ocrx_word' id='word_1_413' title='bbox 1510 3648 1687 3688; x_wconf 86' lang='lat' dir='ltr'><strong>tamen</strong></span> <span class='ocrx_word' id='word_1_414' title='bbox 1726 3648 1859 3708; x_wconf 88' lang='lat' dir='ltr'><strong>puto</strong></span> <span class='ocrx_word' id='word_1_415' title='bbox 1903 3633 2049 3707; x_wconf 80' lang='lat' dir='ltr'><strong>quod</strong></span> <span class='ocrx_word' id='word_1_416' title='bbox 2094 3635 2351 3688; x_wconf 77' lang='lat' dir='ltr'><strong>editiones</strong></span> 
     </span>
     <span class='ocr_line' id='line_1_72' title="bbox 1353 3711 2351 3768; baseline 0 -2"><span class='ocrx_word' id='word_1_417' title='bbox 1353 3729 1474 3767; x_wconf 85' lang='lat' dir='ltr'><strong>ante</strong></span> <span class='ocrx_word' id='word_1_418' title='bbox 1506 3716 1767 3768; x_wconf 89' lang='lat' dir='ltr'><strong>Stoerium</strong></span> <span class='ocrx_word' id='word_1_419' title='bbox 1801 3734 1931 3768; x_wconf 77' lang='lat' dir='ltr'><strong>meae</strong></span> <span class='ocrx_word' id='word_1_420' title='bbox 1968 3711 2098 3766; x_wconf 82' lang='lat' dir='ltr'><strong>dant</strong></span> <span class='ocrx_word' id='word_1_421' title='bbox 2137 3732 2351 3766; x_wconf 83' lang='lat' dir='ltr'><strong>omnes:</strong></span> 
     </span>
     <span class='ocr_line' id='line_1_73' title="bbox 1351 3792 2355 3868; baseline -0.001 -23"><span class='ocrx_word' id='word_1_422' title='bbox 1351 3793 1695 3868; x_wconf 72' lang='lat' dir='ltr'><strong>requndorum</strong></span> <span class='ocrx_word' id='word_1_423' title='bbox 1709 3812 1807 3865; x_wconf 87' lang='lat' dir='ltr'><strong>pro</strong></span> <span class='ocrx_word' id='word_1_424' title='bbox 1820 3792 2355 3866; x_wconf 52' lang='lat' dir='ltr'><strong>reqendorumffluam-</strong></span> 
     </span>
     <span class='ocr_line' id='line_1_74' title="bbox 1353 3869 2354 3942; baseline -0.001 -19"><span class='ocrx_word' id='word_1_425' title='bbox 1353 3890 1513 3942; x_wconf 88' lang='lat' dir='ltr'><strong>quam</strong></span> <span class='ocrx_word' id='word_1_426' title='bbox 1531 3890 1561 3923; x_wconf 95' lang='lat' dir='ltr'><strong>e</strong></span> <span class='ocrx_word' id='word_1_427' title='bbox 1578 3871 1864 3925; x_wconf 79' lang='lat' dir='ltr'><strong>codicibus</strong></span> <span class='ocrx_word' id='word_1_428' title='bbox 1882 3869 2013 3922; x_wconf 82' lang='lat' dir='ltr'><strong>nihil</strong></span> <span class='ocrx_word' id='word_1_429' title='bbox 2031 3871 2266 3923; x_wconf 79' lang='lat' dir='ltr'><strong>affertur.</strong></span> <span class='ocrx_word' id='word_1_430' title='bbox 2282 3899 2354 3911; x_wconf 78' lang='lat'><strong>‹—</strong></span> 
     </span>
     <span class='ocr_line' id='line_1_75' title="bbox 1347 3949 2350 4016; baseline -0.002 -14"><span class='ocrx_word' id='word_1_431' title='bbox 1347 3951 1410 4002; x_wconf 80' lang='lat' dir='ltr'><strong>R.</strong></span> <span class='ocrx_word' id='word_1_432' title='bbox 1439 3968 1457 4001; x_wconf 81' lang='grc' dir='ltr'><strong>ι</strong></span> <span class='ocrx_word' id='word_1_433' title='bbox 1484 3963 1537 4002; x_wconf 89' lang='lat' dir='ltr'><strong>et</strong></span> <span class='ocrx_word' id='word_1_434' title='bbox 1553 3952 1713 4003; x_wconf 75' lang='lat' dir='ltr'><strong>Cntr.</strong></span> <span class='ocrx_word' id='word_1_435' title='bbox 1727 3987 1745 4016; x_wconf 84' lang='lat'>,</span> <span class='ocrx_word' id='word_1_436' title='bbox 1759 3949 2011 4002; x_wconf 81' lang='lat' dir='ltr'><strong>omnium.</strong></span> <span class='ocrx_word' id='word_1_437' title='bbox 2029 3950 2089 4000; x_wconf 82' lang='lat' dir='ltr'><strong>R.</strong></span> <span class='ocrx_word' id='word_1_438' title='bbox 2112 3966 2161 4016; x_wconf 78' lang='lat'><strong>2,</strong></span> <span class='ocrx_word' id='word_1_439' title='bbox 2182 3949 2350 4000; x_wconf 78' lang='lat' dir='ltr'><strong>homi-</strong></span> 
     </span>
     <span class='ocr_line' id='line_1_76' title="bbox 1350 4031 1620 4082; baseline -0.004 -3"><span class='ocrx_word' id='word_1_440' title='bbox 1350 4047 1494 4082; x_wconf 78' lang='lat' dir='ltr'><strong>num.</strong></span> <span class='ocrx_word' id='word_1_441' title='bbox 1526 4031 1620 4081; x_wconf 81' lang='lat' dir='ltr'><strong>En.</strong></span> 
     </span>
    </p>

    <p class='ocr_par' dir='ltr' id='par_1_11' title="bbox 1357 4105 2346 4256">
     <span class='ocr_line' id='line_1_77' title="bbox 1418 4105 2346 4173; baseline 0.001 -15"><span class='ocrx_word' id='word_1_442' title='bbox 1418 4107 1468 4159; x_wconf 85' lang='lat'><strong>6.</strong></span> <span class='ocrx_word' id='word_1_443' title='bbox 1487 4106 1768 4172; x_wconf 79' lang='lat' dir='ltr'><strong>Mercurio,</strong></span> <span class='ocrx_word' id='word_1_444' title='bbox 1788 4106 2091 4160; x_wconf 78' lang='lat' dir='ltr'><strong>litterarum.</strong></span> <span class='ocrx_word' id='word_1_445' title='bbox 2108 4105 2242 4160; x_wconf 85' lang='lat' dir='ltr'><strong>Vide</strong></span> <span class='ocrx_word' id='word_1_446' title='bbox 2258 4107 2346 4173; x_wconf 84' lang='lat'>111,</span> 
     </span>
     <span class='ocr_line' id='line_1_78' title="bbox 1357 4185 1733 4256; baseline -0.005 -19"><span class='ocrx_word' id='word_1_447' title='bbox 1357 4202 1402 4246; x_wconf 77' lang='grc' dir='ltr'><strong>ι,</strong></span> <span class='ocrx_word' id='word_1_448' title='bbox 1428 4185 1487 4252; x_wconf 83' lang='grc'><strong>8,</strong></span> <span class='ocrx_word' id='word_1_449' title='bbox 1512 4197 1562 4237; x_wconf 88' lang='lat' dir='ltr'><strong>et</strong></span> <span class='ocrx_word' id='word_1_450' title='bbox 1587 4201 1733 4256; x_wconf 80' lang='lat' dir='ltr'><strong>seqq.</strong></span> 
     </span>
    </p>
   </div>
   <div class='ocr_carea' id='block_1_6' title="bbox 3151 107 3162 657">
    <p class='ocr_par' dir='ltr' id='par_1_12' title="bbox 3151 107 3162 657">
     <span class='ocr_line' id='line_1_79' title="bbox 3151 107 3162 657; baseline 0 0"><span class='ocrx_word' id='word_1_451' title='bbox 3151 107 3162 657; x_wconf 95' lang='lat' dir='ltr'><strong> </strong></span> 
     </span>
    </p>
   </div>
  </div>
 </body>
</html>
