3200 5150
695 488 1350 569 thTITUTIONIS
1386 501 1643 567 ORAT.
1684 500 1844 567 LIB.
1885 505 1947 582 1,
1997 527 2095 573 to.

2324 526 2449 596 ²27

345 653 682 701 seramus.
714 631 1061 700 Numeros
1101 633 1354 701 musice
1396 626 1710 726 duplices
1753 627 1998 717 habet,
2034 629 2107 700 in
2136 627 2455 719 vocibus,

349 762 424 814 et·
451 743 524 814 in
559 769 846 844 corpore
864 772 886 814 .·
911 742 1271 841 utriusque
1304 743 1496 815 enim
1522 742 1621 813 rei
1646 763 1844 841 aptus
1874 743 2164 842 quidam
2199 745 2459 818 modus

350 857 796 931 desideratur.
834 860 1038 932 Vocis
1062 862 1394 945 rationem
1413 857 1860 929 Aristoxenus
1882 859 2190 931 musicus
2216 859 2459 934 dividit

347 973 428 1045 in
448 986 632 1064 ῥυθμὸν
664 995 732 1046 et
758 988 905 1064 μέλος
922 982 1159 1065 ῐμμετρον
1187 988 1204 1018 ¹
1233 1004 1252 1065 ;
1285 1000 1591 1074 quorum
1627 974 1925 1046 alterum
1957 974 2453 1064 modulatione,

349 1115 602 1161 canore
635 1088 932 1161 alterum
953 1103 981 1134 ²
1019 1115 1097 1161 ac
1128 1095 1311 1161 sonis
1341 1108 1627 1160 constat.
1662 1092 1856 1161 Num
1888 1090 2096 1188 igitur
2128 1117 2271 1162 non
2308 1091 2460 1164 haec

347 1203 638 1276 omnia³
673 1206 923 1277 oratori
959 1204 1388 1277 necessaria?
1416 1232 1721 1305 quorum
1758 1232 1986 1277 unum
2018 1204 2107 1276 ad
2141 1227 2458 1304 gestum,

346 1318 645 1392 alterum
676 1319 765 1391 ad
789 1320 1317 1393 collocationem
1351 1321 1727 1393 verborum
1751 1379 1769 1411 ‚
1803 1321 2083 1393 tertium
2120 1321 2207 1392 ad
2238 1321 2462 1393 flexus

344 1433 568 1523 νοεῖς,
618 1434 739 1533 qui
786 1456 951 1506 sunt
998 1436 1071 1506 in
1117 1435 1388 1534 agendo
1431 1463 1716 1535 quoque
1759 1436 2086 1534 plurimi,
2135 1437 2455 1535 pertinet.

350 1547 495 1617 Nisi
528 1548 703 1618 forte
735 1548 806 1618 in
839 1548 1270 1620 carminibus
1300 1546 1627 1621 tantum4
1651 1570 1717 1620 et
1746 1549 1818 1620 in
1850 1549 2130 1621 canticis
2165 1550 2460 1648 exigitur
2496 1565 2564 1620 23

341 1681 687 1733 structura
744 1663 1072 1761 quaedam
1122 1685 1189 1735 et
1240 1663 1589 1735 inoffensa
1617 1663 1989 1763 'copulatio
2036 1691 2334 1754 vocum,
2382 1665 2458 1737 in

342 1777 620 1874 agendo
657 1804 1085 1874 supervacua
1114 1800 1252 1863 est3
1301 1799 1421 1845 aut
1461 1806 1608 1847 non
1647 1779 2057 1874 compositio
2091 1799 2159 1849 et
2186 1806 2400 1849 sonus
2424 1777 2457 1824 ⁵

347 1891 420 1962 in
450 1890 758 1963 oratione
792 1916 1076 1989 quoque
1099 1889 1282 1961 varie
1303 1917 1481 1989 ,pro
1518 1917 1753 1961 rerum
1778 1892 2029 1981 modo,
2061 1891 2456 1985 adhibetur,

344 2006 528 2078 sicut
560 2005 633 2077 in
669 2005 954 2077 musice.
991 2008 1172 2076 Nam
1226 2032 1314 2077 ue
1346 2026 1413 2077 et
1443 2030 1609 2076 voce
1646 2025 1715 2077 et
1742 2004 2222 2079 modulatione
2251 2035 2460 2106 gran·
2497 2021 2569 2091 ²4

343 2120 464 2193 dia
503 2121 718 2210 elate,
755 2120 1087 2221 jucunda
1073 2119 1224 2251 filu
1257 2119 1445 2210 citer,
1494 2108 1853 2191 moderata
1892 2119 2140 2192 leniter
2179 2120 2456 2216 canit⁶;

1041 2254 1064 2285 s

1027 2288 1040 2323 1

345 2319 739 2389 longiusculum
756 2337 1020 2392 parergon
1036 2318 1106 2389 de
1131 2321 1357 2373 musices

340 2398 610 2452 laudibus.
642 2398 742 2451 Sed
770 2401 919 2451 venia
949 2398 1125 2449 danda
1153 2396 1317 2449 Fabio
1340 2435 1358 2464 ,

352 2481 442 2550 qui
466 2478 603 2531 forte
628 2477 806 2529 studio
833 2479 1057 2529 musices
1082 2476 1362 2529 vehemen-

342 2570 430 2611 ter
442 2556 671 2624 deditus,
682 2560 736 2610 in
749 2575 811 2610 ea
825 2556 1090 2611 laudanda
1106 2556 1268 2628 paulo
1283 2559 1359 2609 in-

337 2637 642 2690 consultius
658 2641 824 2688 amori
841 2656 938 2690 suo
953 2637 1186 2691 indulsit.
1198 2640 1356 2690 Rom..

427 2732 445 2767 1
461 2757 472 2767 .
484 2714 870 2768 Aristoxenus...
890 2714 1124 2784 imici-pov.
1141 2719 1265 2768 Non
1280 2729 1359 2769 est

345 2797 448 2847 iste
459 2795 615 2846 locus
629 2796 766 2845 inter
781 2793 1024 2866 reliquias
1041 2798 1354 2848 Aristoxeni.

348 2873 512 2942 Quod
553 2887 728 2925 nutem
775 2873 1092 2945 adjectivum
1138 2873 1356 2943 ἔμμετρον

349 2951 554 3004 addidit
569 2954 691 3004 voci
698 2949 846 3018 ptime
862 2952 934 3024 (si
954 2953 1181 3020 addidit,
1208 2954 1356 3005 abest

349 3033 491 3084 enim
532 3030 601 3082 ab
643 3030 780 3083 Alm.
825 3032 972 3085 Bodl.
1015 3032 1260 3104 Tui-im),
1302 3031 1358 3083 id

341 3127 576 3183 poeseos
612 3112 837 3164 fortasse
875 3131 1039 3164 causa
1071 3113 1234 3178 fecit,
1271 3112 1360 3164 cui

349 3190 665 3262 plerumque
693 3192 904 3243 inservit
932 3209 1050 3243 vox.
1081 3193 1172 3244 Est
1199 3194 1359 3243 etiam

349 3271 467 3323 talis
503 3269 648 3342 apud
677 3271 940 3324 Aristiden
972 3271 1358 3340 Quintilianum

345 3347 433 3438 (p.
469 3351 631 3404 Meib.
667 3369 729 3416 2,
757 3351 861 3403 vol.
896 3351 961 3423 α)
994 3352 1214 3403 divisio:
1255 3349 1359 3417 περὶ

341 3448 434 3493 μιν
450 3425 548 3495 γεῖς
564 3431 802 3494 psautier
827 3430 989 3486 ivn-'3⁶
1014 3429 1040 3482 ii
1060 3425 1189 3481 ‘onai
1213 3426 1357 3496 <pavi-

349 3505 462 3576 ωρὶ
493 3504 547 3559 0⁸3
577 3505 742 3575 ῥυθμδν
775 3507 804 3560 η’
829 3505 1005 3566 ταύτης
1031 3510 1218 3565 κίνησις·
1247 3507 1360 3576 mpl

349 3571 404 3638 &i
426 3582 507 3639 mir
526 3584 650 3650 λῖξιν
672 3582 729 3638 vro*
741 3584 929 3654 μίτραν.

427 3680 476 3716 2.
501 3666 698 3717 canore
714 3665 952 3718 alterum.
975 3668 1058 3720 Sic
1077 3665 1236 3719 verba
1255 3666 1363 3718 col-

350 3742 534 3794 locant
561 3742 722 3796 Goth.
755 3757 807 3796 et
833 3746 976 3797 Jens.
1012 3743 1144 3817 (tao.
1171 3745 1363 3818 Gesn.)

353 3821 772 3897 cumplerisque
799 3837 925 3876 vett.
956 3824 1110 3893 edd„
1141 3838 1194 3878 et
1226 3844 1362 3877 con-

352 3903 564 3955 cinnior
595 3900 803 3953 videtur
834 3905 966 3954 ratio
985 3941 1001 3968 ,
1032 3921 1194 3973 quum
1225 3923 1363 3976 prte-

350 3981 534 4034 oertim
559 3999 682 4032 mox
701 3980 922 4033 alterum
943 3980 1120 4033 denuo
1138 3985 1191 4033 in
1209 3983 1363 4035 fron-

353 4073 411 4112 te
434 4071 758 4133 compareat.
779 4060 938 4112 Gesn.
967 4072 1020 4113 et
1041 4075 1177 4113 mco.
1197 4083 1210 4111 =
1236 4061 1365 4112 alte·

354 4155 476 4192 rum
501 4155 702 4192 canone.

427 4217 481 4270 3.
507 4218 638 4271 Hae
661 4218 859 4273 omnia.
873 4219 1081 4273 'Omnia
1099 4217 1366 4290 dicuntur,

1450 2336 1581 2391 quas
1601 2316 1777 2371 adhuc
1794 2319 1989 2388 tetigit,
2010 2320 2238 2371 musices
2252 2332 2461 2392 partes,

1449 2416 1563 2468 quae
1588 2411 1713 2448 sunt
1736 2411 1869 2449 tres:
1896 2396 2173 2471 rhythmus
2192 2401 2246 2450 in
2265 2418 2462 2472 corpo-

1444 2494 1501 2528 re
1516 2515 1532 2542 ,
1556 2476 1651 2549 qui
1673 2476 1899 2547 pertinet
1918 2476 1987 2527 ad
2006 2488 2203 2548 gestum
2222 2515 2238 2543 ,
2269 2477 2460 2551 rhyth-

1445 2575 1562 2608 mus
1596 2558 1651 2607 in
1680 2554 1900 2608 vocibus
1932 2554 2036 2627 (od
2061 2555 2463 2610 collocationem

1447 2635 1772 2705 verborum),
1797 2634 1964 2687 melos
1987 2634 2087 2705 (ad
2098 2636 2268 2707 flexus
2284 2637 2459 2710 vocis).

1519 2715 1568 2781 4.
1605 2715 1723 2768 Nisi
1738 2715 1885 2786 forte
1912 2715 1966 2765 in
1996 2716 2309 2769 numinibus
2336 2726 2462 2768 tan-

1447 2804 1588 2857 tum,
1611 2807 1710 2845 etc.
1732 2793 1969 2847 Observa
1987 2811 2197 2865 semper
2213 2795 2329 2862 hic,
2349 2799 2464 2850 sive

1445 2872 1514 2924 de
1538 2874 1767 2939 musica,
1791 2875 1898 2924 sive
1921 2873 1987 2924 de
2013 2873 2314 2944 eloquentia
2334 2895 2462 2946 aga-

1446 2952 1549 3018 tur,
1582 2965 1827 3004 accurate
1863 2952 2116 3022 distingui
2148 2953 2258 3004 duo
2290 2973 2463 3007 mem-

1441 3030 1573 3097 bra,
1606 3033 1662 3082 in
1701 3049 1804 3100 qua
1836 3033 1979 3080 vocis
2019 3034 2276 3083 rationem
2315 3035 2460 3085 Aris-

1446 3122 1670 3161 toxenus
1708 3108 1890 3160 dividit
1912 3131 1924 3159 :
1967 3127 2193 3178 quorum
2235 3110 2463 3164 alterum

1443 3188 1813 3240 modulatione
1828 3226 1845 3253 ,
1884 3205 2082 3238 canore
2128 3187 2353 3241 alterum
2394 3207 2458 3242 ac

1447 3268 1591 3319 sonis
1624 3279 1849 3318 constat.
1882 3266 2152 3319 Str-actura
2183 3266 2458 3341 quaedam,

1443 3357 1500 3398 et
1513 3345 1778 3418 inoffensa
1791 3343 2055 3417 copulatio
2066 3363 2287 3400 vocum..
2300 3386 2310 3397 .
2325 3366 2464 3400 com-

1439 3426 1634 3499 positio
1661 3436 1713 3477 et
1735 3444 1943 3478 sonus...
1974 3437 2027 3479 et
2052 3447 2172 3479 voce
2198 3431 2250 3479 ‘et
2270 3429 2463 3481 modu-

1451 3506 1702 3558 latione...
1731 3505 1945 3578 aliaque
1963 3516 2015 3557 et
2034 3506 2390 3562 collocationis
2411 3521 2465 3564 et

1450 3586 1586 3637 vocis
1607 3584 1980 3637 modulatione.
2008 3588 2169 3639 Rom..

1523 3664 1573 3716 5.
1624 3664 1935 3736 Compositio
1975 3676 2028 3717 et
2060 3684 2228 3718 sonus.
2268 3669 2461 3719 Fateor

1451 3763 1535 3796 me
1554 3741 1752 3795 haerere
1774 3746 1830 3795 in
1853 3743 2116 3796 vocabulo
2139 3745 2460 3816 compositio.

1451 3823 1594 3892 Quid
1615 3825 1752 3875 enim
1768 3822 1946 3875 differt
1960 3823 2071 3875 haec
2087 3823 2154 3875 ab
2170 3822 2257 3875 illa
2268 3863 2285 3888 ,
2302 3842 2463 3894 quam

1451 3902 1615 3954 modo
1631 3906 1890 3973 tetigerat,
1900 3903 2464 3975 copulationePEtiam-

1453 3986 1497 4035 si
1526 3982 1735 4035 abesset
1762 3983 2096 4054 compositio,
2127 3984 2251 4036 ferri
2276 3995 2464 4056 posset

1453 4073 1505 4113 et
1525 4076 1649 4114 ante
1671 4080 1838 4114 sonus.

1524 4142 1575 4193 6.
1598 4141 1765 4193 Canit.
1790 4142 1988 4194 Musice
2004 4142 2330 4212 intelligitur,
2346 4163 2464 4218 qun

1453 4232 1643 4287 canat,
1680 4240 1749 4275 ne
1786 4223 1902 4293 quis
1936 4221 2076 4276 forte
2105 4228 2220 4296 jam
2248 4223 2361 4278 hac
2391 4222 2464 4280 ad

2093 4310 2173 4366 15.
