3200 5150
686 496 1334 568 ms'rl‘rn‘rmms
1371 500 1625 569 ORAT.
1665 499 1824 569 Lm.
1867 502 1931 584 1,
1972 500 2031 570 3.
2321 525 2399 595 77

319 644 522 721 atque
557 649 637 694 ea
670 649 950 722 quoque
970 678 990 711 ‚
1031 647 1186 722 quae
1221 646 1427 695 sensu
1461 643 1528 695 et
1559 624 1796 697 anima
1829 646 2061 697 carent
2081 681 2100 714 ,
2149 622 2236 698 ut'
2270 653 2407 699 ser-

318 765 474 810 vare
505 738 646 810 vim
689 763 887 811 suam
923 739 1186 838 possint
1208 794 1228 828 ,
1260 739 1446 811 velut
1479 739 1743 813 alterna
1773 741 2003 840 quiete
2038 743 2405 815 retendun-

319 875 432 926 tur
458 867 476 899 ¹
508 881 523 925 ε
561 854 680 926 sed
708 855 898 954 quod
926 855 1245 927 studium·
1269 855 1575 927 discendi
1599 912 1618 944 ,
1649 856 2000 930 voluntate
2018 913 2037 946 ,
2070 884 2226 957 quae
2254 859 2406 957 cogi

318 996 463 1042 non
495 990 756 1069 potest,
791 992 1071 1043 constat.
1117 971 1356 1070 Itaque
1397 993 1465 1043 et
1500 972 1751 1043 virium
1790 972 1947 1072 plus
1985 975 2288 1046 afferunt
2318 973 2407 1046 ad
2476 1002 2516 1055 9

318 1086 732 1159 discendum
769 1087 1069 1159 renovati
1098 1113 1178 1158 ac
1209 1107 1550 1176 recentes,
1584 1108 1652 1159 et
1684 1087 2016 1160 acriorem
2049 1089 2405 1178 animum,

319 1200 442 1299 qui
486 1201 629 1272 fere
685 1197 1201 1273 necessitatibus
1253 1222 1609 1299 repugnat.
1668 1203 1813 1273 Nec
1873 1228 1989 1273 me
2042 1203 2410 1275 offenderit
2451 1241 2515 1275 ιο

319 1313 513 1386 lusus
563 1313 636 1385 in
681 1312 955 1412 pueris:
1004 1334 1105 1385 est
1145 1335 1212 1385 et
1251 1314 1384 1385 hoc
1426 1314 1707 1412 signum
1746 1314 2126 1388 alacritati&
2164 1318 2407 1415 Neque

318 1427 522 1499 illum
547 1427 806 1499 tristem
824 1440 852 1473 ²
867 1482 888 1515 ‚
917 1452 1328 1525 semperque
1350 1427 1765 1515 demissum,
1787 1454 2056 1526 sperare
2077 1456 2360 1528 possum
2377 1430 2407 1475 3

319 1561 554 1613 erectae
589 1541 766 1613 circa
800 1540 1025 1612 studia
1059 1540 1309 1612 mentis
1342 1540 1525 1629 fore,
1561 1567 1785 1639 quum
1821 1541 1893 1611 in
1927 1542 2060 1614 hoc
2090 1570 2408 1642 quoque,

319 1654 621 1727 maxime
666 1654 962 1728 naturali
1010 1655 1319 1727 aetatibus
1362 1654 1533 1744 illis,
1578 1655 1845 1754 impetu
1873 1652 2120 1756 jaceat.
2153 1657 2410 1729 Modus
2453 1697 2516 1731 ιι.

318 1790 551 1841 tamen
592 1769 677 1841 sit
717 1768 1273 1858 remissionibuS‚
1320 1795 1409 1841 ne
1447 1789 1567 1841 aut
1609 1768 1852 1841 odium
1886 1769 2273 1843 studiorum
2310 1773 2412 1843 fa-

318 1885 504 1957 ciant
560 1905 824 1983 negatae
851 1940 870 1973 ,
931 1905 1052 1956 aut
1109 1884 1227 1956 otii
1279 1884 1856 1957 consuetudinem
1917 1885 2176 1958 nimiae.
2233 1889 2411 1959 Sunt

319 1998 528 2070 etiam
553 1995 877 2069 nonnulli
897 1996 1224 2069 acuendis
1243 2024 1620 2097 puerorum
1648 1999 1943 2098 ingeniis
1969 2026 2112 2073 non
2133 1999 2410 2073 inutiles

319 2112 552 2200 lusuS‚
587 2137 811 2210 quum
848 2110 1082 2210 posuis
1114 2111 1409 2184 invicem
1449 2113 1787 2213 cujusque
1832 2111 2152 2212 generis4
2191 2141 2411 2214 quaes-

319 2224 649 2298 tiunculis
678 2224 1114 2299 oemulantur.
1146 2227 1376 2298 Mores
1406 2253 1687 2326 quoque
1711 2253 1781 2298 se
1812 2226 1989 2300 inter
2014 2227 2407 2301 ludendum
2454 2271 2512 2307 η

319 2339 704 2440 simplicius
751 2340 1122 2440 detegunt,
1167 2340 1378 2413 modo
1423 2340 1621 2413 nulla
1663 2340 1975 2414 videatur
2020 2343 2226 2416 aetas⁵
2264 2365 2408 2417 tam

400 2569 443 2608 ι.
469 2542 837 2612 &undamn
859 2557 1075 2628 Egregia
1096 2558 1321 2628 scriptu-

321 2651 380 2689 ra
401 2652 500 2705 pro
522 2635 819 2700 retinentur,
843 2634 988 2706 quod
1008 2635 1204 2688 habent
1224 2635 1321 2688 ali-

324 2725 455 2783 quot
487 2711 653 2765 codd.
688 2726 740 2764 et
773 2715 947 2766 multae
980 2714 1097 2766 edd.
1137 2715 1324 2766 Reten-

322 2790 522 2841 duntur
544 2804 722 2862 aperte
748 2793 957 2864 praefert
979 2792 1139 2845 Goth.
1163 2792 1324 2863 (mire

323 2882 548 2938 negante
566 2869 798 2921 Gesnero
810 2908 826 2936 ‚
843 2874 934 2940 qui
954 2871 1236 2922 retinentur
1251 2870 1325 2923 ibi

324 2944 428 3016 legi
460 2946 665 3016 narrat)
695 2960 747 3000 et
778 2947 950 3000 Guelf.
984 2949 1330 3000 retunduntur

322 3043 422 3098 per
463 3022 660 3076 librarii
708 3044 935 3078 errorem
981 3045 1121 3079 sane.
1169 3025 1329 3083 Velut

324 3103 498 3155 alieno
525 3101 735 3173 quidem
758 3104 867 3156 fere
889 3104 1094 3156 videtur
1115 3123 1229 3157 esse
1252 3104 1325 3156 lo-

326 3202 421 3249 co,
442 3183 587 3253 quod
606 3184 935 3236 commodius
958 3184 1219 3257 praecedat
1240 3203 1331 3238 vo-

327 3280 445 3313 cem
466 3260 655 3313 retend.
682 3260 781 3313 Sed
809 3261 936 3314 nihil
960 3264 1014 3315 in
1034 3265 1213 3335 positu
1238 3281 1327 3314 va-

326 3342 462 3391 riant
481 3338 648 3392 codd.
669 3354 721 3391 et
741 3337 859 3392 edd.
883 3343 982 3393 nisi
1002 3340 1147 3412 quod
1165 3339 1324 3393 Goth.

329 3430 380 3471 et
411 3417 584 3470 Guelf.
620 3431 672 3469 et
705 3421 829 3470 Loc.
860 3420 1018 3470 Rusc.
1050 3419 1174 3471 Bad.
1205 3418 1325 3471 Ald.

328 3516 414 3570 qu.
454 3497 546 3550 alt.
586 3515 684 3569 pro
721 3496 812 3549 alt.
852 3516 939 3570 qu.
976 3497 1118 3569 quod
1155 3501 1327 3570 ipsum

326 3577 573 3647 praefer03
598 3577 653 3627 in
670 3576 740 3644 σῷ
755 3573 955 3627 alterna
982 3576 1163 3632 saltem
1185 3575 1330 3629 nulla

331 3666 409 3704 est
432 3655 632 3723 imagn,
658 3653 834 3725 aliqua
858 3667 1033 3707 tamen
1056 3658 1111 3707 in
1135 3656 1328 3729 quiete,

330 3744 390 3784 ut
414 3745 583 3781 totum
611 3731 741 3784 illud
768 3752 856 3805 qu.
891 3733 983 3786 alt.
1014 3744 1103 3788 ret.
1133 3753 1231 3806 pro
1260 3735 1332 3788 si-

330 3807 625 3861 militudine
649 3810 860 3864 aliunde
886 3814 1050 3864 ascita
1078 3814 1331 3884 accipiam,

332 3898 725 3960 proptereaque
739 3893 1065 3960 praemissum
1088 3893 1137 3942 ei
1161 3893 1226 3943 sit
1255 3908 1334 3942 ve·-

334 3966 440 4030 lut,
464 3965 817 4021 translationis
841 3969 1012 4022 index.
1031 3971 1186 4021 -lta
1204 3971 1332 4039 neg.

333 4046 464 4106 Cod.
487 4063 513 4098 2
528 4085 545 4112 .,
565 4046 612 4102 3.
636 4049 702 4099 At
720 4049 781 4101 R.
803 4050 860 4102 C.
892 4067 909 4101 t
935 4063 988 4101 et
1005 4051 1194 4118 Caum,
1220 4049 1336 4101 reti·

338 4136 537 4178 nentur.
561 4128 650 4179 Eu.
673 4157 743 4166 —
761 4128 1025 4180 Retendun
1035 4139 1131 4181 tur.
1148 4131 1338 4181 Remit-
1424 4129 1552 4179 recti
1578 4144 1788 4178 sensum
1805 4124 1886 4176 vel
1905 4126 2190 4176 tenerrimis
2210 4125 2428 4193 ingene-

336 4217 539 4274 runem-2
554 4204 804 4262 laxamur.
830 4209 977 4261 Hanc
991 4211 1096 4262 vim
1114 4209 1339 4278 particu-

1410 2553 1461 2608 la
1484 2570 1536 2607 re
1556 2552 1733 2609 habet:
1759 2552 1992 2620 recludo,
2018 2554 2230 2628 miquo.
2252 2554 2409 2625 Bou„

1485 2652 1532 2688 2.
1556 2633 1722 2687 Illum
1747 2636 1954 2691 tristem.
1979 2634 2152 2687 Guelf.
2179 2654 2300 2688 cum
2324 2636 2413 2687 alis-

1413 2726 1544 2786 quot
1570 2710 1685 2766 aliis
1708 2713 1874 2768 codd.
1906 2713 2076 2766 ullum
2108 2714 2314 2767 tristem.
2341 2741 2412 2756 --

1411 2796 1472 2847 R.
1507 2810 1534 2845 2
1553 2831 1570 2859 ‚
1596 2792 1769 2845 illum.
1795 2794 1953 2846 cmv.
1980 2793 2170 2845 ullum.
2194 2795 2286 2847 En.

1484 2873 1533 2925 3.
1561 2873 1792 2925 Possum.
1822 2872 1994 2925 Guelf.
2014 2872 2231 2944 possim,
2261 2883 2313 2923 et
2339 2873 2413 2930 ita

1411 2966 1536 3005 vett.
1577 2951 1697 3004 edd.
1737 2952 2013 3024 pleraeque.
2042 2981 2114 2991 —
2140 2953 2200 3004 R.
2248 2968 2306 3027 t,
2346 2969 2373 3005 2
2397 2989 2413 3016 ‚

1409 3031 1616 3102 possim.
1643 3030 1832 3097 Cannu,
1855 3048 2078 3102 possum.
2107 3029 2200 3080 En.

1485 3108 1534 3175 4.
1583 3109 1838 3180 cujusque
1867 3106 2080 3180 qenert‘s.
2113 3109 2250 3158 Vett.
2294 3103 2414 3157 edd.

1415 3187 1540 3238 Loc.
1567 3185 1723 3238 Rusc.
1749 3183 1868 3238 Ald.
1895 3184 2020 3236 Bad.
2050 3183 2230 3256 Steph.
2257 3187 2420 3257 cujus—

1415 3281 1619 3336 cunque
1645 3261 1806 3328 dant,
1835 3264 1924 3334 qui
1954 3281 2078 3314 sane
2108 3275 2187 3313 est
2214 3280 2416 3318 sensus.

1415 3339 1518 3394 Sed
1553 3359 1716 3412 quum
1748 3338 1914 3392 codd.
1939 3339 2215 3392 videantur
2237 3359 2420 3413 recep-

1417 3433 1523 3471 tam
1538 3419 1761 3485 firmare,
1775 3417 1935 3470 Goth.
1954 3418 2138 3471 saltem
2159 3433 2210 3471 et
2224 3419 2420 3490 Gne-If„

1416 3514 1591 3573 potest
1627 3499 1790 3552 videri
1826 3501 2069 3573 cujusque
2104 3499 2362 3556 consulto.
2390 3518 2421 3552 a

1417 3580 1519 3648 Qu.
1538 3581 1791 3651 scriptum
1809 3597 1906 3650 pro
1925 3581 2288 3652 cujuscunque.
2301 3577 2418 3630 Vid.

1420 3660 1727 3730 interpretes
1764 3655 1831 3708 ad
1865 3657 1996 3708 Livii
2036 3657 2089 3723 1,
2130 3655 2231 3723 24,
2270 3655 2334 3723 3,
2369 3668 2424 3708 et

1419 3736 1651 3788 Gronov.
1681 3735 1935 3807 inprimis».

1493 3812 1541 3865 5.
1559 3811 1721 3863 Modo
1733 3810 1883 3863 nulla
1895 3810 2424 3864 videamroetaerum

1420 3891 1634 3945 demum
1661 3890 1858 3943 utiliter
1882 3910 1933 3942 se
1958 3888 2205 3961 detegunt
2229 3907 2421 3954 mores,

1422 3971 1469 4022 si
1508 3967 1838 4040 simplicitate
1879 3986 1972 4033 ea,
2008 3965 2291 4018 simulandi
2329 3985 2423 4016 ne-

1421 4049 1550 4112 scia,
1577 4050 1657 4099 uti
1679 4048 1809 4099 sciat
1831 4049 2093 4116 magister,
2112 4058 2164 4097 et
2178 4049 2287 4117 jam
2311 4055 2423 4096 tum

1424 4207 1525 4260 rari
1544 4223 1703 4276 posse
1724 4203 1822 4258 sibi
1840 4201 2169 4275 persuadeat.
2197 4203 2315 4253 Haec
2341 4219 2425 4252 ar-
