3200 5150
700 485 1352 555 INSTITUTIONIS
1388 486 1645 553 ORAT.
1681 488 1845 556 LIB.
1888 491 1986 568 11,
2031 511 2089 555 2.
2177 551 2178 560 ,

2315 491 2442 560 263

355 606 508 695 tuti,
530 628 597 680 et
622 631 861 684 amant
876 623 925 700 ¹,
951 631 1019 684 et
1034 632 1384 686 verentur:
1411 609 1520 684 vix
1541 632 1780 688 antem
1806 611 1940 686 dici
1965 632 2449 713 potest,quan-

353 741 424 792 to
470 721 795 798 libentius
845 725 1203 799 imitemur
1251 751 1410 815 eos,
1456 725 1717 825 quibus
1761 727 2096 799 favemus.
2145 727 2445 802 Minime

352 862 509 909 vero
543 840 1005 936 permittenda
1035 840 1305 940 pueriS,
1337 860 1415 914 ut
1446 841 1524 915 fit
1559 840 1750 940 apud
1782 840 2184 940 plerosque,
2225 868 2450 913 assur-

349 952 557 1050 gendi
592 955 1083 1058 exultandique
1115 956 1191 1029 in
1223 955 1577 1034 laudando
1613 956 1981 1047 licentia2;
2016 957 2192 1057 quin
2235 956 2444 1040 etiam

346 1190 410 1225 eo
435 1171 677 1242 deducit,
702 1189 760 1228 ιιι
778 1178 1100 1250 praeceptoris
1116 1178 1173 1231 iu
1189 1197 1351 1250 gene·

346 1269 401 1304 re
415 1290 433 1319 ,
456 1272 567 1306 non
590 1254 714 1305 certi
734 1255 957 1329 alicujus
981 1259 1316 1330 praeceptoris
1331 1295 1348 1325 ,

343 1333 711 1385 auctoritatem
724 1352 969 1405 magnam
983 1336 1263 1406 significari
1276 1337 1352 1389 in·

343 1410 667 1481 telligamu83
686 1432 862 1485 neque
878 1413 1034 1467 video
1060 1415 1188 1488 quid
1210 1433 1347 1488 opus

344 1489 413 1540 sit
448 1488 549 1541 illis
597 1511 621 1535 α
640 1492 685 1543 si
715 1492 933 1544 modo...
968 1495 1192 1546 instituti
1211 1518 1266 1560 n,
1304 1496 1347 1546 si

343 1568 599 1620 retinetur
632 1572 754 1643 ejus.
789 1572 859 1623 At
894 1571 938 1622 si
975 1589 1347 1643 quemcunque

342 1660 722 1720 preceptorem
754 1669 929 1706 amare
960 1652 1210 1706 dicuntur
1235 1651 1348 1706 dis-

345 1727 534 1799 cipuli,
560 1729 838 1783 commode
862 1744 915 1784 et
936 1750 1084 1803 paene
1108 1750 1348 1784 necessa-

252 1852 259 1858 .
342 1806 424 1856 rio
450 1804 661 1859 additur
683 1807 771 1859 id:
804 1830 827 1854 α
847 1811 891 1860 si
914 1808 1076 1861 modo
1098 1833 1120 1857 n
1150 1823 1252 1862 etc.

867 1899 1125 1944 venatur.
1170 1889 1347 1946 Guelf.

342 1974 555 2029 ament,
592 1964 738 2036 quod
773 1966 984 2034 malim,
1017 1969 1061 2019 si
1092 1969 1349 2019 retinetur

420 1902 467 1939 ι.
516 1884 816 1940 Amana...

236 2065 243 2072 ·
340 2043 464 2113 ejus.
493 2045 593 2094 Pro
628 2055 881 2110 verentur,
909 2048 1063 2098 Voss.
1095 2063 1121 2096 a
1144 2082 1162 2111 ,
1191 2064 1347 2097 vene-

338 2118 787 2193 rantur-(quocum
799 2121 887 2174 hic
902 2140 1012 2175 non
1023 2125 1152 2175 facit
1161 2122 1348 2198 Goth.)

342 2217 407 2251 ex
436 2199 644 2270 glossa,
673 2204 833 2255 vereri
860 2205 1000 2255 enim
1027 2216 1105 2256 est
1129 2222 1227 2275 pro
1259 2223 1347 2255 ve-

342 2279 514 2330 nemra·
526 2317 543 2345 ‚
570 2281 717 2352 quod
741 2282 991 2355 exemplis
1015 2282 1220 2335 idoneis
1244 2282 1346 2336 do·

341 2372 428 2411 cet
448 2358 710 2413 Drakenb.
734 2361 803 2414 ad
818 2363 927 2414 Liv.
948 2365 1014 2429 V,
1036 2362 1130 2429 28,
1150 2361 1201 2429 4.
1226 2365 1345 2418 Huc

341 2439 567 2490 maxime
594 2440 722 2493 facit
748 2441 855 2494 Cic.
886 2439 954 2492 ad
981 2441 1162 2510 Quint.
1197 2441 1341 2494 fratr.

341 2515 397 2583 1,
421 2516 453 2569 3
469 2554 486 2582 ,
517 2539 540 2564 α
560 2531 614 2569 et
634 2519 896 2572 amabat...
918 2544 942 2568 n
977 2533 1062 2590 et,
1091 2533 1209 2575 ...ut
1230 2538 1345 2572 ma-

332 2596 507 2669 jorem
527 2599 740 2650 fratrem
756 2638 773 2666 ‚
795 2599 1073 2652 verebatur.

415 2692 462 2728 2.
488 2675 556 2727 In
584 2676 851 2730 laudando
881 2678 1145 2732 licentia...
1169 2679 1343 2731 modi-

339 2772 516 2806 cum...
553 2755 918 2809 testimonium.
952 2760 1030 2811 Ex
1060 2759 1192 2811 serie
1219 2777 1342 2810 ora-

340 2834 499 2886 tionis
514 2872 531 2900 ,
556 2833 763 2886 laudari
782 2834 870 2888 hic
894 2838 1226 2907 magistrum,
1251 2838 1343 2907 qui

345 2930 368 2956 α
388 2913 502 2983 ipse
537 2912 737 2983 aliquid
776 2914 993 2981 dicat»,
1035 2916 1188 2985 eique
1228 2913 1342 2966 dari

341 2990 687 3043 testimonium
698 3030 716 3057 ‚
750 2992 1088 3065 putabimus,
1120 2996 1257 3044 sicut
1289 3006 1343 3044 et

339 3068 602 3131 Gesner-us
657 3083 738 3122 est
790 3073 1163 3143 interpretatus
1221 3092 1244 3117 ι
1273 3069 1339 3123 de

346 3168 369 3194 ι
388 3146 579 3220 plausu
595 3186 613 3216 ,
643 3166 800 3220 quem
827 3147 1019 3201 dicenti
1039 3148 1343 3221 proecepton‘

345 3248 370 3271 α
389 3225 629 3280 tribuunt
652 3227 935 3281 auditores.
957 3252 981 3275 ιο
1009 3229 1139 3297 Quae
1164 3240 1340 3289 tamen

341 3319 635 3377 sequuntur
654 3327 667 3356 ε
705 3328 728 3352 ι
747 3308 824 3358 Ita
850 3306 940 3358 fiet
959 3330 981 3354 ιο
1013 3319 1112 3358 etc.
1130 3344 1155 3375 ,
1171 3323 1341 3379 usque

341 3383 410 3435 ad
428 3382 474 3453 5.
503 3400 522 3435 ι
535 3402 561 3436 2
576 3421 594 3451 ,
614 3383 748 3438 male
774 3407 797 3431 ι
817 3386 1044 3439 sentiant
1059 3409 1081 3433 u
1107 3384 1208 3441 alia
1229 3403 1341 3437 om·

338 3463 428 3514 nia
446 3462 642 3519 docent
656 3477 708 3517 et
721 3464 1037 3532 ostendunt,
1054 3463 1343 3537 improbari

340 3559 543 3596 morem
592 3542 973 3618 discipulorum
1019 3564 1072 3603 se
1121 3545 1342 3599 invicem

338 3620 694 3691 laudantium,
717 3644 873 3695 quem
896 3644 1105 3681 sensum
1131 3644 1343 3697 expres-

341 3701 411 3753 sit
425 3700 742 3774 Gedoynus:
773 3726 796 3749 κ
816 3702 886 3758 les
899 3702 1020 3779 plus
1036 3705 1252 3756 avance‘s
1272 3704 1344 3756 ιέ-

351 3799 374 3825 «
393 3778 718 3855 moignent...
748 3799 805 3834 ce
827 3780 978 3855 qu’ils
1003 3794 1248 3855 pensent,
1279 3781 1344 3837 de

349 3876 449 3910 tce
482 3856 632 3930 qu'ils
670 3861 949 3915 emendent
981 3862 1067 3915 des
1105 3875 1336 3917 autres.-

344 3938 479 3990 Huic
511 3939 814 3997 confusioni
845 3943 1098 4013 optimam
1129 3941 1346 3994 medici-

345 4035 469 4071 nam
496 4015 672 4069 afferri
697 4034 856 4089 posse
881 4017 1124 4086 arbitror,
1152 4022 1197 4072 si
1229 4019 1275 4090 §-
1310 4020 1343 4073 8

344 4093 466 4147 loco
490 4113 589 4147 suo
614 4108 903 4162 moveatur,
925 4109 1154 4171 postque
1185 4114 1245 4151 ιι
1272 4115 1347 4149 re·

344 4171 563 4243 legetur.
585 4175 667 4228 Sic
687 4188 827 4227 recte
846 4172 1086 4247 procedit
1104 4175 1347 4228 consilio-

1438 1196 1558 1231 rum
1576 1195 1608 1229 a
1622 1178 1952 1247 Quintiliano
1971 1176 2219 1230 datorum
2239 1180 2373 1229 ratio
2395 1191 2448 1231 et

1438 1257 1616 1309 series.
1644 1259 1829 1309 Monet
1853 1259 2107 1328 primum,
2129 1256 2316 1307 leniter
2333 1275 2447 1308 esse

1437 1335 1902 1408 reprehendendas
1924 1334 2308 1406 discipulorum
2336 1333 2450 1387 dic-

1435 1415 1642 1480 tiones,
1676 1414 1773 1466 sed
1803 1426 1946 1467 vetat
1978 1407 2151 1480 idem,
2184 1412 2449 1466 condisci-

1435 1491 1715 1564 pulorum,
1728 1494 2001 1566 juniorum
2021 1494 2338 1564 praesertim,
2358 1495 2449 1544 im-

1435 1570 1708 1634 modicum
1725 1571 1862 1624 ferre
1880 1570 2128 1642 plausum
2139 1609 2157 1637 ,
2182 1573 2273 1642 qui
2289 1589 2448 1642 quare

1437 1652 1505 1704 sit
1535 1652 1899 1723 perniciosus,
1933 1650 2091 1704 docte
2124 1652 2362 1723 inprimis
2396 1665 2449 1703 et

1436 1729 1702 1801 eleganter
1719 1731 2071 1802 persequitur.
2089 1729 2353 1802 Deinceps
2374 1732 2450 1802 ip·

1437 1828 1554 1861 sum
1575 1809 1731 1882 jubet
1759 1828 1941 1862 coram
1968 1809 2241 1881 discipulis
2270 1808 2447 1862 dicere

1435 1891 1744 1959 magistrum
1759 1927 1777 1954 ,
1799 1887 1896 1944 sed
1918 1901 1972 1940 et
1994 1905 2114 1940 eum
2130 1925 2148 1953 ,
2174 1886 2448 1958 quomodo

1435 1970 1489 2020 in
1531 1967 1862 2021 admittendo
1905 1967 2208 2020 auditorum
2253 1965 2445 2039 plausu

1433 2049 1628 2100 versari
1654 2046 1878 2114 debeat,
1909 2049 2186 2119 praeceptis
2215 2049 2441 2099 instruit.

1435 2127 1512 2182 lta
1534 2124 1965 2178 commodissime
1985 2128 2243 2178 rationem
2260 2125 2449 2190 redde-

1435 2224 1493 2257 re
1521 2204 1651 2256 mibi
1673 2204 1855 2258 videor
1882 2216 1935 2256 et
1960 2205 2051 2256 τοῦ
2075 2223 2190 2255 vero
2216 2206 2265 2272 5.
2296 2222 2363 2274 9,
2392 2219 2445 2257 et

1433 2283 1523 2338 τοῦ
1539 2284 1628 2336 sed
1647 2285 1695 2352 5.
1730 2284 1820 2350 ι3,
1842 2301 2192 2354 quamquam,
2215 2285 2315 2336 nisi
2342 2282 2443 2336 alia

1434 2362 1735 2430 obstarent,
1750 2362 2068 2435 posterioris,
2089 2361 2206 2415 vel
2191 2382 2246 2414 ιιι
2267 2382 2445 2435 recep-

1434 2454 1488 2494 ta
1515 2444 1927 2509 constitutione,
1960 2442 2153 2494 idonea
2185 2443 2445 2513 reperitur

1430 2522 1826 2595 interpretatio;
1852 2521 2039 2595 prioris
2065 2539 2174 2572 non
2200 2521 2358 2588 item,
2382 2535 2442 2572 ut

1434 2600 1648 2672 quidem
1664 2602 1871 2673 opinor.
1892 2602 1923 2653 J
1926 2619 2010 2653 am
2025 2615 2201 2653 autem
2218 2620 2448 2671 quomo·-

1431 2680 1502 2732 do
1527 2680 1686 2734 fidem
1710 2683 1900 2733 faciam
1926 2694 2082 2733 tantae
2107 2680 2442 2732 librariorum

1431 2760 1720 2827 socordiae,
1766 2773 1826 2811 ut
1874 2761 2104 2830 integras
2156 2762 2444 2811 sententias

1431 2838 1606 2890 alieno
1635 2837 1756 2889 loco
1784 2839 2095 2910 posuerint,
2124 2835 2272 2889 nullo
2300 2856 2439 2909 prte-

1432 2916 1610 2969 sertim
1636 2914 1833 2970 Codice
1867 2929 2084 2968 auctore
2118 2916 2296 2982 facto,
2329 2935 2440 2969 non

1429 3012 1751 3066 magnopere
1787 2996 2020 3048 invenio.
2059 2994 2120 3046 ld
2162 2994 2348 3049 saltem
2385 2998 2440 3048 in

1427 3076 1894 3145 nostroscriptore
1923 3076 2284 3146 conjecturam
2311 3092 2442 3126 nos-

1430 3164 1563 3203 tram
1586 3150 1829 3202 nonnihil
1853 3150 2094 3222 adjuvat,
2116 3151 2262 3225 quod
2286 3153 2442 3222 insig-

1431 3249 1552 3283 nem
1572 3228 1771 3282 ordinis
1790 3228 2243 3301 perturbationem
2264 3228 2438 3282 osten-

1430 3306 1507 3360 dit
1530 3305 1712 3360 Codex
1732 3306 2175 3381 Guelferbytanus
2201 3310 2291 3379 qui
2313 3311 2408 3360 V11
2422 3347 2439 3375 ‚

1431 3387 1496 3455 3,
1525 3404 1578 3457 7,
1606 3388 1801 3439 omittit
1827 3386 1989 3440 verba
2015 3386 2128 3439 hoec
2150 3409 2164 3438 ι
2208 3409 2232 3434 κ
2251 3390 2438 3441 Diver-

1435 3489 1460 3515 ι
1479 3485 1655 3519 sum...
1708 3464 2025 3539 appellanda
2071 3468 2174 3518 sint
2194 3490 2216 3514 ιι
2268 3464 2439 3537 (inte-

1429 3563 1577 3621 gram
1616 3541 1703 3616 5.)
1739 3563 1969 3616 quorum
2004 3544 2197 3599 deinde
2233 3559 2437 3617 partem

1428 3626 1584 3699 ponit
1611 3626 1735 3690 vn,
1763 3626 1830 3691 8,
1865 3642 1929 3689 εις
1960 3638 2166 3699 partem
2192 3627 2339 3690 vm,
2377 3640 2440 3691 2,

1433 3720 1529 3771 ιιι,
1565 3721 1630 3757 ex
1662 3720 1770 3774 quo
1802 3704 1919 3777 ipso
1952 3702 2075 3755 loco
2110 3702 2280 3757 aufert
2311 3701 2433 3754 illa:

1437 3805 1461 3829 α
1480 3786 1565 3837 At.
1582 3823 1594 3835 .
1611 3821 1624 3836 .
1640 3822 1652 3835 .
1692 3782 2143 3855 interpretandum
2177 3784 2240 3833 sit
2258 3805 2280 3829 ιο
2321 3798 2434 3852 quae

1431 3863 1641 3915 infercit
1679 3863 1906 3928 V11,8‚
1952 3880 1998 3915 a.
2041 3864 2096 3915 Si
2131 3874 2434 3931 reputamus

1429 3939 1793 3993 conditionem
1837 3942 2012 4012 operis
2058 3937 2400 4007 Quintilianei
2417 3977 2434 4005 ,

1433 4018 1645 4093 qualem
1663 4019 1879 4089 exponit
1897 4019 1951 4069 in
1971 4015 2196 4091 epistola
2215 4016 2284 4068 ad
2301 4019 2437 4070 Gua-

1433 4097 1607 4148 rinum
1633 4097 1859 4167 Poggius
1886 4094 2123 4167 (Fabric.
2155 4095 2286 4149 Bibl.
2321 4097 2433 4150 Lat.

1432 4176 1587 4241 Eun,
1608 4173 1714 4229 vol.
1739 4176 1812 4239 11,
1834 4193 1889 4248 p.
1919 4174 2076 4246 259),
2100 4176 2322 4229 fortasse
2345 4181 2437 4229 mi-
