3200 5150
708 526 1359 594 INSTITUTIONIS
1395 524 1651 591 ORAT.
1691 527 1853 593 LIB.
1893 529 1955 610 1,
1999 527 2063 595 5.

2313 530 2430 618 ¹37

339 650 610 723 verbia:
651 651 774 750 qui
810 673 1047 724 tamen
1084 651 1267 723 dicat
1290 677 1416 751 pro
1445 649 1564 721 illo
1584 706 1603 739 ,
1637 654 1747 723 Ne
1755 653 2046 751 feceris,
2083 654 2250 727 Non
2253 656 2438 755 sece-

339 772 464 854 ris,
504 766 579 838 in
601 766 790 839 idem
824 765 1083 839 incidat
1102 766 1346 837 vitium
1367 821 1386 854 ,
1420 766 1587 864 quia
1618 764 1916 839 alterum
1950 767 2256 867 negandi
2293 790 2431 860 est,
2477 760 2480 765 .

282 935 291 942 .
335 878 630 952 a'lterum
654 881 953 953 vetandi.
981 884 1134 952 Hoc
1155 880 1456 980 amplius
1476 894 1495 924 ¹
1530 886 1710 953 intro
1729 902 1797 954 et
1816 887 2027 970 intu8‚
2054 881 2188 954 loci
2206 883 2435 956 adver-

331 994 538 1066 bia2:
579 999 692 1069 Eo
727 1017 964 1069 tamen
1005 1002 1220 1087 intus,
1278 1016 1347 1067 et
1380 996 1576 1068 Intro
1612 1023 1799 1084 sum,
1847 996 2208 1069 soloecismi
2243 1019 2426 1071 sunt.

330 1111 594 1183 Eadem
619 1112 692 1184 in
712 1111 1091 1184 diversitate
1110 1104 1635 1213 pronominum,
1668 1115 2208 1211 interjectionum
2223 1168 2247 1200 ,
2265 1140 2434 1213 proe-
2466 1127 2528 1182 51

324 1232 778 1327 positionum,
822 1226 1146 1299 accidunt
1164 1224 1216 1298 ³.
1261 1228 1382 1297 Est
1417 1225 1627 1298 etiam
1665 1224 2145 1315 soloecisrnus4‚
2185 1226 2259 1298 in
2293 1253 2433 1299 ora·

278 1387 283 1391 ’
323 1386 520 1440 horum
543 1390 598 1438 in
626 1405 690 1439 eo
713 1406 904 1458 genere
929 1387 1191 1440 erroribus
1207 1386 1329 1439 vide

322 1465 721 1520 Drakenborch.
741 1467 809 1519 ad
821 1469 928 1519 Liv.
942 1472 1007 1533 V,
1024 1468 1056 1520 3
1068 1505 1085 1533 ,
1102 1484 1150 1536 7.
1167 1466 1329 1535 Quod

324 1558 502 1598 autem
534 1548 709 1618 ipsum
738 1546 920 1599 dicunt
943 1546 1328 1614 Quintilianum

317 1625 415 1677 tali
434 1624 705 1677 locutione
725 1644 877 1677 usum
895 1627 950 1691 1',
970 1625 1004 1677 6
1020 1664 1036 1692 ,
1056 1626 1122 1678 32
1142 1647 1154 1675 ε
1188 1648 1209 1671 κ
1229 1626 1330 1678 Sit-

326 1726 352 1750 ιι
372 1723 493 1756 ne...
517 1724 548 1757 a
568 1704 896 1758 consulendo
913 1744 930 1771 ,
956 1705 1037 1756 vel
1050 1724 1080 1757 a
1088 1703 1329 1778 judican-

327 1804 352 1828 ι
372 1781 459 1836 do.
480 1808 503 1831 ιι
523 1783 616 1836 diu
635 1798 715 1837 est
733 1803 896 1856 quum
915 1789 1084 1857 ejecta
1098 1785 1198 1835 fuit
1210 1802 1328 1854 pra-

319 1880 384 1914 va
408 1866 665 1936 scriptura
682 1902 699 1931 ,
732 1867 829 1917 etsi
856 1884 1031 1916 veram
1061 1865 1323 1916 Gesnerus

317 1940 533 1994 demum
560 1957 684 2014 post
714 1944 822 1994 duo
857 1943 1033 1995 secula
1068 1945 1321 2013 reposuit.

314 2019 539 2091 Aliquos
567 2035 742 2073 tamen
765 2025 1046 2094 scriptores
1063 2060 1080 2087 ,
1112 2023 1323 2090 Quinti-

313 2098 442 2152 liani
465 2113 735 2173 tempore,
772 2121 1023 2174 peccasse
1045 2103 1101 2153 in
1133 2102 1322 2153 harum

314 2182 753 2251 conjunctionum
775 2200 872 2233 usu
889 2220 905 2247 ,
924 2195 1065 2233 recte
1087 2182 1320 2251 suspica-

313 2258 905 2330 turidemGesn.,quum
920 2260 1117 2330 alioqui
1132 2279 1243 2312 non
1251 2262 1323 2312 vi·

216 2388 226 2399 ,
310 2337 500 2390 deatur
522 2340 681 2391 fuisse
704 2341 998 2391 moniturus
1029 2338 1316 2409 quidquam

315 2415 384 2469 de
408 2436 470 2468 ea
498 2436 552 2469 re
580 2420 682 2486 Qu.
724 2419 855 2471 Sunt
884 2417 1143 2490 ejusmodi
1167 2419 1316 2469 Plinii

311 2497 529 2548 minoris
561 2510 611 2548 et
643 2498 813 2548 Taciti
850 2498 984 2550 loca.
1024 2497 1315 2549 Consulant

311 2577 509 2628 tirones
524 2575 829 2629 Noitenium
847 2580 902 2629 in
917 2577 1314 2643 Anti-barbaro,

309 2668 460 2726 parte
479 2669 699 2728 syntact.
726 2675 778 2728 p.
813 2673 976 2725 1299,
1002 2661 1153 2728 cujus
1177 2676 1315 2708 erro·

311 2752 396 2785 res
412 2773 429 2800 ,
454 2733 737 2801 admoniti,
761 2736 916 2788 facile
936 2735 1309 2788 emendabunt.

391 2828 433 2863 1.
457 2813 575 2863 Hoc
595 2813 838 2885 amplius.
863 2817 1102 2886 Repetita
1128 2834 1188 2866 ex
1208 2817 1314 2867 Cu·-

309 2891 388 2941 ria
411 2891 637 2944 formula
652 2930 670 2957 ,
701 2910 864 2962 quum
886 2894 1084 2964 aliquid
1108 2894 1311 2946 addunt

310 2969 589 3021 Senatores
612 2972 659 3021 ei
675 3009 692 3037 ,
736 2971 881 3042 quod
905 2976 1108 3044 priores
1131 2975 1313 3027 decre-

308 3063 497 3100 verunt
511 3087 529 3114 ,
553 3062 611 3100 ut
631 3064 849 3122 apparet
873 3050 994 3102 loco
1015 3054 1073 3103 L.
1104 3055 1312 3105 Senecae

311 3124 378 3177 de
401 3130 519 3180 Vita
546 3128 702 3180 beata
726 3149 771 3181 c.
801 3131 851 3183 3.
882 3131 1087 3183 Deinde
1108 3131 1235 3183 abiit
1258 3134 1313 3183 in

309 3223 645 3259 communem
670 3226 967 3260 sermonem
992 3228 1090 3282 pro
1105 3221 1314 3281 praeter—

310 3303 396 3348 ea,
424 3300 481 3337 ut
504 3285 591 3337 hic
616 3301 669 3337 et
690 3290 740 3353 1,
767 3287 827 3353 5,
853 3287 947 3355 55,
972 3290 1165 3354 item1‚
1192 3305 1239 3353 ι,
1260 3290 1309 3340 8.

307 3365 543 3436 Usurpat
565 3367 722 3418 etiam
749 3369 936 3420 Cicero
965 3368 1033 3418 ad
1054 3370 1169 3420 Div.
1206 3369 1312 3435 IX,

307 3441 377 3494 25
399 3465 411 3494 ε
445 3464 467 3489 n
493 3442 591 3494 hoc
611 3445 868 3517 amplius,
896 3444 1077 3496 habere
1095 3446 1312 3497 navicu·-

313 3541 336 3565 α
358 3519 449 3572 las.
467 3545 490 3567 n
510 3520 577 3572 de
592 3523 703 3573 Fin.
721 3526 798 3590 V,
825 3523 857 3575 5
873 3560 889 3589 ‚
917 3548 939 3569 α
959 3523 1063 3575 hoc
1083 3524 1310 3595 amplius

313 3620 336 3644 κ
353 3599 770 3670 Theophrastus
794 3626 816 3649 ι,

392 3694 440 3728 2.
480 3680 630 3730 Intus
646 3717 664 3744 ,
713 3679 815 3732 loci
847 3682 1101 3736 adverbia.
1145 3683 1305 3735 Goth.

303 3755 445 3826 (tac.
470 3757 629 3809 Gesn.
651 3757 673 3829 )
703 3777 825 3812 cum
850 3762 1015 3814 tribus
1039 3763 1309 3814 Vossianis

303 3849 427 3886 ame
452 3834 553 3887 loci
575 3839 754 3890 inserit
771 3841 941 3904 unius,
961 3840 1105 3913 quod
1123 3842 1310 3894 facilli-

303 3930 391 3963 me
425 3912 817 3968 obliterabatur.
847 3921 1150 3973 Rectissime
1182 3939 1310 3993 pro-

304 3989 399 4042 bat
428 4010 545 4044 eam
574 3996 885 4065 scripturam
908 4001 1080 4051 Burm.
1110 4002 1309 4069 Quam·

306 4088 468 4140 quam
498 4074 553 4123 in
589 4077 786 4127 caeteris
810 4079 966 4128 etiam
995 4081 1309 4149 generaliter

305 4151 488 4217 posuit
516 4154 745 4222 partium
772 4157 1024 4208 orationis
1056 4162 1270 4213 nomina
1289 4199 1307 4227 ‚

308 4238 366 4279 ut
379 4246 450 4281 an
466 4237 625 4283 etant
635 4232 769 4304 conj.
780 4268 798 4297 ,
820 4251 888 4286 ne
903 4251 966 4286 ac
981 4252 1087 4288 non
1102 4237 1302 4293 adverb.

1418 1385 1592 1439 Guelf.
1615 1406 1736 1439 cum
1751 1388 1910 1450 Bern,
1918 1406 2107 1440 vocem
2122 1386 2261 1441 intus
2275 1391 2430 1442 omit-

1418 1479 1554 1531 tunt,
1574 1485 1672 1537 per
1686 1484 1933 1518 errorem.
1950 1495 2023 1506 —
2035 1467 2205 1532 Intus,
2223 1466 2327 1519 loci
2340 1468 2434 1520 ad-

1418 1544 1605 1596 verbia.
1632 1544 1794 1613 Quod
1812 1544 1866 1597 h.
1893 1544 1932 1596 l.
1956 1545 2150 1617 probat
2174 1547 2429 1621 Spalding

1419 1625 1586 1689 intus,
1617 1625 1773 1677 unius
1793 1624 1894 1677 loci
1911 1625 2114 1678 adverb.
2139 1624 2339 1679 habent
2360 1630 2423 1681 R.

1418 1722 1446 1755 2
1464 1743 1481 1770 ,
1505 1704 1555 1771 4.
1579 1707 1672 1756 En.
1694 1732 1763 1745 -—
1781 1706 1919 1756 Eo...
1944 1705 2138 1757 intus...
2158 1706 2423 1761 soloecism.

1414 1785 1529 1837 Hoc
1555 1782 1622 1835 de
1646 1782 1896 1836 adverbio
1931 1784 2071 1836 intus
2100 1798 2424 1855 preceptum

1413 1862 1637 1914 fortasse
1660 1861 1838 1914 hausit
1853 1898 1870 1927 ,
1895 1860 2037 1913 unde
2055 1861 2208 1934 plura
2230 1864 2288 1914 in
2310 1876 2423 1919 tota

1412 1940 1513 1992 hac
1531 1943 1898 2011 grammatices
1919 1942 2259 2007 tractatione,
2280 1961 2308 1994 e
2322 1943 2423 1994 Lu-

1410 2018 1516 2070 cilii
1538 2020 1838 2092 satyrarum
1860 2015 2034 2085 nonu,
2061 2038 2220 2089 quem
2240 2019 2329 2073 ille
2352 2021 2420 2074 de

1408 2096 1666 2150 industria
1690 2096 2080 2168 orthographiae
2104 2112 2157 2150 et
2183 2102 2421 2169 quaestio-

1408 2176 1565 2228 nibus
1607 2178 1958 2247 grammaticis
2004 2176 2212 2229 videtur
2259 2177 2418 2231 desti-

1409 2275 1564 2308 nasse
1579 2294 1596 2322 ,
1646 2275 1807 2327 quare
1843 2269 2125 2327 sequentes
2160 2275 2340 2309 versus
2386 2277 2420 2311 a

1406 2334 1643 2387 Charisio
1664 2337 2006 2405 grammatico
2027 2350 2259 2388 servatos
2274 2351 2416 2390 recte

1404 2410 1540 2463 libro
1563 2431 1712 2464 nono
1738 2415 1967 2482 assignat
1991 2415 2175 2464 Franc.
2196 2415 2376 2467 Douza
2399 2439 2410 2466 :

1412 2514 1433 2538 ι
1454 2495 1589 2544 Nam
1614 2492 1758 2545 velut
1782 2493 1919 2543 intro
1948 2493 2093 2544 aliud
2117 2493 2276 2563 longe
2300 2514 2414 2549 esse

1410 2592 1433 2616 σι
1454 2586 1613 2643 atquc
1638 2568 1768 2623 intu’
1790 2571 2057 2625 videmus:
2097 2574 2172 2625 sic
2196 2588 2248 2625 et
2269 2575 2415 2646 apud

1410 2674 1432 2696 α
1454 2662 1501 2701 te
1514 2650 1673 2722 longe
1692 2650 1839 2703 aliud
1858 2665 1958 2716 est,
1982 2669 2156 2723 neque
2169 2654 2310 2705 idem
2325 2675 2415 2707 va-

1409 2751 1431 2778 κ
1458 2729 1528 2780 let
1549 2730 1620 2780 ad
1640 2741 1687 2780 te
1702 2751 1718 2779 .·
1741 2732 1890 2781 Intro
1910 2749 2002 2782 nos
2022 2742 2171 2782 vocat
2191 2732 2378 2785 adscse
2391 2772 2409 2797 ,

1409 2831 1431 2854 a
1448 2819 1585 2860 tenet
1598 2810 1738 2860 intus
1748 2809 1891 2881 apud
1902 2828 1970 2862 se.
1991 2834 2012 2857 υ
2035 2814 2224 2882 Neque
2235 2825 2412 2866 tamen

1403 2891 1650 2942 confecta
1687 2908 1768 2942 res
1805 2905 1884 2942 est
1920 2889 1985 2941 de
2020 2888 2126 2941 hoc
2163 2891 2376 2945 decre'to
2391 2931 2411 2959 ‚

1406 2986 1568 3038 quum
1584 2970 1742 3019 etiam
1753 2970 1806 3018 in
1823 2968 2066 3033 movendi
2080 2971 2412 3038 significatio·

1402 3066 1470 3099 ne
1485 3049 1626 3099 intus
1639 3061 1897 3118 usurpent
1910 3067 2018 3099 non
2036 3051 2410 3104 contemnendi

1401 3131 1684 3198 scriptores
1700 3166 1717 3194 ,
1742 3129 1810 3179 de
1834 3128 2026 3198 quibus
2048 3129 2168 3181 vide
2190 3131 2409 3184 Gesneri

1402 3208 1708 3259 thesaurum
1732 3222 2030 3279 utrumque.
2056 3211 2236 3281 Saepe,
2264 3211 2409 3282 apud

1400 3288 1645 3339 Plautum
1670 3290 1909 3358 inprimis
1941 3290 2224 3361 respondet
2248 3294 2409 3345 Fran-

1402 3367 1659 3437 cogallico
1683 3370 1862 3433 ceam,
1896 3369 2042 3439 quod
2064 3369 2246 3421 itidem
2270 3373 2408 3423 anti-

1403 3447 1675 3517 quioribus
1695 3466 1880 3499 eorum
1896 3451 2111 3500 comicis
2126 3463 2205 3501 est
2217 3453 2273 3502 in
2287 3470 2404 3504 usu.

1471 3528 1521 3579 3.
1546 3527 1824 3579 Accidunt.
1863 3526 1993 3580 cod.
2029 3531 2091 3581 R.
2138 3545 2158 3579 1
2180 3566 2198 3594 ,
2234 3542 2287 3582 et
2323 3530 2405 3583 ed.

1399 3607 1559 3657 Cain».
1583 3606 1834 3658 accident.
1861 3606 1986 3676 (tac.
2003 3607 2209 3678 Spald.)
2234 3611 2324 3662 En.

1473 3687 1522 3752 4.
1543 3686 1720 3750 Etiam
1734 3686 2058 3740 soloecismus.
2079 3689 2258 3739 Etiam
2280 3688 2407 3741 dant

1398 3766 1572 3819 Guelf.
1592 3765 1751 3819 Goth.
1770 3767 1907 3836 (tac.
1924 3768 2084 3820 Gesn.
2101 3768 2122 3837 )
2141 3769 2276 3820 Alm.
2295 3769 2401 3822 Bal.

1398 3846 1588 3896 Joann.
1606 3846 1757 3898 Bern.
1772 3858 1824 3896 et
1839 3864 2043 3912 omnes,
2056 3860 2190 3917 puto
2202 3883 2219 3909 ,
2234 3847 2401 3900 codd.

1400 3925 1546 3995 quod
1569 3925 1637 3977 de
1655 3927 1762 3977 suis
1776 3963 1792 3990 ,
1819 3943 2168 3996 quoscunque
2188 3925 2401 3994 viderit,

1398 4017 1620 4056 testatur
1663 4005 1872 4072 Regius.
1921 4006 2109 4073 Neque
2152 4021 2403 4074 magnum

1397 4096 1476 4134 est
1494 4094 1824 4134 momentum
1837 4075 2063 4134 Gibsoni
2083 4095 2136 4135 et
2156 4085 2404 4137 Burman-

1395 4165 1451 4213 ni
1474 4161 1541 4213 de
1564 4160 1712 4213 Bodl.
1749 4164 1900 4214 Voss.
1939 4178 1959 4213 t
1981 4200 2000 4230 ,
2036 4182 2063 4216 2
2081 4200 2099 4230 ,
2122 4164 2189 4230 3,
2221 4178 2405 4219 tacen-

1394 4242 1545 4295 tium.
1565 4240 1729 4293 Enim
1741 4275 1759 4309 ,
1779 4239 1926 4314 quod
1942 4244 2259 4299 recentiores
2276 4243 2397 4299 edd.
