3200 5150
791 445 873 515 72
1351 428 1443 492 M.
1484 427 1710 493 FAssn
1748 429 2299 512 Qum-summ

787 549 1012 623 multo
1068 547 1645 650 pulcherrimum.
1705 553 1847 623 Nec
1900 552 1986 624 de
2029 551 2166 627 hoc
2205 553 2470 625 semel¹
2520 549 2884 629 decretum

788 686 929 737 erat
958 691 972 735 ε
1010 663 1393 736 tricesimus
1422 664 1566 735 dies
1600 664 2137 738 reddebatwicto
2167 666 2557 739 certaminis
2586 687 2881 766 potesta-

785 799 951 850 tem.
1010 779 1109 848 Ita
1155 804 1282 849 nec
1329 777 1642 877 superior
1690 804 2008 851 successu
2057 805 2298 851 curam
2347 779 2776 867 remittebat,
2807 799 2881 851 et

788 891 984 965 dolor
1023 891 1280 964 victum
1316 893 1403 963 ad
1439 890 1926 991 depellendam
1965 892 2426 991 ignominiam
2464 891 2877 967 concitabat.

684 1016 749 1070 25
788 1007 866 1078 Id
901 1006 1101 1078 nobis
1142 1005 1434 1079 acriores
1471 1006 1561 1078 ad
1600 1007 1824 1078 studia
1859 1005 2135 1078 dicendi
2174 1007 2359 1078 faces
2400 1006 2894 1101 subdidisse„

787 1150 1002 1221 quam
1046 1122 1547 1194 exhortationes
1582 1122 2024 1210 docentium,
2068 1121 2606 1221 paedagogorum
2650 1142 2880 1195 custo—

722 1290 731 1299 »
787 1238 973 1310 diam
995 1293 1014 1326 ,
1047 1258 1201 1308 vota
1232 1258 1601 1336 parentum
1623 1294 1641 1326 ,
1677 1258 2021 1337 quantum
2056 1238 2274 1310 animi
2309 1237 2447 1310 mei
2481 1236 2882 1338 conjectura

682 1366 751 1421 26
787 1353 1106 1453 colligere
1136 1380 1454 1452 possum,
1489 1354 1990 1426 contenderim.
2023 1354 2157 1427 Sed
2190 1353 2365 1425 sicut
2388 1349 2770 1425 firmiores-³·
2800 1354 2876 1425 in

784 1468 1020 1541 litteris
1054 1472 1401 1568 profectus
1434 1468 1552 1541 alit
1586 1467 1967 1559 aemulati03
1995 1469 2086 1542 ita
2118 1468 2641 1568 incipientibus,
2670 1489 2879 1568 atque

784 1583 1014 1656 adhuc
1050 1583 1339 1672 teneriS,
1374 1584 2012 1682 condiscipulorum
2052 1610 2264 1682 quam
2291 1582 2730 1682 praeceptoris
2758 1581 2886 1683 ju-

785 1697 1106 1786 cundior,
1143 1699 1277 1771 hoc
1312 1699 1460 1798 ipso
1495 1700 1686 1799 quod
1720 1700 2006 1787 facilior,
2042 1698 2330 1771 imitatio
2365 1718 2502 1788 est;
2539 1699 2648 1770 vix
2685 1699 2876 1771 enim

784 1841 858 1886 se
891 1814 1118 1914 prima
1147 1798 1537 1887 elementa4
1564 1813 1655 1887 ad
1685 1841 1883 1914 spem
1911 1813 2148 1889 tollere
2177 1813 2590 1913 effingendae
2608 1867 2630 1901 ‚
2660 1840 2880 1912 quam

783 1999 1051 2052 ducebant
1065 2018 1275 2071 gregem
1285 2038 1302 2066 ‚
1319 2014 1378 2052 ut
1390 2000 1789 2055 vendibiliorem

785 2078 1081 2131 redderent.
1119 2081 1239 2131 Haec
1277 2079 1407 2133 scita
1445 2095 1522 2133 est
1558 2084 1790 2152 Menagii

787 2160 953 2220 ratim
990 2159 1211 2210 fortasse
1240 2171 1414 2212 tamen
1441 2160 1729 2231 simplicius
1757 2179 1787 2211 a

787 2235 1064 2309 disciplina
1101 2238 1309 2289 militari
1345 2238 1621 2292 deduxeris
1637 2278 1654 2306 ,
1696 2241 1790 2293 ubi

786 2315 989 2368 ordines
1001 2316 1182 2368 ducere
1193 2331 1267 2369 est
1280 2320 1643 2370 centurionem
1657 2338 1786 2372 esse.

787 2394 905 2447 Vid.
940 2397 1144 2447 Lexica.
1179 2396 1376 2448 Seneca
1407 2400 1559 2448 Pater
1589 2396 1654 2451 dc
1686 2400 1790 2449 La-

785 2486 938 2526 trone
956 2494 1010 2545 p.
1032 2475 1143 2545 Bip.
1166 2472 1263 2544 69:
1293 2497 1314 2519 κ
1331 2476 1388 2525 ln
1410 2475 1611 2542 schola,
1627 2495 1788 2549 quum

793 2573 816 2598 ιι
833 2557 943 2626 jam
969 2557 1214 2626 coepisset
1235 2555 1372 2607 diem
1399 2554 1596 2609 ducere.
1618 2581 1641 2606 ι
1665 2544 1670 2551 ’

864 2653 881 2686 1
897 2673 907 2686 .
932 2633 1119 2687 Semel.
1146 2638 1203 2687 In
1226 2651 1559 2708 perpetuum.
1584 2641 1739 2694 Bou..

859 2733 907 2766 τι.
930 2715 1211 2767 Acriores..
1222 2715 1370 2785 faces
1386 2716 1671 2770 subdidisse.
1689 2720 1791 2774 Fa-

782 2811 861 2844 ces
879 2796 954 2845 sic
972 2813 1071 2865 pro
1091 2793 1312 2846 stimulis
1323 2794 1473 2848 dictae
1487 2814 1625 2868 saepe
1644 2797 1787 2869 apud

779 2869 942 2942 hujus
966 2873 1059 2924 aevi
1083 2876 1361 2945 scriptores
1377 2911 1395 2941 ‚
1415 2894 1578 2946 quum
1599 2878 1785 2930 Cicero

782 2947 996 3006 dolores
1030 2965 1081 3006 et
1112 2954 1326 3008 insidias
1358 2958 1466 3009 fere
1497 2958 1786 3027 intelligat,

779 3035 945 3104 petita
985 3032 1054 3086 ab
1089 3036 1343 3090 incendiis
1382 3039 1624 3106 imagine.
1661 3041 1783 3092 Mos

778 3116 1014 3182 tangitur
1049 3133 1079 3166 a
1116 3115 1315 3167 Seneca
1347 3115 1413 3168 de
1450 3118 1532 3167 lra
1563 3118 1742 3184 11‚-14
1769 3140 1818 3181 ᾗ,

786 3212 809 3235 α
830 3193 1064 3260 Equos...
1076 3193 1297 3246 stimulis
1303 3195 1664 3266 facibusque...
1678 3198 1787 3248 sub-

784 3291 808 3314 ·
828 3269 947 3322 ditis
969 3272 1247 3326 excitamus
1265 3298 1287 3321 s·
1316 3273 1431 3344 (ubi
1450 3288 1627 3328 tamen
1650 3295 1784 3330 con-

776 3360 858 3400 tra
886 3349 1052 3403 codd.
1085 3366 1315 3404 tentatur
1340 3353 1591 3419 calcibus,
1625 3358 1783 3408 etiarn

773 3427 953 3500 Lipsio
973 3428 1296 3500 probante),
1315 3431 1524 3501 qualem
1547 3434 1706 3483 etiarn
1727 3435 1784 3485 in

771 3505 969 3556 timidis
1031 3506 1411 3576 gladiatoribus
1467 3510 1778 3582 instigandis

772 3596 1084 3653 usurpatum
1132 3602 1422 3640 memorant
1436 3625 1455 3652 ‚
1501 3588 1592 3640 ubi
1639 3590 1781 3662 ignes

774 3661 987 3730 quidem
1003 3700 1020 3727 .‚
1048 3677 1098 3714 et
1126 3665 1397 3719 candentes
1419 3665 1631 3718 lamine
1654 3686 1777 3720 nar-

768 3753 953 3790 rantur
969 3762 983 3802 ;
1000 3741 1151 3811 faces
1169 3743 1381 3797 subditoe
1402 3765 1510 3798 non
1532 3748 1675 3798 item.

841 3818 890 3869 3.
904 3818 1048 3870 Sicut
1046 3816 1361 3889 finntores
1378 3823 1771 3887 alitoemulati03

766 3894 896 3947 ita...
924 3898 1159 3950 teneris...
1174 3901 1517 3971 jucundior...
1549 3904 1772 3956 imitatio

764 3984 852 4025 est.
879 3976 1030 4027 Ratio
1050 3976 1162 4029 haec
1181 3981 1523 4051 comparandi
1542 4002 1660 4036 non
1673 3998 1775 4036 sta-

764 4054 858 4104 tim
900 4072 1167 4127 appareat.
1217 4062 1494 4113 firmiores
1535 4064 1674 4114 inter
1713 4082 1770 4116 se

763 4131 1089 4202 aemulamur,
1128 4140 1244 4207 quis
1278 4141 1513 4213 proxime
1538 4140 1771 4218 ‘accedat

1878 2001 1945 2054 ad
1967 2012 2371 2073 preceptorem,
2396 2017 2552 2070 quem
2571 2003 2680 2071 jam
2703 2001 2880 2070 ipsum

1876 2083 2065 2133 imitari
2106 2079 2333 2145 audent,
2370 2081 2566 2131 nemini
2600 2077 2882 2149 equalium

1877 2158 2150 2221 cedentes;
2177 2160 2339 2210 teneri
2362 2170 2568 2222 autem,
2587 2159 2723 2209 inter
2744 2174 2801 2208 se
2827 2167 2883 2208 et

1878 2240 2182 2309 magistrum
2192 2275 2209 2302 .,
2227 2237 2580 2309 provectiores
2595 2253 2884 2303 agnoscen-

1878 2330 1955 2369 tes
1983 2315 2177 2369 multos
2201 2312 2593 2386 condiscipulos
2609 2351 2625 2379 ,
2653 2310 2754 2364 hos
2775 2331 2886 2384 po-

1878 2400 1980 2449 tius
2008 2396 2289 2449 imitandos
2318 2395 2416 2447 sihi
2443 2406 2658 2447 sumunt
2676 2431 2693 2459 ‚
2717 2411 2880 2464 quam

1876 2477 2052 2544 illum,
2070 2495 2243 2548 neque
2263 2475 2395 2527 adeo
2416 2474 2725 2527 aemulantur
2737 2491 2884 2524 com-

1877 2557 2140 2612 militones
2172 2564 2324 2622 suos,
2356 2553 2451 2608 sed
2474 2555 2682 2625 assequi
2704 2553 2881 2605 solum

1879 2651 2154 2688 conantur.
2170 2634 2455 2707 Gedoynus
2468 2635 2883 2705 comparationis

1879 2711 2220 2768 subtilitaiem
2273 2711 2524 2766 vertendo
2580 2709 2880 2763 obliteravit

1878 2794 2006 2846 dum
2032 2793 2138 2846 loci
2160 2792 2521 2845 difficultatem
2549 2788 2882 2842 dissimulare

1875 2873 2004 2926 vult.
2051 2874 2192 2926 Infra
2237 2891 2292 2925 se
2339 2874 2457 2943 ipse
2501 2870 2727 2923 illustrat
2769 2871 2880 2938 Qu.

1874 2952 2069 3005 Utile...
2097 2970 2229 3022 quos
2249 2952 2441 3004 imitari
2466 2951 2692 3022 primum
2708 2986 2725 3014 ‚
2748 2948 2883 3000 dum

1874 3035 2038 3085 teneri
2062 3045 2185 3085 sunt
2206 3031 2510 3103 profectus;
2536 3046 2688 3091 mox,
2712 3045 2882 3099 quum

1876 3113 2220 3164 maturuerint
2235 3148 2253 3177 ‚
2275 3112 2481 3162 vincere
2505 3106 2652 3160 velis.

1946 3191 2002 3257 4.
2015 3191 2191 3257 Primo
2204 3187 2473 3240 elonenta.
2490 3184 2757 3239 Audacior
2771 3202 2884 3237 meo

1875 3272 2104 3343 tonymia
2133 3269 2188 3321 id
2218 3266 2364 3338 quod
2394 3266 2613 3318 discitur
2637 3263 2877 3336 ponendi

1872 3370 1971 3423 pro
2005 3348 2327 3402 discentibus
2344 3384 2361 3412 ‚
2389 3364 2563 3416 neque
2586 3342 2876 3396 conficiunt

1871 3448 1982 3483 rem
2006 3426 2241 3499 exempla
2267 3426 2334 3479 ab
2357 3420 2729 3495 interpretibus
2753 3418 2882 3472 alla·

1871 3522 1957 3574 ta,
1982 3506 2124 3560 velut
2157 3505 2360 3557 servitia
2392 3522 2420 3555 a
2454 3502 2698 3554 Sallustio
2732 3498 2876 3550 dicta

1867 3605 1963 3660 pro
1983 3586 2148 3638 servis.
2169 3584 2272 3637 Sed
2292 3583 2413 3653 plus
2434 3581 2535 3635 sibi
2551 3580 2750 3631 licitum
2767 3594 2876 3647 pu-

1867 3678 2042 3718 tarunt
2065 3664 2224 3736 hujus
2247 3665 2340 3714 aevi
2369 3663 2651 3733 scriptores
2666 3696 2683 3723 .,
2706 3672 2784 3721 et,
2817 3671 2876 3707 ut

1865 3744 2026 3797 modo
2064 3743 2327 3815 profectus
2351 3738 2614 3813 firmiores
2649 3751 2702 3789 et
2738 3735 2876 3786 iuci-

1859 3825 2058 3897 pientes
2078 3832 2235 3894 atque
2258 3821 2431 3873 adhuc
2455 3830 2649 3871 teneros
2670 3815 2873 3867 dixerat

1861 3921 1959 3976 pro
1981 3903 2105 3975 ipsis
2123 3903 2301 3974 pueris
2313 3937 2332 3968 ,
2345 3902 2421 3952 sic
2435 3898 2527 3951 illo
2541 3895 2683 3948 velut
2702 3892 2876 3964 gradu

1860 3983 2105 4034 insistens
2146 3979 2402 4030 elementa
2443 3994 2599 4028 ausus
2643 3987 2722 4025 est
2767 3991 2867 4042 pro

1860 4057 2203 4111 elementariis
2217 4079 2234 4118 ,·
2279 4058 2332 4108 in
2380 4073 2487 4126 quo
2538 4053 2876 4124 potissimum

1860 4138 2106 4212 displicet
2122 4176 2139 4206 ‚
2179 4135 2324 4209 quod
2365 4134 2630 4208 elementa,
2662 4134 2760 4186 ista
2801 4132 2878 4181 ait
