<?xml version="1.0" encoding="UTF-8"?>
<!DOCTYPE html PUBLIC "-//W3C//DTD XHTML 1.0 Transitional//EN"
    "http://www.w3.org/TR/xhtml1/DTD/xhtml1-transitional.dtd">
<html xmlns="http://www.w3.org/1999/xhtml" xml:lang="en" lang="en">
 <head>
  <title>
</title>
<meta http-equiv="Content-Type" content="text/html;charset=utf-8" />
  <meta name='ocr-system' content='tesseract 3.04.00' />
  <meta name='ocr-capabilities' content='ocr_page ocr_carea ocr_par ocr_line ocrx_word'/>
</head>
<body>
  <div class='ocr_page' id='page_1' title='image "./deinstitutioneo12quingoog_0332.png"; bbox 0 0 3200 5150; ppageno 0'>
   <div class='ocr_carea' id='block_1_1' title="bbox 758 535 889 604">
    <p class='ocr_par' dir='ltr' id='par_1_1' title="bbox 758 535 889 604">
     <span class='ocr_line' id='line_1_1' title="bbox 758 535 889 604; baseline -0.015 1"><span class='ocrx_word' id='word_1_1' title='bbox 758 535 889 604; x_wconf 81' lang='lat'><strong>306</strong></span> 
     </span>
    </p>
   </div>
   <div class='ocr_carea' id='block_1_2' title="bbox 1323 509 2298 599">
    <p class='ocr_par' dir='ltr' id='par_1_2' title="bbox 1323 509 2298 599">
     <span class='ocr_line' id='line_1_2' title="bbox 1323 509 2298 599; baseline -0.018 -9"><span class='ocrx_word' id='word_1_2' title='bbox 1323 525 1420 590; x_wconf 84' lang='lat' dir='ltr'><strong>M.</strong></span> <span class='ocrx_word' id='word_1_3' title='bbox 1460 515 1695 587; x_wconf 60' lang='lat' dir='ltr'><strong>rien</strong></span> <span class='ocrx_word' id='word_1_4' title='bbox 1729 509 2298 599; x_wconf 76' lang='lat' dir='ltr'><strong>QUINTILIAM</strong></span> 
     </span>
    </p>
   </div>
   <div class='ocr_carea' id='block_1_3' title="bbox 684 627 2882 1452">
    <p class='ocr_par' dir='ltr' id='par_1_3' title="bbox 684 627 2854 733">
     <span class='ocr_line' id='line_1_3' title="bbox 684 627 2854 733; baseline -0.017 0"><span class='ocrx_word' id='word_1_5' title='bbox 684 677 719 733; x_wconf 83' lang='grc'>3</span> <span class='ocrx_word' id='word_1_6' title='bbox 757 653 1036 732; x_wconf 90' lang='lat' dir='ltr'><strong>dicendi</strong></span> <span class='ocrx_word' id='word_1_7' title='bbox 1052 646 1502 726; x_wconf 77' lang='lat' dir='ltr'><strong>meditatione</strong></span> <span class='ocrx_word' id='word_1_8' title='bbox 1517 657 1537 689; x_wconf 88' lang='lat'><em>¹</em></span> <span class='ocrx_word' id='word_1_9' title='bbox 1565 636 1992 716; x_wconf 88' lang='lat' dir='ltr'><strong>communis.</strong></span> <span class='ocrx_word' id='word_1_10' title='bbox 2013 636 2119 706; x_wconf 92' lang='lat' dir='ltr'><strong>Eo</strong></span> <span class='ocrx_word' id='word_1_11' title='bbox 2144 629 2436 732; x_wconf 86' lang='lat' dir='ltr'><strong>quidem</strong></span> <span class='ocrx_word' id='word_1_12' title='bbox 2461 627 2717 700; x_wconf 70' lang='lat' dir='ltr'><strong>resista</strong></span> <span class='ocrx_word' id='word_1_13' title='bbox 2734 627 2854 699; x_wconf 90' lang='lat' dir='ltr'><strong>cul</strong></span> 
     </span>
    </p>

    <p class='ocr_par' dir='ltr' id='par_1_4' title="bbox 687 749 2882 1452">
     <span class='ocr_line' id='line_1_4' title="bbox 751 749 2878 875; baseline -0.017 -28"><span class='ocrx_word' id='word_1_14' title='bbox 751 799 851 875; x_wconf 82' lang='lat' dir='ltr'><strong>pa</strong></span> <span class='ocrx_word' id='word_1_15' title='bbox 874 766 1279 844; x_wconf 83' lang='lat' dir='ltr'><strong>docentium</strong></span> <span class='ocrx_word' id='word_1_16' title='bbox 1307 759 1581 848; x_wconf 80' lang='lat' dir='ltr'><strong>recidit,</strong></span> <span class='ocrx_word' id='word_1_17' title='bbox 1613 776 1692 828; x_wconf 91' lang='lat' dir='ltr'><strong>ut</strong></span> <span class='ocrx_word' id='word_1_18' title='bbox 1719 755 1902 826; x_wconf 84' lang='lat' dir='ltr'><strong>inter</strong></span> <span class='ocrx_word' id='word_1_19' title='bbox 1925 749 2343 852; x_wconf 66' lang='lat' dir='ltr'><strong>precipuaS‚</strong></span> <span class='ocrx_word' id='word_1_20' title='bbox 2370 765 2527 842; x_wconf 79' lang='lat' dir='ltr'><strong>quae</strong></span> <span class='ocrx_word' id='word_1_21' title='bbox 2551 768 2878 815; x_wconf 87' lang='lat' dir='ltr'><strong>corrum-</strong></span> 
     </span>
     <span class='ocr_line' id='line_1_5' title="bbox 756 854 2882 991; baseline -0.016 -30"><span class='ocrx_word' id='word_1_22' title='bbox 756 905 1005 991; x_wconf 88' lang='lat' dir='ltr'><strong>perent</strong></span> <span class='ocrx_word' id='word_1_23' title='bbox 1024 877 1499 981; x_wconf 82' lang='lat' dir='ltr'><strong>eloquentiam</strong></span> <span class='ocrx_word' id='word_1_24' title='bbox 1515 927 1534 963; x_wconf 83' lang='lat'>,</span> <span class='ocrx_word' id='word_1_25' title='bbox 1555 895 1798 946; x_wconf 79' lang='lat' dir='ltr'><strong>causas</strong></span> <span class='ocrx_word' id='word_1_26' title='bbox 1821 864 2107 940; x_wconf 88' lang='lat' dir='ltr'><strong>licentia</strong></span> <span class='ocrx_word' id='word_1_27' title='bbox 2127 884 2333 962; x_wconf 88' lang='lat' dir='ltr'><strong>atque</strong></span> <span class='ocrx_word' id='word_1_28' title='bbox 2359 858 2632 931; x_wconf 77' lang='lat' dir='ltr'><strong>inscitia</strong></span> <span class='ocrx_word' id='word_1_29' title='bbox 2654 854 2882 930; x_wconf 86' lang='lat' dir='ltr'><strong>decla·</strong></span> 
     </span>
     <span class='ocr_line' id='line_1_6' title="bbox 758 972 2879 1085; baseline -0.017 -8"><span class='ocrx_word' id='word_1_30' title='bbox 758 1002 1110 1077; x_wconf 87' lang='lat' dir='ltr'><strong>mantium</strong></span> <span class='ocrx_word' id='word_1_31' title='bbox 1142 995 1385 1083; x_wconf 88' lang='lat' dir='ltr'><strong>fuerit;</strong></span> <span class='ocrx_word' id='word_1_32' title='bbox 1415 990 1537 1064; x_wconf 84' lang='lat' dir='ltr'><strong>sed</strong></span> <span class='ocrx_word' id='word_1_33' title='bbox 1571 1016 1690 1076; x_wconf 80' lang='lat' dir='ltr'><strong>eo,</strong></span> <span class='ocrx_word' id='word_1_34' title='bbox 1720 982 1914 1085; x_wconf 88' lang='lat' dir='ltr'><strong>quod</strong></span> <span class='ocrx_word' id='word_1_35' title='bbox 1944 1002 2195 1054; x_wconf 89' lang='lat' dir='ltr'><strong>natura</strong></span> <span class='ocrx_word' id='word_1_36' title='bbox 2215 977 2491 1049; x_wconf 89' lang='lat' dir='ltr'><strong>bonum</strong></span> <span class='ocrx_word' id='word_1_37' title='bbox 2520 994 2659 1064; x_wconf 85' lang='lat' dir='ltr'><strong>est,</strong></span> <span class='ocrx_word' id='word_1_38' title='bbox 2693 972 2879 1044; x_wconf 87' lang='lat' dir='ltr'><strong>hene</strong></span> 
     </span>
     <span class='ocr_line' id='line_1_7' title="bbox 687 1093 2882 1208; baseline -0.018 -12"><span class='ocrx_word' id='word_1_39' title='bbox 687 1133 725 1200; x_wconf 75' lang='lat'><strong>4</strong></span> <span class='ocrx_word' id='word_1_40' title='bbox 761 1120 862 1194; x_wconf 91' lang='lat' dir='ltr'><strong>uti</strong></span> <span class='ocrx_word' id='word_1_41' title='bbox 883 1118 1064 1190; x_wconf 92' lang='lat' dir='ltr'><strong>licet.</strong></span> <span class='ocrx_word' id='word_1_42' title='bbox 1091 1113 1244 1186; x_wconf 89' lang='lat' dir='ltr'><strong>Sint</strong></span> <span class='ocrx_word' id='word_1_43' title='bbox 1262 1133 1425 1208; x_wconf 76' lang='lat' dir='ltr'><strong>ergo</strong></span> <span class='ocrx_word' id='word_1_44' title='bbox 1446 1123 1513 1179; x_wconf 91' lang='lat' dir='ltr'><strong>et</strong></span> <span class='ocrx_word' id='word_1_45' title='bbox 1531 1106 1699 1205; x_wconf 78' lang='lat' dir='ltr'><strong>ipsae</strong></span> <span class='ocrx_word' id='word_1_46' title='bbox 1719 1099 2026 1174; x_wconf 81' lang='lat' dir='ltr'><strong>materiae</strong></span> <span class='ocrx_word' id='word_1_47' title='bbox 2040 1155 2060 1188; x_wconf 91' lang='lat'>,</span> <span class='ocrx_word' id='word_1_48' title='bbox 2082 1119 2239 1196; x_wconf 76' lang='lat' dir='ltr'><strong>quae</strong></span> <span class='ocrx_word' id='word_1_49' title='bbox 2264 1093 2643 1192; x_wconf 73' lang='lat' dir='ltr'><strong>fingentur,</strong></span> <span class='ocrx_word' id='word_1_50' title='bbox 2660 1113 2882 1188; x_wconf 88' lang='lat' dir='ltr'><strong>quam</strong></span> 
     </span>
     <span class='ocr_line' id='line_1_8' title="bbox 760 1203 2881 1314; baseline -0.017 -5"><span class='ocrx_word' id='word_1_51' title='bbox 760 1233 1138 1308; x_wconf 76' lang='lat' dir='ltr'><strong>simillimae</strong></span> <span class='ocrx_word' id='word_1_52' title='bbox 1156 1225 1419 1301; x_wconf 86' lang='lat' dir='ltr'><strong>veritati</strong></span> <span class='ocrx_word' id='word_1_53' title='bbox 1441 1253 1460 1314; x_wconf 78' lang='lat'><em>3</em></span> <span class='ocrx_word' id='word_1_54' title='bbox 1484 1240 1553 1294; x_wconf 89' lang='lat' dir='ltr'><strong>et</strong></span> <span class='ocrx_word' id='word_1_55' title='bbox 1578 1214 1992 1292; x_wconf 78' lang='lat' dir='ltr'><strong>declamatio</strong></span> <span class='ocrx_word' id='word_1_56' title='bbox 2007 1267 2026 1303; x_wconf 89' lang='lat'>‚</span> <span class='ocrx_word' id='word_1_57' title='bbox 2053 1211 2128 1285; x_wconf 89' lang='lat' dir='ltr'><strong>in</strong></span> <span class='ocrx_word' id='word_1_58' title='bbox 2152 1227 2501 1311; x_wconf 89' lang='lat' dir='ltr'><strong>quantum</strong></span> <span class='ocrx_word' id='word_1_59' title='bbox 2516 1218 2546 1250; x_wconf 86' lang='lat'>²</span> <span class='ocrx_word' id='word_1_60' title='bbox 2573 1203 2881 1276; x_wconf 83' lang='lat' dir='ltr'><strong>maxime</strong></span> 
     </span>
     <span class='ocr_line' id='line_1_9' title="bbox 760 1319 2879 1452; baseline -0.015 -28"><span class='ocrx_word' id='word_1_61' title='bbox 760 1370 1017 1452; x_wconf 80' lang='lat' dir='ltr'><strong>potest,</strong></span> <span class='ocrx_word' id='word_1_62' title='bbox 1042 1345 1352 1418; x_wconf 88' lang='lat' dir='ltr'><strong>imitetur</strong></span> <span class='ocrx_word' id='word_1_63' title='bbox 1375 1366 1489 1413; x_wconf 85' lang='lat' dir='ltr'><strong>eas</strong></span> <span class='ocrx_word' id='word_1_64' title='bbox 1514 1335 1854 1421; x_wconf 85' lang='lat' dir='ltr'><strong>actiones,</strong></span> <span class='ocrx_word' id='word_1_65' title='bbox 1886 1332 1960 1403; x_wconf 87' lang='lat' dir='ltr'><strong>in</strong></span> <span class='ocrx_word' id='word_1_66' title='bbox 1987 1353 2290 1429; x_wconf 88' lang='lat' dir='ltr'><strong>quarum</strong></span> <span class='ocrx_word' id='word_1_67' title='bbox 2321 1319 2879 1396; x_wconf 83' lang='lat' dir='ltr'><strong>exercitationem</strong></span> 
     </span>
    </p>
   </div>
   <div class='ocr_carea' id='block_1_4' title="bbox 691 1437 2878 1565">
    <p class='ocr_par' dir='ltr' id='par_1_5' title="bbox 691 1437 2878 1565">
     <span class='ocr_line' id='line_1_10' title="bbox 691 1437 2878 1565; baseline -0.016 -25"><span class='ocrx_word' id='word_1_68' title='bbox 691 1484 722 1538; x_wconf 80' lang='lat'>5</span> <span class='ocrx_word' id='word_1_69' title='bbox 762 1484 1032 1565; x_wconf 85' lang='lat' dir='ltr'><strong>reperta</strong></span> <span class='ocrx_word' id='word_1_70' title='bbox 1057 1481 1178 1533; x_wconf 88' lang='lat' dir='ltr'><strong>est.</strong></span> <span class='ocrx_word' id='word_1_71' title='bbox 1203 1460 1388 1531; x_wconf 89' lang='lat' dir='ltr'><strong>Nam</strong></span> <span class='ocrx_word' id='word_1_72' title='bbox 1419 1478 1657 1551; x_wconf 78' lang='lat' dir='ltr'><strong>maqos</strong></span> <span class='ocrx_word' id='word_1_73' title='bbox 1673 1448 1734 1539; x_wconf 79' lang='lat'><strong>³,</strong></span> <span class='ocrx_word' id='word_1_74' title='bbox 1767 1469 1835 1521; x_wconf 93' lang='lat' dir='ltr'><strong>et</strong></span> <span class='ocrx_word' id='word_1_75' title='bbox 1856 1437 2394 1548; x_wconf 46' lang='lat' dir='ltr'><strong>pestilentiam&amp;</strong></span> <span class='ocrx_word' id='word_1_76' title='bbox 2427 1458 2498 1510; x_wconf 87' lang='lat' dir='ltr'><strong>et</strong></span> <span class='ocrx_word' id='word_1_77' title='bbox 2522 1461 2878 1537; x_wconf 75' lang='lat' dir='ltr'><strong>responsa,</strong></span> 
     </span>
    </p>
   </div>
   <div class='ocr_carea' id='block_1_5' title="bbox 761 1629 1780 2030">
    <p class='ocr_par' dir='ltr' id='par_1_6' title="bbox 761 1629 1780 2030">
     <span class='ocr_line' id='line_1_11' title="bbox 840 1629 1772 1702; baseline -0.016 -9"><span class='ocrx_word' id='word_1_78' title='bbox 840 1659 884 1694; x_wconf 87' lang='lat'><strong>1.</strong></span> <span class='ocrx_word' id='word_1_79' title='bbox 924 1637 1286 1691; x_wconf 69' lang='lat' dir='ltr'><strong>meditatione.</strong></span> <span class='ocrx_word' id='word_1_80' title='bbox 1329 1635 1512 1702; x_wconf 87' lang='lat' dir='ltr'><strong>Quum</strong></span> <span class='ocrx_word' id='word_1_81' title='bbox 1547 1629 1772 1681; x_wconf 87' lang='lat' dir='ltr'><strong>Francio</strong></span> 
     </span>
     <span class='ocr_line' id='line_1_12' title="bbox 761 1709 1776 1792; baseline -0.018 -19"><span class='ocrx_word' id='word_1_82' title='bbox 761 1715 893 1792; x_wconf 86' lang='lat' dir='ltr'><strong>(sed</strong></span> <span class='ocrx_word' id='word_1_83' title='bbox 922 1716 1050 1790; x_wconf 87' lang='lat' dir='ltr'><strong>quid</strong></span> <span class='ocrx_word' id='word_1_84' title='bbox 1082 1733 1194 1766; x_wconf 85' lang='lat' dir='ltr'><strong>non</strong></span> <span class='ocrx_word' id='word_1_85' title='bbox 1224 1709 1424 1782; x_wconf 80' lang='lat' dir='ltr'><strong>huic‘?)</strong></span> <span class='ocrx_word' id='word_1_86' title='bbox 1456 1711 1512 1760; x_wconf 89' lang='lat' dir='ltr'><strong>in</strong></span> <span class='ocrx_word' id='word_1_87' title='bbox 1542 1720 1776 1759; x_wconf 80' lang='lat' dir='ltr'><strong>mentem</strong></span> 
     </span>
     <span class='ocr_line' id='line_1_13' title="bbox 762 1786 1774 1862; baseline -0.018 -9"><span class='ocrx_word' id='word_1_88' title='bbox 762 1801 965 1853; x_wconf 75' lang='lat' dir='ltr'><strong>venerit</strong></span> <span class='ocrx_word' id='word_1_89' title='bbox 984 1799 1145 1850; x_wconf 84' lang='lat' dir='ltr'><strong>etiam</strong></span> <span class='ocrx_word' id='word_1_90' title='bbox 1162 1795 1427 1862; x_wconf 73' lang='lat' dir='ltr'><strong>corrigere</strong></span> <span class='ocrx_word' id='word_1_91' title='bbox 1445 1786 1774 1851; x_wconf 74' lang='lat' dir='ltr'><strong>velitatione,</strong></span> 
     </span>
     <span class='ocr_line' id='line_1_14' title="bbox 762 1872 1780 1953; baseline -0.017 -21"><span class='ocrx_word' id='word_1_92' title='bbox 762 1898 938 1953; x_wconf 80' lang='lat' dir='ltr'><strong>operae</strong></span> <span class='ocrx_word' id='word_1_93' title='bbox 965 1878 1193 1951; x_wconf 88' lang='lat' dir='ltr'><strong>pretium</strong></span> <span class='ocrx_word' id='word_1_94' title='bbox 1224 1872 1384 1924; x_wconf 85' lang='lat' dir='ltr'><strong>fuerit</strong></span> <span class='ocrx_word' id='word_1_95' title='bbox 1410 1885 1628 1920; x_wconf 87' lang='lat' dir='ltr'><strong>monere</strong></span> <span class='ocrx_word' id='word_1_96' title='bbox 1653 1876 1780 1937; x_wconf 73' lang='lat' dir='ltr'><strong>post</strong></span> 
     </span>
     <span class='ocr_line' id='line_1_15' title="bbox 761 1949 1778 2030; baseline -0.019 -18"><span class='ocrx_word' id='word_1_97' title='bbox 761 1959 987 2030; x_wconf 86' lang='lat' dir='ltr'><strong>Capper.</strong></span> <span class='ocrx_word' id='word_1_98' title='bbox 1005 1995 1023 2022; x_wconf 89' lang='lat'><strong>.,</strong></span> <span class='ocrx_word' id='word_1_99' title='bbox 1051 1972 1166 2007; x_wconf 82' lang='lat' dir='ltr'><strong>esse</strong></span> <span class='ocrx_word' id='word_1_100' title='bbox 1192 1952 1332 2004; x_wconf 87' lang='lat' dir='ltr'><strong>hanc</strong></span> <span class='ocrx_word' id='word_1_101' title='bbox 1360 1949 1667 2001; x_wconf 66' lang='lat' dir='ltr'><strong>Graecorum</strong></span> <span class='ocrx_word' id='word_1_102' title='bbox 1684 1959 1778 2009; x_wconf 70' lang='lat' dir='ltr'><strong>pu·-</strong></span> 
     </span>
    </p>
   </div>
   <div class='ocr_carea' id='block_1_6' title="bbox 762 2052 1774 2185">
    <p class='ocr_par' dir='ltr' id='par_1_7' title="bbox 762 2052 1774 2185">
     <span class='ocr_line' id='line_1_16' title="bbox 762 2052 913 2090; baseline -0.026 2"><span class='ocrx_word' id='word_1_103' title='bbox 762 2052 913 2090; x_wconf 60' lang='lat' dir='ltr'><strong>mn.</strong></span> 
     </span>
     <span class='ocr_line' id='line_1_17' title="bbox 838 2101 1774 2185; baseline -0.019 -17"><span class='ocrx_word' id='word_1_104' title='bbox 838 2135 885 2168; x_wconf 80' lang='lat'><strong>2.</strong></span> <span class='ocrx_word' id='word_1_105' title='bbox 914 2115 981 2166; x_wconf 84' lang='lat' dir='ltr'><strong>In</strong></span> <span class='ocrx_word' id='word_1_106' title='bbox 1000 2120 1277 2185; x_wconf 81' lang='lat' dir='ltr'><strong>quantum.</strong></span> <span class='ocrx_word' id='word_1_107' title='bbox 1294 2104 1470 2159; x_wconf 79' lang='lat' dir='ltr'><strong>Guelf.</strong></span> <span class='ocrx_word' id='word_1_108' title='bbox 1488 2103 1685 2155; x_wconf 84' lang='lat' dir='ltr'><strong>omittit</strong></span> <span class='ocrx_word' id='word_1_109' title='bbox 1700 2101 1774 2152; x_wconf 76' lang='lat' dir='ltr'><strong>in.</strong></span> 
     </span>
    </p>
   </div>
   <div class='ocr_carea' id='block_1_7' title="bbox 763 2181 1789 4324">
    <p class='ocr_par' dir='ltr' id='par_1_8' title="bbox 763 2181 1787 3286">
     <span class='ocr_line' id='line_1_18' title="bbox 763 2181 1779 2247; baseline -0.017 -1"><span class='ocrx_word' id='word_1_110' title='bbox 763 2193 866 2247; x_wconf 86' lang='lat' dir='ltr'><strong>Sed</strong></span> <span class='ocrx_word' id='word_1_111' title='bbox 903 2192 1041 2243; x_wconf 83' lang='lat' dir='ltr'><strong>hanc</strong></span> <span class='ocrx_word' id='word_1_112' title='bbox 1081 2201 1396 2241; x_wconf 79' lang='lat' dir='ltr'><strong>structuram</strong></span> <span class='ocrx_word' id='word_1_113' title='bbox 1431 2196 1485 2235; x_wconf 89' lang='lat' dir='ltr'><strong>et</strong></span> <span class='ocrx_word' id='word_1_114' title='bbox 1520 2181 1779 2233; x_wconf 86' lang='lat' dir='ltr'><strong>Burman-</strong></span> 
     </span>
     <span class='ocr_line' id='line_1_19' title="bbox 763 2260 1782 2325; baseline -0.014 -1"><span class='ocrx_word' id='word_1_115' title='bbox 763 2287 865 2324; x_wconf 82' lang='lat' dir='ltr'><strong>nus</strong></span> <span class='ocrx_word' id='word_1_116' title='bbox 884 2268 1127 2322; x_wconf 78' lang='lat' dir='ltr'><strong>defendit</strong></span> <span class='ocrx_word' id='word_1_117' title='bbox 1145 2266 1213 2319; x_wconf 86' lang='lat' dir='ltr'><strong>ad</strong></span> <span class='ocrx_word' id='word_1_118' title='bbox 1231 2277 1473 2317; x_wconf 84' lang='lat' dir='ltr'><strong>nostrum</strong></span> <span class='ocrx_word' id='word_1_119' title='bbox 1496 2260 1706 2325; x_wconf 76' lang='lat' dir='ltr'><strong>loom,</strong></span> <span class='ocrx_word' id='word_1_120' title='bbox 1726 2271 1782 2311; x_wconf 89' lang='lat' dir='ltr'><strong>et</strong></span> 
     </span>
     <span class='ocr_line' id='line_1_20' title="bbox 763 2339 1781 2412; baseline -0.016 -7"><span class='ocrx_word' id='word_1_121' title='bbox 763 2349 1111 2405; x_wconf 79' lang='lat' dir='ltr'><strong>Ruhnkenius</strong></span> <span class='ocrx_word' id='word_1_122' title='bbox 1136 2346 1205 2398; x_wconf 87' lang='lat' dir='ltr'><strong>ad</strong></span> <span class='ocrx_word' id='word_1_123' title='bbox 1223 2343 1409 2397; x_wconf 85' lang='lat' dir='ltr'><strong>Vellei.</strong></span> <span class='ocrx_word' id='word_1_124' title='bbox 1435 2340 1555 2412; x_wconf 91' lang='lat' dir='ltr'><strong>(cui</strong></span> <span class='ocrx_word' id='word_1_125' title='bbox 1579 2353 1658 2392; x_wconf 83' lang='lat' dir='ltr'><strong>est</strong></span> <span class='ocrx_word' id='word_1_126' title='bbox 1677 2339 1781 2390; x_wconf 85' lang='lat' dir='ltr'><strong>fre-</strong></span> 
     </span>
     <span class='ocr_line' id='line_1_21' title="bbox 768 2417 1783 2501; baseline -0.015 -19"><span class='ocrx_word' id='word_1_127' title='bbox 768 2425 1143 2501; x_wconf 78' lang='lat' dir='ltr'><strong>quentissima)</strong></span> <span class='ocrx_word' id='word_1_128' title='bbox 1166 2427 1215 2488; x_wconf 79' lang='lat'><strong>1,</strong></span> <span class='ocrx_word' id='word_1_129' title='bbox 1240 2441 1302 2492; x_wconf 77' lang='lat'><strong>9,</strong></span> <span class='ocrx_word' id='word_1_130' title='bbox 1327 2422 1358 2473; x_wconf 88' lang='lat'>3</span> <span class='ocrx_word' id='word_1_131' title='bbox 1373 2443 1387 2483; x_wconf 94' lang='lat'>;</span> <span class='ocrx_word' id='word_1_132' title='bbox 1405 2418 1491 2471; x_wconf 81' lang='lat' dir='ltr'><strong>vel</strong></span> <span class='ocrx_word' id='word_1_133' title='bbox 1508 2417 1708 2488; x_wconf 77' lang='lat' dir='ltr'><strong>Virgilii</strong></span> <span class='ocrx_word' id='word_1_134' title='bbox 1730 2430 1783 2468; x_wconf 91' lang='lat' dir='ltr'><strong>et</strong></span> 
     </span>
     <span class='ocr_line' id='line_1_22' title="bbox 764 2500 1781 2567; baseline -0.016 -4"><span class='ocrx_word' id='word_1_135' title='bbox 764 2511 897 2562; x_wconf 80' lang='lat' dir='ltr'><strong>Livii</strong></span> <span class='ocrx_word' id='word_1_136' title='bbox 924 2507 1240 2560; x_wconf 81' lang='lat' dir='ltr'><strong>auctoritate</strong></span> <span class='ocrx_word' id='word_1_137' title='bbox 1272 2514 1466 2553; x_wconf 83' lang='lat' dir='ltr'><strong>tuetur.</strong></span> <span class='ocrx_word' id='word_1_138' title='bbox 1493 2500 1781 2567; x_wconf 78' lang='lat' dir='ltr'><strong>Utriusque</strong></span> 
     </span>
     <span class='ocr_line' id='line_1_23' title="bbox 766 2577 1782 2653; baseline -0.017 -10"><span class='ocrx_word' id='word_1_139' title='bbox 766 2590 977 2643; x_wconf 83' lang='lat' dir='ltr'><strong>Senecae</strong></span> <span class='ocrx_word' id='word_1_140' title='bbox 994 2585 1109 2637; x_wconf 83' lang='lat' dir='ltr'><strong>haec</strong></span> <span class='ocrx_word' id='word_1_141' title='bbox 1131 2579 1373 2653; x_wconf 82' lang='lat' dir='ltr'><strong>exempla</strong></span> <span class='ocrx_word' id='word_1_142' title='bbox 1393 2577 1559 2631; x_wconf 81' lang='lat' dir='ltr'><strong>adde:</strong></span> <span class='ocrx_word' id='word_1_143' title='bbox 1586 2579 1782 2643; x_wconf 86' lang='lat' dir='ltr'><strong>Patris,</strong></span> 
     </span>
     <span class='ocr_line' id='line_1_24' title="bbox 764 2661 1781 2743; baseline -0.018 -22"><span class='ocrx_word' id='word_1_144' title='bbox 764 2690 821 2743; x_wconf 87' lang='lat' dir='ltr'><strong>p.</strong></span> <span class='ocrx_word' id='word_1_145' title='bbox 843 2664 1012 2739; x_wconf 81' lang='lat' dir='ltr'><strong>(Rip.)</strong></span> <span class='ocrx_word' id='word_1_146' title='bbox 1034 2683 1051 2716; x_wconf 81' lang='grc' dir='ltr'><strong>ι</strong></span> <span class='ocrx_word' id='word_1_147' title='bbox 1067 2662 1162 2729; x_wconf 78' lang='lat'><strong>26,</strong></span> <span class='ocrx_word' id='word_1_148' title='bbox 1187 2661 1272 2711; x_wconf 76' lang='lat' dir='ltr'><strong>«in</strong></span> <span class='ocrx_word' id='word_1_149' title='bbox 1290 2669 1495 2710; x_wconf 83' lang='lat' dir='ltr'><strong>tantum</strong></span> <span class='ocrx_word' id='word_1_150' title='bbox 1511 2669 1781 2718; x_wconf 75' lang='lat' dir='ltr'><strong>tenaces·;</strong></span> 
     </span>
     <span class='ocr_line' id='line_1_25' title="bbox 773 2734 1782 2819; baseline -0.016 -18"><span class='ocrx_word' id='word_1_151' title='bbox 773 2763 902 2819; x_wconf 76' lang='lat'><strong>192,</strong></span> <span class='ocrx_word' id='word_1_152' title='bbox 942 2766 965 2790; x_wconf 74' lang='grc' dir='ltr'>ι</span> <span class='ocrx_word' id='word_1_153' title='bbox 987 2744 1043 2795; x_wconf 80' lang='lat' dir='ltr'><strong>in</strong></span> <span class='ocrx_word' id='word_1_154' title='bbox 1085 2750 1294 2793; x_wconf 80' lang='lat' dir='ltr'><strong>tantum</strong></span> <span class='ocrx_word' id='word_1_155' title='bbox 1336 2748 1522 2789; x_wconf 83' lang='lat' dir='ltr'><strong>ornata</strong></span> <span class='ocrx_word' id='word_1_156' title='bbox 1543 2759 1565 2784; x_wconf 70' lang='lat' dir='ltr'>n</span> <span class='ocrx_word' id='word_1_157' title='bbox 1588 2757 1603 2798; x_wconf 91' lang='lat'>;</span> <span class='ocrx_word' id='word_1_158' title='bbox 1651 2734 1782 2802; x_wconf 73' lang='lat'>²149,</span> 
     </span>
     <span class='ocr_line' id='line_1_26' title="bbox 772 2814 1785 2899; baseline -0.01 -25"><span class='ocrx_word' id='word_1_159' title='bbox 772 2850 798 2874; x_wconf 69' lang='grc' dir='ltr'><strong>α</strong></span> <span class='ocrx_word' id='word_1_160' title='bbox 820 2828 875 2877; x_wconf 81' lang='lat' dir='ltr'><strong>in</strong></span> <span class='ocrx_word' id='word_1_161' title='bbox 893 2834 1154 2899; x_wconf 81' lang='lat' dir='ltr'><strong>quantum</strong></span> <span class='ocrx_word' id='word_1_162' title='bbox 1174 2832 1372 2893; x_wconf 81' lang='lat' dir='ltr'><strong>posset.</strong></span> <span class='ocrx_word' id='word_1_163' title='bbox 1391 2841 1414 2865; x_wconf 76' lang='grc' dir='ltr'><strong>ιο</strong></span> <span class='ocrx_word' id='word_1_164' title='bbox 1438 2815 1554 2869; x_wconf 87' lang='lat' dir='ltr'><strong>Filii</strong></span> <span class='ocrx_word' id='word_1_165' title='bbox 1570 2854 1587 2881; x_wconf 81' lang='lat'><strong>‚</strong></span> <span class='ocrx_word' id='word_1_166' title='bbox 1606 2814 1674 2866; x_wconf 89' lang='lat' dir='ltr'><strong>de</strong></span> <span class='ocrx_word' id='word_1_167' title='bbox 1693 2816 1785 2865; x_wconf 87' lang='lat' dir='ltr'><strong>Be-</strong></span> 
     </span>
     <span class='ocr_line' id='line_1_27' title="bbox 765 2893 1787 2970; baseline -0.016 -11"><span class='ocrx_word' id='word_1_168' title='bbox 765 2907 878 2959; x_wconf 81' lang='lat' dir='ltr'><strong>nef.</strong></span> <span class='ocrx_word' id='word_1_169' title='bbox 905 2908 979 2970; x_wconf 75' lang='grc' dir='ltr'><strong>ΙΙ,</strong></span> <span class='ocrx_word' id='word_1_170' title='bbox 1006 2903 1098 2955; x_wconf 75' lang='lat'><strong>23:</strong></span> <span class='ocrx_word' id='word_1_171' title='bbox 1126 2923 1148 2947; x_wconf 71' lang='lat' dir='ltr'><strong><em>a</em></strong></span> <span class='ocrx_word' id='word_1_172' title='bbox 1170 2900 1225 2950; x_wconf 80' lang='lat' dir='ltr'><strong>in</strong></span> <span class='ocrx_word' id='word_1_173' title='bbox 1250 2908 1457 2949; x_wconf 78' lang='lat' dir='ltr'><strong>tantum</strong></span> <span class='ocrx_word' id='word_1_174' title='bbox 1481 2893 1787 2967; x_wconf 83' lang='lat' dir='ltr'><strong>producen-</strong></span> 
     </span>
     <span class='ocr_line' id='line_1_28' title="bbox 775 2977 1779 3054; baseline -0.014 -18"><span class='ocrx_word' id='word_1_175' title='bbox 775 3008 799 3031; x_wconf 74' lang='grc' dir='ltr'><strong>α</strong></span> <span class='ocrx_word' id='word_1_176' title='bbox 820 2984 944 3036; x_wconf 85' lang='lat' dir='ltr'><strong>da...</strong></span> <span class='ocrx_word' id='word_1_177' title='bbox 964 2983 1018 3033; x_wconf 79' lang='lat' dir='ltr'><strong>in</strong></span> <span class='ocrx_word' id='word_1_178' title='bbox 1034 2990 1292 3054; x_wconf 74' lang='lat' dir='ltr'><strong>quavttum</strong></span> <span class='ocrx_word' id='word_1_179' title='bbox 1307 2977 1637 3029; x_wconf 88' lang='lat' dir='ltr'><strong>delectatura</strong></span> <span class='ocrx_word' id='word_1_180' title='bbox 1650 2985 1779 3024; x_wconf 69' lang='lat' dir='ltr'><strong>est.-</strong></span> 
     </span>
     <span class='ocr_line' id='line_1_29' title="bbox 768 3057 1786 3136; baseline -0.013 -20"><span class='ocrx_word' id='word_1_181' title='bbox 768 3064 867 3136; x_wconf 81' lang='lat' dir='ltr'><strong>Ep.</strong></span> <span class='ocrx_word' id='word_1_182' title='bbox 889 3062 987 3133; x_wconf 81' lang='lat'><strong>95,</strong></span> <span class='ocrx_word' id='word_1_183' title='bbox 1014 3082 1038 3106; x_wconf 78' lang='grc' dir='ltr'><strong>ιι</strong></span> <span class='ocrx_word' id='word_1_184' title='bbox 1060 3057 1275 3132; x_wconf 87' lang='lat' dir='ltr'><strong>quando</strong></span> <span class='ocrx_word' id='word_1_185' title='bbox 1299 3070 1353 3108; x_wconf 90' lang='lat' dir='ltr'><strong>et</strong></span> <span class='ocrx_word' id='word_1_186' title='bbox 1377 3057 1433 3107; x_wconf 79' lang='lat' dir='ltr'><strong>in</strong></span> <span class='ocrx_word' id='word_1_187' title='bbox 1451 3062 1712 3127; x_wconf 81' lang='lat' dir='ltr'><strong>quantum</strong></span> <span class='ocrx_word' id='word_1_188' title='bbox 1733 3065 1786 3104; x_wconf 90' lang='lat' dir='ltr'><strong>et</strong></span> 
     </span>
     <span class='ocr_line' id='line_1_30' title="bbox 775 3130 1786 3212; baseline -0.006 -23"><span class='ocrx_word' id='word_1_189' title='bbox 775 3164 801 3189; x_wconf 62' lang='grc' dir='ltr'><strong><em>κ</em></strong></span> <span class='ocrx_word' id='word_1_190' title='bbox 819 3145 875 3193; x_wconf 85' lang='lat' dir='ltr'><strong>in</strong></span> <span class='ocrx_word' id='word_1_191' title='bbox 894 3158 1021 3212; x_wconf 85' lang='lat' dir='ltr'><strong>quo.</strong></span> <span class='ocrx_word' id='word_1_192' title='bbox 1044 3162 1067 3187; x_wconf 67' lang='lat' dir='ltr'><em>n</em></span> <span class='ocrx_word' id='word_1_193' title='bbox 1092 3137 1245 3190; x_wconf 73' lang='lat' dir='ltr'><strong>Plinii</strong></span> <span class='ocrx_word' id='word_1_194' title='bbox 1263 3137 1394 3187; x_wconf 79' lang='lat' dir='ltr'><strong>Hist.</strong></span> <span class='ocrx_word' id='word_1_195' title='bbox 1412 3138 1536 3187; x_wconf 79' lang='lat' dir='ltr'><strong>Nat.</strong></span> <span class='ocrx_word' id='word_1_196' title='bbox 1557 3135 1631 3199; x_wconf 85' lang='grc' dir='ltr'><strong>Π,</strong></span> <span class='ocrx_word' id='word_1_197' title='bbox 1658 3130 1786 3201; x_wconf 84' lang='lat'>106,</span> 
     </span>
     <span class='ocr_line' id='line_1_31' title="bbox 776 3214 1778 3286; baseline -0.013 -13"><span class='ocrx_word' id='word_1_198' title='bbox 776 3244 799 3268; x_wconf 75' lang='grc' dir='ltr'>ι</span> <span class='ocrx_word' id='word_1_199' title='bbox 820 3223 1044 3273; x_wconf 81' lang='lat' dir='ltr'><strong>AEtnae...</strong></span> <span class='ocrx_word' id='word_1_200' title='bbox 1071 3215 1395 3286; x_wconf 75' lang='lat' dir='ltr'><strong>flagrantis...</strong></span> <span class='ocrx_word' id='word_1_201' title='bbox 1421 3214 1479 3263; x_wconf 83' lang='lat' dir='ltr'><strong>in</strong></span> <span class='ocrx_word' id='word_1_202' title='bbox 1505 3220 1731 3264; x_wconf 80' lang='lat' dir='ltr'><strong>tantum.</strong></span> <span class='ocrx_word' id='word_1_203' title='bbox 1754 3235 1778 3258; x_wconf 69' lang='lat' dir='ltr'>n</span> 
     </span>
    </p>

    <p class='ocr_par' dir='ltr' id='par_1_9' title="bbox 768 3290 1789 4324">
     <span class='ocr_line' id='line_1_32' title="bbox 842 3290 1786 3367; baseline -0.012 -14"><span class='ocrx_word' id='word_1_204' title='bbox 842 3301 894 3353; x_wconf 88' lang='lat'><strong>3.</strong></span> <span class='ocrx_word' id='word_1_205' title='bbox 924 3300 1068 3351; x_wconf 83' lang='lat' dir='ltr'><strong>Nam</strong></span> <span class='ocrx_word' id='word_1_206' title='bbox 1098 3312 1334 3367; x_wconf 57' lang='grc' dir='ltr'><strong>πωροι..</strong></span> <span class='ocrx_word' id='word_1_207' title='bbox 1363 3309 1625 3343; x_wconf 79' lang='lat' dir='ltr'><strong>novercas.</strong></span> <span class='ocrx_word' id='word_1_208' title='bbox 1649 3290 1786 3343; x_wconf 84' lang='lat' dir='ltr'><strong>Vide</strong></span> 
     </span>
     <span class='ocr_line' id='line_1_33' title="bbox 772 3371 1782 3450; baseline -0.012 -19"><span class='ocrx_word' id='word_1_209' title='bbox 772 3380 1084 3450; x_wconf 82' lang='lat' dir='ltr'><strong>scriptorem</strong></span> <span class='ocrx_word' id='word_1_210' title='bbox 1116 3373 1326 3443; x_wconf 80' lang='lat' dir='ltr'><strong>Dialogi</strong></span> <span class='ocrx_word' id='word_1_211' title='bbox 1348 3371 1417 3424; x_wconf 88' lang='lat' dir='ltr'><strong>de</strong></span> <span class='ocrx_word' id='word_1_212' title='bbox 1444 3373 1618 3422; x_wconf 83' lang='lat' dir='ltr'><strong>causis</strong></span> <span class='ocrx_word' id='word_1_213' title='bbox 1641 3387 1782 3420; x_wconf 88' lang='lat' dir='ltr'><strong>corr.</strong></span> 
     </span>
     <span class='ocr_line' id='line_1_34' title="bbox 768 3451 1787 3523; baseline -0.011 -13"><span class='ocrx_word' id='word_1_214' title='bbox 768 3459 839 3510; x_wconf 83' lang='lat' dir='ltr'><strong>el.</strong></span> <span class='ocrx_word' id='word_1_215' title='bbox 860 3496 878 3523; x_wconf 88' lang='lat'><strong>.,</strong></span> <span class='ocrx_word' id='word_1_216' title='bbox 923 3475 970 3507; x_wconf 91' lang='lat' dir='ltr'><strong>c.</strong></span> <span class='ocrx_word' id='word_1_217' title='bbox 1017 3454 1083 3507; x_wconf 83' lang='lat'><strong>35</strong></span> <span class='ocrx_word' id='word_1_218' title='bbox 1100 3491 1118 3520; x_wconf 81' lang='lat'>‚</span> <span class='ocrx_word' id='word_1_219' title='bbox 1158 3451 1252 3503; x_wconf 92' lang='lat' dir='ltr'><strong>ubi</strong></span> <span class='ocrx_word' id='word_1_220' title='bbox 1292 3454 1417 3503; x_wconf 88' lang='lat' dir='ltr'><strong>item</strong></span> <span class='ocrx_word' id='word_1_221' title='bbox 1454 3460 1787 3519; x_wconf 78' lang='lat' dir='ltr'><strong>exagitantur</strong></span> 
     </span>
     <span class='ocr_line' id='line_1_35' title="bbox 771 3530 1787 3595; baseline -0.011 -6"><span class='ocrx_word' id='word_1_222' title='bbox 771 3554 916 3590; x_wconf 68' lang='lat' dir='ltr'><strong>vante</strong></span> <span class='ocrx_word' id='word_1_223' title='bbox 945 3533 1393 3587; x_wconf 84' lang='lat' dir='ltr'><strong>declamationum</strong></span> <span class='ocrx_word' id='word_1_224' title='bbox 1419 3530 1681 3595; x_wconf 68' lang='lat' dir='ltr'><strong>materiae,</strong></span> <span class='ocrx_word' id='word_1_225' title='bbox 1712 3531 1787 3580; x_wconf 84' lang='lat' dir='ltr'><strong>is-</strong></span> 
     </span>
     <span class='ocr_line' id='line_1_36' title="bbox 772 3606 1785 3689; baseline -0.01 -20"><span class='ocrx_word' id='word_1_226' title='bbox 772 3636 877 3689; x_wconf 85' lang='lat' dir='ltr'><strong>que</strong></span> <span class='ocrx_word' id='word_1_227' title='bbox 893 3615 1044 3667; x_wconf 88' lang='lat' dir='ltr'><strong>locus</strong></span> <span class='ocrx_word' id='word_1_228' title='bbox 1063 3615 1234 3685; x_wconf 80' lang='lat' dir='ltr'><strong>possit</strong></span> <span class='ocrx_word' id='word_1_229' title='bbox 1252 3611 1445 3681; x_wconf 79' lang='lat' dir='ltr'><strong>legenti</strong></span> <span class='ocrx_word' id='word_1_230' title='bbox 1464 3606 1785 3681; x_wconf 88' lang='lat' dir='ltr'><strong>persuadere</strong></span> 
     </span>
     <span class='ocr_line' id='line_1_37' title="bbox 770 3687 1786 3766; baseline -0.013 -17"><span class='ocrx_word' id='word_1_231' title='bbox 770 3695 1158 3766; x_wconf 75' lang='lat' dir='ltr'><strong>Quintilianum</strong></span> <span class='ocrx_word' id='word_1_232' title='bbox 1201 3694 1314 3762; x_wconf 86' lang='lat' dir='ltr'><strong>ejus</strong></span> <span class='ocrx_word' id='word_1_233' title='bbox 1355 3687 1553 3757; x_wconf 80' lang='lat' dir='ltr'><strong>dialogi</strong></span> <span class='ocrx_word' id='word_1_234' title='bbox 1595 3700 1786 3738; x_wconf 88' lang='lat' dir='ltr'><strong>aucto-</strong></span> 
     </span>
     <span class='ocr_line' id='line_1_38' title="bbox 770 3766 1789 3828; baseline -0.009 0"><span class='ocrx_word' id='word_1_235' title='bbox 770 3796 899 3828; x_wconf 86' lang='lat' dir='ltr'><strong>rem.</strong></span> <span class='ocrx_word' id='word_1_236' title='bbox 926 3772 1031 3827; x_wconf 90' lang='lat' dir='ltr'><strong>Sed</strong></span> <span class='ocrx_word' id='word_1_237' title='bbox 1056 3772 1270 3824; x_wconf 87' lang='lat' dir='ltr'><strong>obstant</strong></span> <span class='ocrx_word' id='word_1_238' title='bbox 1294 3768 1393 3820; x_wconf 84' lang='lat' dir='ltr'><strong>alia</strong></span> <span class='ocrx_word' id='word_1_239' title='bbox 1417 3766 1601 3818; x_wconf 81' lang='lat' dir='ltr'><strong>multa.</strong></span> <span class='ocrx_word' id='word_1_240' title='bbox 1628 3768 1789 3819; x_wconf 78' lang='lat' dir='ltr'><strong>Coete·</strong></span> 
     </span>
     <span class='ocr_line' id='line_1_39' title="bbox 771 3844 1787 3919; baseline -0.011 -12"><span class='ocrx_word' id='word_1_241' title='bbox 771 3872 890 3906; x_wconf 81' lang='lat' dir='ltr'><strong>rum</strong></span> <span class='ocrx_word' id='word_1_242' title='bbox 936 3867 990 3905; x_wconf 88' lang='lat' dir='ltr'><strong>et</strong></span> <span class='ocrx_word' id='word_1_243' title='bbox 1034 3852 1109 3904; x_wconf 89' lang='lat' dir='ltr'><strong>ibi</strong></span> <span class='ocrx_word' id='word_1_244' title='bbox 1149 3860 1439 3919; x_wconf 76' lang='lat' dir='ltr'><strong>tanguntur</strong></span> <span class='ocrx_word' id='word_1_245' title='bbox 1477 3844 1787 3918; x_wconf 67' lang='lat' dir='ltr'><strong>pestilentiae</strong></span> 
     </span>
     <span class='ocr_line' id='line_1_40' title="bbox 771 3927 1786 3997; baseline -0.009 -11"><span class='ocrx_word' id='word_1_246' title='bbox 771 3933 1015 3986; x_wconf 80' lang='lat' dir='ltr'><strong>remedia.</strong></span> <span class='ocrx_word' id='word_1_247' title='bbox 1065 3930 1239 3983; x_wconf 87' lang='lat' dir='ltr'><strong>Habet</strong></span> <span class='ocrx_word' id='word_1_248' title='bbox 1283 3927 1507 3980; x_wconf 87' lang='lat' dir='ltr'><strong>multam</strong></span> <span class='ocrx_word' id='word_1_249' title='bbox 1552 3928 1786 3997; x_wconf 84' lang='lat' dir='ltr'><strong>speciem</strong></span> 
     </span>
     <span class='ocr_line' id='line_1_41' title="bbox 771 4006 1784 4083; baseline -0.008 -18"><span class='ocrx_word' id='word_1_250' title='bbox 771 4015 923 4065; x_wconf 79' lang='lat' dir='ltr'><strong>Par-ei</strong></span> <span class='ocrx_word' id='word_1_251' title='bbox 962 4016 1269 4083; x_wconf 83' lang='lat' dir='ltr'><strong>conjectura</strong></span> <span class='ocrx_word' id='word_1_252' title='bbox 1284 4047 1303 4075; x_wconf 86' lang='grc'><strong>.,</strong></span> <span class='ocrx_word' id='word_1_253' title='bbox 1341 4010 1398 4059; x_wconf 91' lang='lat' dir='ltr'><strong>in</strong></span> <span class='ocrx_word' id='word_1_254' title='bbox 1440 4020 1624 4059; x_wconf 83' lang='lat' dir='ltr'><strong>nostro</strong></span> <span class='ocrx_word' id='word_1_255' title='bbox 1661 4006 1784 4059; x_wconf 89' lang='lat' dir='ltr'><strong>loco</strong></span> 
     </span>
     <span class='ocr_line' id='line_1_42' title="bbox 773 4091 1779 4167; baseline -0.005 -23"><span class='ocrx_word' id='word_1_256' title='bbox 773 4111 874 4167; x_wconf 87' lang='lat' dir='ltr'><strong>pro</strong></span> <span class='ocrx_word' id='word_1_257' title='bbox 905 4115 928 4138; x_wconf 69' lang='grc' dir='ltr'><strong>α</strong></span> <span class='ocrx_word' id='word_1_258' title='bbox 950 4106 1003 4144; x_wconf 88' lang='lat' dir='ltr'><strong>et</strong></span> <span class='ocrx_word' id='word_1_259' title='bbox 1024 4091 1379 4164; x_wconf 77' lang='lat' dir='ltr'><strong>pestilentiam</strong></span> <span class='ocrx_word' id='word_1_260' title='bbox 1403 4102 1456 4141; x_wconf 89' lang='lat' dir='ltr'><strong>et</strong></span> <span class='ocrx_word' id='word_1_261' title='bbox 1478 4106 1736 4160; x_wconf 85' lang='lat' dir='ltr'><strong>responsa</strong></span> <span class='ocrx_word' id='word_1_262' title='bbox 1755 4112 1779 4137; x_wconf 76' lang='grc' dir='ltr'><strong>ιο</strong></span> 
     </span>
     <span class='ocr_line' id='line_1_43' title="bbox 774 4168 1787 4241; baseline -0.003 -18"><span class='ocrx_word' id='word_1_263' title='bbox 774 4172 1023 4224; x_wconf 88' lang='lat' dir='ltr'><strong>tentantis</strong></span> <span class='ocrx_word' id='word_1_264' title='bbox 1067 4194 1088 4217; x_wconf 77' lang='grc' dir='ltr'><strong>οι</strong></span> <span class='ocrx_word' id='word_1_265' title='bbox 1111 4184 1164 4222; x_wconf 86' lang='lat' dir='ltr'><strong>et</strong></span> <span class='ocrx_word' id='word_1_266' title='bbox 1193 4172 1250 4221; x_wconf 88' lang='lat' dir='ltr'><strong>in</strong></span> <span class='ocrx_word' id='word_1_267' title='bbox 1280 4168 1638 4241; x_wconf 82' lang='lat' dir='ltr'><strong>pestilentiam</strong></span> <span class='ocrx_word' id='word_1_268' title='bbox 1672 4186 1787 4220; x_wconf 80' lang='lat' dir='ltr'><strong>res-</strong></span> 
     </span>
     <span class='ocr_line' id='line_1_44' title="bbox 782 4246 1785 4324; baseline 0.004 -26"><span class='ocrx_word' id='word_1_269' title='bbox 782 4275 805 4298; x_wconf 63' lang='lat' dir='ltr'><strong>a</strong></span> <span class='ocrx_word' id='word_1_270' title='bbox 823 4268 996 4324; x_wconf 84' lang='lat' dir='ltr'><strong>ponsa</strong></span> <span class='ocrx_word' id='word_1_271' title='bbox 1009 4273 1033 4298; x_wconf 71' lang='lat' dir='ltr'><strong>n</strong></span> <span class='ocrx_word' id='word_1_272' title='bbox 1051 4288 1068 4317; x_wconf 84' lang='lat'><strong>‚</strong></span> <span class='ocrx_word' id='word_1_273' title='bbox 1082 4252 1171 4303; x_wconf 90' lang='lat' dir='ltr'><strong>cui</strong></span> <span class='ocrx_word' id='word_1_274' title='bbox 1190 4247 1513 4304; x_wconf 74' lang='lat' dir='ltr'><strong>stabiliendae</strong></span> <span class='ocrx_word' id='word_1_275' title='bbox 1529 4246 1597 4303; x_wconf 83' lang='lat' dir='ltr'><strong>ad</strong></span> <span class='ocrx_word' id='word_1_276' title='bbox 1609 4259 1785 4323; x_wconf 82' lang='lat' dir='ltr'><strong>partes</strong></span> 
     </span>
    </p>
   </div>
   <div class='ocr_carea' id='block_1_8' title="bbox 1863 1612 2891 4315">
    <p class='ocr_par' dir='ltr' id='par_1_10' title="bbox 1863 1612 2891 4241">
     <span class='ocr_line' id='line_1_45' title="bbox 1863 1612 2881 1683; baseline -0.013 -6"><span class='ocrx_word' id='word_1_277' title='bbox 1863 1637 2021 1677; x_wconf 77' lang='lat' dir='ltr'><strong>vocat</strong></span> <span class='ocrx_word' id='word_1_278' title='bbox 2053 1622 2392 1683; x_wconf 86' lang='lat' dir='ltr'><strong>Petronium,</strong></span> <span class='ocrx_word' id='word_1_279' title='bbox 2425 1635 2473 1668; x_wconf 92' lang='lat' dir='ltr'><strong>c.</strong></span> <span class='ocrx_word' id='word_1_280' title='bbox 2511 1633 2568 1681; x_wconf 85' lang='lat'><strong>1,</strong></span> <span class='ocrx_word' id='word_1_281' title='bbox 2597 1613 2787 1667; x_wconf 81' lang='lat' dir='ltr'><strong>similia</strong></span> <span class='ocrx_word' id='word_1_282' title='bbox 2813 1612 2881 1665; x_wconf 89' lang='lat' dir='ltr'><strong>de</strong></span> 
     </span>
     <span class='ocr_line' id='line_1_46' title="bbox 1864 1697 2884 1768; baseline -0.015 -10"><span class='ocrx_word' id='word_1_283' title='bbox 1864 1702 2281 1757; x_wconf 75' lang='lat' dir='ltr'><strong>declamantium</strong></span> <span class='ocrx_word' id='word_1_284' title='bbox 2305 1697 2520 1768; x_wconf 83' lang='lat' dir='ltr'><strong>ineptiis</strong></span> <span class='ocrx_word' id='word_1_285' title='bbox 2544 1709 2884 1765; x_wconf 80' lang='lat' dir='ltr'><strong>conqueren-</strong></span> 
     </span>
     <span class='ocr_line' id='line_1_47' title="bbox 1866 1775 2885 1849; baseline -0.014 -12"><span class='ocrx_word' id='word_1_286' title='bbox 1866 1798 2007 1849; x_wconf 85' lang='lat' dir='ltr'><strong>tem,</strong></span> <span class='ocrx_word' id='word_1_287' title='bbox 2034 1781 2130 1833; x_wconf 77' lang='lat' dir='ltr'><strong>ubi</strong></span> <span class='ocrx_word' id='word_1_288' title='bbox 2155 1779 2269 1832; x_wconf 69' lang='lat' dir='ltr'><strong>hmo</strong></span> <span class='ocrx_word' id='word_1_289' title='bbox 2304 1792 2603 1848; x_wconf 70' lang='lat' dir='ltr'><strong>urespousa</strong></span> <span class='ocrx_word' id='word_1_290' title='bbox 2630 1776 2689 1825; x_wconf 87' lang='lat' dir='ltr'><strong>in</strong></span> <span class='ocrx_word' id='word_1_291' title='bbox 2714 1775 2885 1845; x_wconf 80' lang='lat' dir='ltr'><strong>pesti-</strong></span> 
     </span>
     <span class='ocr_line' id='line_1_48' title="bbox 1873 1857 2883 1927; baseline -0.011 -12"><span class='ocrx_word' id='word_1_292' title='bbox 1873 1886 1896 1910; x_wconf 77' lang='lat'>«</span> <span class='ocrx_word' id='word_1_293' title='bbox 1917 1863 2135 1915; x_wconf 85' lang='lat' dir='ltr'><strong>lentiam</strong></span> <span class='ocrx_word' id='word_1_294' title='bbox 2179 1858 2323 1911; x_wconf 88' lang='lat' dir='ltr'><strong>data.</strong></span> <span class='ocrx_word' id='word_1_295' title='bbox 2344 1880 2368 1904; x_wconf 72' lang='lat' dir='ltr'><strong>a·</strong></span> <span class='ocrx_word' id='word_1_296' title='bbox 2419 1857 2660 1927; x_wconf 79' lang='lat' dir='ltr'><strong>Apparet</strong></span> <span class='ocrx_word' id='word_1_297' title='bbox 2703 1866 2883 1905; x_wconf 82' lang='lat' dir='ltr'><strong>tamen</strong></span> 
     </span>
     <span class='ocr_line' id='line_1_49' title="bbox 1867 1934 2877 2007; baseline -0.013 -12"><span class='ocrx_word' id='word_1_298' title='bbox 1867 1942 2163 1994; x_wconf 83' lang='lat' dir='ltr'><strong>contortius</strong></span> <span class='ocrx_word' id='word_1_299' title='bbox 2182 1937 2290 1990; x_wconf 85' lang='lat' dir='ltr'><strong>dici</strong></span> <span class='ocrx_word' id='word_1_300' title='bbox 2314 1957 2337 1982; x_wconf 71' lang='grc' dir='ltr'>ι</span> <span class='ocrx_word' id='word_1_301' title='bbox 2353 1951 2609 2007; x_wconf 86' lang='lat' dir='ltr'><strong>responsa</strong></span> <span class='ocrx_word' id='word_1_302' title='bbox 2627 1934 2683 1984; x_wconf 88' lang='lat' dir='ltr'><strong>in</strong></span> <span class='ocrx_word' id='word_1_303' title='bbox 2697 1944 2838 2004; x_wconf 85' lang='lat' dir='ltr'><strong>pest.</strong></span> <span class='ocrx_word' id='word_1_304' title='bbox 2852 1955 2877 1980; x_wconf 70' lang='lat' dir='ltr'><strong>n</strong></span> 
     </span>
     <span class='ocr_line' id='line_1_50' title="bbox 1867 2011 2878 2094; baseline -0.015 -19"><span class='ocrx_word' id='word_1_305' title='bbox 1867 2041 1966 2094; x_wconf 89' lang='lat' dir='ltr'><strong>pro</strong></span> <span class='ocrx_word' id='word_1_306' title='bbox 2025 2042 2048 2067; x_wconf 77' lang='grc' dir='ltr'>ι</span> <span class='ocrx_word' id='word_1_307' title='bbox 2072 2035 2331 2092; x_wconf 81' lang='lat' dir='ltr'><strong>responsa</strong></span> <span class='ocrx_word' id='word_1_308' title='bbox 2381 2018 2438 2068; x_wconf 84' lang='lat' dir='ltr'><strong>in</strong></span> <span class='ocrx_word' id='word_1_309' title='bbox 2489 2025 2630 2086; x_wconf 80' lang='lat' dir='ltr'><strong>pest.</strong></span> <span class='ocrx_word' id='word_1_310' title='bbox 2681 2011 2826 2065; x_wconf 77' lang='lat' dir='ltr'><strong>datu.</strong></span> <span class='ocrx_word' id='word_1_311' title='bbox 2852 2035 2878 2060; x_wconf 76' lang='grc' dir='ltr'>ι</span> 
     </span>
     <span class='ocr_line' id='line_1_51' title="bbox 1867 2092 2884 2174; baseline -0.014 -19"><span class='ocrx_word' id='word_1_312' title='bbox 1867 2100 2124 2174; x_wconf 77' lang='lat' dir='ltr'><strong>Exempla</strong></span> <span class='ocrx_word' id='word_1_313' title='bbox 2177 2092 2490 2170; x_wconf 83' lang='lat' dir='ltr'><strong>hujusmodi</strong></span> <span class='ocrx_word' id='word_1_314' title='bbox 2544 2093 2884 2143; x_wconf 84' lang='lat' dir='ltr'><strong>materiarum</strong></span> 
     </span>
     <span class='ocr_line' id='line_1_52' title="bbox 1865 2170 2882 2243; baseline -0.013 -9"><span class='ocrx_word' id='word_1_315' title='bbox 1865 2181 2105 2234; x_wconf 87' lang='lat' dir='ltr'><strong>Declam.</strong></span> <span class='ocrx_word' id='word_1_316' title='bbox 2145 2180 2281 2229; x_wconf 88' lang='lat' dir='ltr'><strong>inter</strong></span> <span class='ocrx_word' id='word_1_317' title='bbox 2314 2171 2702 2243; x_wconf 83' lang='lat' dir='ltr'><strong>Quintilianeas</strong></span> <span class='ocrx_word' id='word_1_318' title='bbox 2738 2170 2847 2223; x_wconf 80' lang='lat'><strong>326</strong></span> <span class='ocrx_word' id='word_1_319' title='bbox 2869 2193 2882 2221; x_wconf 93' lang='lat'>:</span> 
     </span>
     <span class='ocr_line' id='line_1_53' title="bbox 1874 2249 2886 2331; baseline -0.011 -19"><span class='ocrx_word' id='word_1_320' title='bbox 1874 2282 1898 2307; x_wconf 76' lang='grc' dir='ltr'><strong>αι</strong></span> <span class='ocrx_word' id='word_1_321' title='bbox 1916 2261 2024 2328; x_wconf 89' lang='lat' dir='ltr'><strong>Qui</strong></span> <span class='ocrx_word' id='word_1_322' title='bbox 2059 2256 2361 2331; x_wconf 78' lang='lat' dir='ltr'><strong>pestilentia</strong></span> <span class='ocrx_word' id='word_1_323' title='bbox 2397 2249 2743 2317; x_wconf 81' lang='lat' dir='ltr'><strong>laborabant,</strong></span> <span class='ocrx_word' id='word_1_324' title='bbox 2782 2252 2886 2302; x_wconf 86' lang='lat' dir='ltr'><strong>mi·-</strong></span> 
     </span>
     <span class='ocr_line' id='line_1_54' title="bbox 1872 2328 2886 2407; baseline -0.014 -14"><span class='ocrx_word' id='word_1_325' title='bbox 1872 2362 1898 2386; x_wconf 70' lang='grc' dir='ltr'><em>α</em></span> <span class='ocrx_word' id='word_1_326' title='bbox 1920 2351 2102 2392; x_wconf 86' lang='lat' dir='ltr'><strong>serunt</strong></span> <span class='ocrx_word' id='word_1_327' title='bbox 2130 2337 2364 2407; x_wconf 71' lang='lat' dir='ltr'><strong>legatum</strong></span> <span class='ocrx_word' id='word_1_328' title='bbox 2391 2330 2460 2385; x_wconf 84' lang='lat' dir='ltr'><strong>ad</strong></span> <span class='ocrx_word' id='word_1_329' title='bbox 2485 2328 2764 2382; x_wconf 82' lang='lat' dir='ltr'><strong>oraculum</strong></span> <span class='ocrx_word' id='word_1_330' title='bbox 2783 2348 2886 2402; x_wconf 85' lang='lat' dir='ltr'><strong>pe-</strong></span> 
     </span>
     <span class='ocr_line' id='line_1_55' title="bbox 1877 2407 2885 2486; baseline -0.006 -20"><span class='ocrx_word' id='word_1_331' title='bbox 1877 2442 1900 2466; x_wconf 75' lang='lat'>«</span> <span class='ocrx_word' id='word_1_332' title='bbox 1920 2417 2166 2471; x_wconf 86' lang='lat' dir='ltr'><strong>tendum:</strong></span> <span class='ocrx_word' id='word_1_333' title='bbox 2188 2430 2509 2486; x_wconf 84' lang='lat' dir='ltr'><strong>responsum</strong></span> <span class='ocrx_word' id='word_1_334' title='bbox 2527 2419 2607 2463; x_wconf 81' lang='lat' dir='ltr'><strong>est</strong></span> <span class='ocrx_word' id='word_1_335' title='bbox 2624 2411 2701 2475; x_wconf 81' lang='lat' dir='ltr'><strong>ei,</strong></span> <span class='ocrx_word' id='word_1_336' title='bbox 2716 2407 2885 2461; x_wconf 81' lang='lat' dir='ltr'><strong>fllium</strong></span> 
     </span>
     <span class='ocr_line' id='line_1_56' title="bbox 1877 2488 2883 2570; baseline -0.012 -19"><span class='ocrx_word' id='word_1_337' title='bbox 1877 2499 2085 2570; x_wconf 77' lang='lat' dir='ltr'><strong>«ipsius</strong></span> <span class='ocrx_word' id='word_1_338' title='bbox 2113 2491 2497 2548; x_wconf 78' lang='lat' dir='ltr'><strong>immolandum</strong></span> <span class='ocrx_word' id='word_1_339' title='bbox 2521 2507 2655 2543; x_wconf 82' lang='lat' dir='ltr'><strong>esse.</strong></span> <span class='ocrx_word' id='word_1_340' title='bbox 2677 2512 2701 2536; x_wconf 72' lang='lat' dir='ltr'>n</span> <span class='ocrx_word' id='word_1_341' title='bbox 2738 2488 2846 2554; x_wconf 72' lang='lat'><strong>384</strong></span> <span class='ocrx_word' id='word_1_342' title='bbox 2868 2511 2883 2539; x_wconf 72' lang='grc' dir='ltr'><strong><em>ε</em></strong></span> 
     </span>
     <span class='ocr_line' id='line_1_57' title="bbox 1879 2569 2888 2651; baseline -0.014 -19"><span class='ocrx_word' id='word_1_343' title='bbox 1879 2602 1901 2625; x_wconf 73' lang='lat'>⁸</span> <span class='ocrx_word' id='word_1_344' title='bbox 1921 2581 1984 2631; x_wconf 84' lang='lat' dir='ltr'><strong>In</strong></span> <span class='ocrx_word' id='word_1_345' title='bbox 2003 2574 2307 2651; x_wconf 85' lang='lat' dir='ltr'><strong>pestilentia</strong></span> <span class='ocrx_word' id='word_1_346' title='bbox 2325 2586 2642 2643; x_wconf 75' lang='lat' dir='ltr'><strong>responsum</strong></span> <span class='ocrx_word' id='word_1_347' title='bbox 2660 2581 2770 2635; x_wconf 86' lang='lat' dir='ltr'><strong>est,</strong></span> <span class='ocrx_word' id='word_1_348' title='bbox 2783 2569 2888 2620; x_wconf 76' lang='lat' dir='ltr'><strong>vir·</strong></span> 
     </span>
     <span class='ocr_line' id='line_1_58' title="bbox 1879 2645 2886 2728; baseline -0.007 -23"><span class='ocrx_word' id='word_1_349' title='bbox 1879 2680 1901 2705; x_wconf 75' lang='lat' dir='ltr'><strong>a</strong></span> <span class='ocrx_word' id='word_1_350' title='bbox 1920 2659 2097 2728; x_wconf 76' lang='lat' dir='ltr'><strong>ginem</strong></span> <span class='ocrx_word' id='word_1_351' title='bbox 2117 2650 2517 2707; x_wconf 81' lang='lat' dir='ltr'><strong>immolandam.</strong></span> <span class='ocrx_word' id='word_1_352' title='bbox 2538 2672 2561 2697; x_wconf 82' lang='grc' dir='ltr'><strong>ιι</strong></span> <span class='ocrx_word' id='word_1_353' title='bbox 2595 2650 2736 2700; x_wconf 85' lang='lat' dir='ltr'><strong>Inter</strong></span> <span class='ocrx_word' id='word_1_354' title='bbox 2760 2645 2886 2700; x_wconf 82' lang='lat' dir='ltr'><strong>Cal-</strong></span> 
     </span>
     <span class='ocr_line' id='line_1_59' title="bbox 1871 2728 2888 2810; baseline -0.012 -20"><span class='ocrx_word' id='word_1_355' title='bbox 1871 2739 2158 2810; x_wconf 84' lang='lat' dir='ltr'><strong>purnianas</strong></span> <span class='ocrx_word' id='word_1_356' title='bbox 2189 2751 2283 2803; x_wconf 79' lang='lat'><strong>19:</strong></span> <span class='ocrx_word' id='word_1_357' title='bbox 2315 2755 2338 2779; x_wconf 72' lang='lat' dir='ltr'><strong>a</strong></span> <span class='ocrx_word' id='word_1_358' title='bbox 2357 2734 2419 2783; x_wconf 89' lang='lat' dir='ltr'><strong>ln</strong></span> <span class='ocrx_word' id='word_1_359' title='bbox 2445 2728 2748 2801; x_wconf 82' lang='lat' dir='ltr'><strong>pestilentia</strong></span> <span class='ocrx_word' id='word_1_360' title='bbox 2775 2744 2888 2780; x_wconf 73' lang='lat' dir='ltr'><strong>res-</strong></span> 
     </span>
     <span class='ocr_line' id='line_1_60' title="bbox 1881 2810 2886 2891; baseline -0.007 -25"><span class='ocrx_word' id='word_1_361' title='bbox 1881 2842 1903 2866; x_wconf 74' lang='lat'><strong>«</strong></span> <span class='ocrx_word' id='word_1_362' title='bbox 1921 2835 2155 2891; x_wconf 84' lang='lat' dir='ltr'><strong>ponsum</strong></span> <span class='ocrx_word' id='word_1_363' title='bbox 2178 2824 2258 2867; x_wconf 86' lang='lat' dir='ltr'><strong>est</strong></span> <span class='ocrx_word' id='word_1_364' title='bbox 2276 2838 2326 2880; x_wconf 77' lang='lat' dir='ltr'><strong>n,</strong></span> <span class='ocrx_word' id='word_1_365' title='bbox 2349 2825 2450 2865; x_wconf 86' lang='lat' dir='ltr'><strong>etc.</strong></span> <span class='ocrx_word' id='word_1_366' title='bbox 2481 2810 2581 2877; x_wconf 69' lang='lat'><strong>43:</strong></span> <span class='ocrx_word' id='word_1_367' title='bbox 2606 2810 2745 2862; x_wconf 83' lang='lat' dir='ltr'><strong>Lues</strong></span> <span class='ocrx_word' id='word_1_368' title='bbox 2768 2822 2886 2860; x_wconf 72' lang='lat' dir='ltr'><strong>orta</strong></span> 
     </span>
     <span class='ocr_line' id='line_1_61' title="bbox 1880 2889 2887 2967; baseline -0.01 -17"><span class='ocrx_word' id='word_1_369' title='bbox 1880 2920 1903 2944; x_wconf 75' lang='grc' dir='ltr'>ι</span> <span class='ocrx_word' id='word_1_370' title='bbox 1925 2910 2031 2963; x_wconf 81' lang='lat' dir='ltr'><strong>est,</strong></span> <span class='ocrx_word' id='word_1_371' title='bbox 2045 2893 2321 2967; x_wconf 87' lang='lat' dir='ltr'><strong>respondit</strong></span> <span class='ocrx_word' id='word_1_372' title='bbox 2335 2889 2628 2943; x_wconf 87' lang='lat' dir='ltr'><strong>oraculum.</strong></span> <span class='ocrx_word' id='word_1_373' title='bbox 2651 2913 2675 2937; x_wconf 76' lang='grc' dir='ltr'><strong>ιι</strong></span> <span class='ocrx_word' id='word_1_374' title='bbox 2695 2890 2887 2958; x_wconf 85' lang='lat' dir='ltr'><strong>Neque</strong></span> 
     </span>
     <span class='ocr_line' id='line_1_62' title="bbox 1874 2966 2891 3048; baseline -0.01 -20"><span class='ocrx_word' id='word_1_375' title='bbox 1874 2988 2097 3048; x_wconf 87' lang='lat' dir='ltr'><strong>apparet</strong></span> <span class='ocrx_word' id='word_1_376' title='bbox 2107 3013 2124 3042; x_wconf 84' lang='lat'><strong>‚</strong></span> <span class='ocrx_word' id='word_1_377' title='bbox 2140 2971 2413 3046; x_wconf 88' lang='lat' dir='ltr'><strong>quomodo</strong></span> <span class='ocrx_word' id='word_1_378' title='bbox 2424 2966 2732 3044; x_wconf 72' lang='lat' dir='ltr'><strong>pestilentie</strong></span> <span class='ocrx_word' id='word_1_379' title='bbox 2742 2985 2891 3019; x_wconf 82' lang='lat' dir='ltr'><strong>men·</strong></span> 
     </span>
     <span class='ocr_line' id='line_1_63' title="bbox 1873 3045 2887 3127; baseline -0.01 -18"><span class='ocrx_word' id='word_1_380' title='bbox 1873 3058 1950 3109; x_wconf 86' lang='lat' dir='ltr'><strong>tio</strong></span> <span class='ocrx_word' id='word_1_381' title='bbox 1975 3056 2144 3127; x_wconf 83' lang='lat' dir='ltr'><strong>possit</strong></span> <span class='ocrx_word' id='word_1_382' title='bbox 2168 3053 2277 3105; x_wconf 85' lang='lat' dir='ltr'><strong>fieri</strong></span> <span class='ocrx_word' id='word_1_383' title='bbox 2305 3053 2360 3103; x_wconf 84' lang='lat' dir='ltr'><strong>in</strong></span> <span class='ocrx_word' id='word_1_384' title='bbox 2387 3049 2618 3101; x_wconf 83' lang='lat' dir='ltr'><strong>materiis</strong></span> <span class='ocrx_word' id='word_1_385' title='bbox 2643 3045 2887 3099; x_wconf 78' lang='lat' dir='ltr'><strong>scholas-</strong></span> 
     </span>
     <span class='ocr_line' id='line_1_64' title="bbox 1873 3127 2890 3204; baseline -0.009 -16"><span class='ocrx_word' id='word_1_386' title='bbox 1873 3137 2021 3202; x_wconf 80' lang='lat' dir='ltr'><strong>ticis,</strong></span> <span class='ocrx_word' id='word_1_387' title='bbox 2044 3136 2146 3187; x_wconf 82' lang='lat' dir='ltr'><strong>nisi</strong></span> <span class='ocrx_word' id='word_1_388' title='bbox 2168 3132 2421 3204; x_wconf 85' lang='lat' dir='ltr'><strong>adjuncto</strong></span> <span class='ocrx_word' id='word_1_389' title='bbox 2443 3128 2551 3181; x_wconf 88' lang='lat' dir='ltr'><strong>hoc</strong></span> <span class='ocrx_word' id='word_1_390' title='bbox 2573 3127 2641 3179; x_wconf 88' lang='lat' dir='ltr'><strong>de</strong></span> <span class='ocrx_word' id='word_1_391' title='bbox 2664 3130 2781 3199; x_wconf 85' lang='lat' dir='ltr'><strong>ejus</strong></span> <span class='ocrx_word' id='word_1_392' title='bbox 2803 3145 2890 3179; x_wconf 89' lang='lat' dir='ltr'><strong>re-</strong></span> 
     </span>
     <span class='ocr_line' id='line_1_65' title="bbox 1877 3204 2888 3278; baseline -0.011 -10"><span class='ocrx_word' id='word_1_393' title='bbox 1877 3214 2079 3267; x_wconf 79' lang='lat' dir='ltr'><strong>mediis.</strong></span> <span class='ocrx_word' id='word_1_394' title='bbox 2114 3213 2310 3267; x_wconf 84' lang='lat' dir='ltr'><strong>Saltem</strong></span> <span class='ocrx_word' id='word_1_395' title='bbox 2336 3210 2556 3263; x_wconf 84' lang='lat' dir='ltr'><strong>seorsim</strong></span> <span class='ocrx_word' id='word_1_396' title='bbox 2583 3208 2759 3278; x_wconf 83' lang='lat' dir='ltr'><strong>posita</strong></span> <span class='ocrx_word' id='word_1_397' title='bbox 2787 3204 2888 3258; x_wconf 86' lang='lat' dir='ltr'><strong>de-</strong></span> 
     </span>
     <span class='ocr_line' id='line_1_66' title="bbox 1873 3285 2884 3366; baseline -0.009 -21"><span class='ocrx_word' id='word_1_398' title='bbox 1873 3293 2003 3346; x_wconf 87' lang='lat' dir='ltr'><strong>bent</strong></span> <span class='ocrx_word' id='word_1_399' title='bbox 2016 3294 2171 3366; x_wconf 75' lang='lat' dir='ltr'><strong>jungi</strong></span> <span class='ocrx_word' id='word_1_400' title='bbox 2189 3291 2539 3361; x_wconf 72' lang='lat' dir='ltr'><strong>cogitatione:</strong></span> <span class='ocrx_word' id='word_1_401' title='bbox 2558 3285 2854 3360; x_wconf 75' lang='lat' dir='ltr'><strong>pestilentia</strong></span> <span class='ocrx_word' id='word_1_402' title='bbox 2865 3323 2884 3351; x_wconf 91' lang='lat'>‚</span> 
     </span>
     <span class='ocr_line' id='line_1_67' title="bbox 1875 3372 2887 3446; baseline -0.01 -21"><span class='ocrx_word' id='word_1_403' title='bbox 1875 3390 2129 3446; x_wconf 79' lang='lat' dir='ltr'><strong>responsa.</strong></span> <span class='ocrx_word' id='word_1_404' title='bbox 2156 3372 2437 3442; x_wconf 66' lang='lat' dir='ltr'><strong>Magorum</strong></span> <span class='ocrx_word' id='word_1_405' title='bbox 2468 3380 2521 3419; x_wconf 87' lang='lat' dir='ltr'><strong>et</strong></span> <span class='ocrx_word' id='word_1_406' title='bbox 2542 3378 2852 3418; x_wconf 64' lang='lat' dir='ltr'><strong>ceterorum</strong></span> <span class='ocrx_word' id='word_1_407' title='bbox 2866 3402 2887 3430; x_wconf 88' lang='lat'>,</span> 
     </span>
     <span class='ocr_line' id='line_1_68' title="bbox 1877 3443 2888 3524; baseline -0.009 -19"><span class='ocrx_word' id='word_1_408' title='bbox 1877 3472 1991 3524; x_wconf 68' lang='lat' dir='ltr'><strong>quie</strong></span> <span class='ocrx_word' id='word_1_409' title='bbox 2018 3451 2108 3503; x_wconf 89' lang='lat' dir='ltr'><strong>hic</strong></span> <span class='ocrx_word' id='word_1_410' title='bbox 2135 3462 2443 3519; x_wconf 75' lang='lat' dir='ltr'><strong>tanguntur,</strong></span> <span class='ocrx_word' id='word_1_411' title='bbox 2471 3443 2709 3516; x_wconf 82' lang='lat' dir='ltr'><strong>exempla</strong></span> <span class='ocrx_word' id='word_1_412' title='bbox 2737 3446 2888 3497; x_wconf 80' lang='lat' dir='ltr'><strong>inve-</strong></span> 
     </span>
     <span class='ocr_line' id='line_1_69' title="bbox 1874 3524 2888 3602; baseline -0.011 -17"><span class='ocrx_word' id='word_1_413' title='bbox 1874 3535 2015 3599; x_wconf 85' lang='lat' dir='ltr'><strong>niet,</strong></span> <span class='ocrx_word' id='word_1_414' title='bbox 2052 3532 2141 3602; x_wconf 90' lang='lat' dir='ltr'><strong>qui</strong></span> <span class='ocrx_word' id='word_1_415' title='bbox 2175 3528 2633 3581; x_wconf 86' lang='lat' dir='ltr'><strong>Declamationum</strong></span> <span class='ocrx_word' id='word_1_416' title='bbox 2671 3524 2888 3592; x_wconf 81' lang='lat' dir='ltr'><strong>Quinti-</strong></span> 
     </span>
     <span class='ocr_line' id='line_1_70' title="bbox 1874 3606 2885 3679; baseline -0.01 -15"><span class='ocrx_word' id='word_1_417' title='bbox 1874 3611 2165 3664; x_wconf 87' lang='lat' dir='ltr'><strong>lianearum</strong></span> <span class='ocrx_word' id='word_1_418' title='bbox 2181 3647 2197 3675; x_wconf 88' lang='lat'>,</span> <span class='ocrx_word' id='word_1_419' title='bbox 2225 3606 2730 3679; x_wconf 78' lang='lat' dir='ltr'><strong>Calpurnianarmn,</strong></span> <span class='ocrx_word' id='word_1_420' title='bbox 2758 3606 2885 3655; x_wconf 82' lang='lat' dir='ltr'><strong>item</strong></span> 
     </span>
     <span class='ocr_line' id='line_1_71' title="bbox 1873 3682 2889 3743; baseline -0.01 0"><span class='ocrx_word' id='word_1_421' title='bbox 1873 3692 2084 3743; x_wconf 68' lang='lat' dir='ltr'><strong>Senecae</strong></span> <span class='ocrx_word' id='word_1_422' title='bbox 2094 3688 2571 3740; x_wconf 71' lang='lat' dir='ltr'><strong>controversiarum</strong></span> <span class='ocrx_word' id='word_1_423' title='bbox 2583 3682 2787 3735; x_wconf 85' lang='lat' dir='ltr'><strong>indices</strong></span> <span class='ocrx_word' id='word_1_424' title='bbox 2795 3701 2889 3734; x_wconf 78' lang='lat' dir='ltr'><strong>vo·-</strong></span> 
     </span>
     <span class='ocr_line' id='line_1_72' title="bbox 1874 3764 2884 3841; baseline -0.008 -19"><span class='ocrx_word' id='word_1_425' title='bbox 1874 3771 2028 3823; x_wconf 84' lang='lat' dir='ltr'><strong>luerit</strong></span> <span class='ocrx_word' id='word_1_426' title='bbox 2046 3784 2377 3841; x_wconf 87' lang='lat' dir='ltr'><strong>percensere.</strong></span> <span class='ocrx_word' id='word_1_427' title='bbox 2401 3767 2546 3833; x_wconf 74' lang='lat' dir='ltr'><strong>Magi</strong></span> <span class='ocrx_word' id='word_1_428' title='bbox 2563 3764 2884 3836; x_wconf 82' lang='lat' dir='ltr'><strong>promissum</strong></span> 
     </span>
     <span class='ocr_line' id='line_1_73' title="bbox 1875 3842 2885 3921; baseline -0.009 -20"><span class='ocrx_word' id='word_1_429' title='bbox 1875 3848 2185 3921; x_wconf 60' lang='lat' dir='ltr'><strong>pestilentiae</strong></span> <span class='ocrx_word' id='word_1_430' title='bbox 2205 3842 2606 3918; x_wconf 64' lang='lat' dir='ltr'><strong>compescendae</strong></span> <span class='ocrx_word' id='word_1_431' title='bbox 2625 3842 2885 3914; x_wconf 78' lang='lat' dir='ltr'><strong>(iuter-Li-</strong></span> 
     </span>
     <span class='ocr_line' id='line_1_74' title="bbox 1874 3919 2884 3996; baseline -0.008 -17"><span class='ocrx_word' id='word_1_432' title='bbox 1874 3928 2020 3979; x_wconf 84' lang='lat' dir='ltr'><strong>banii</strong></span> <span class='ocrx_word' id='word_1_433' title='bbox 2051 3922 2290 3992; x_wconf 71' lang='grc' dir='ltr'>μιλίτειε,</span> <span class='ocrx_word' id='word_1_434' title='bbox 2323 3924 2427 3991; x_wconf 60' lang='grc'><strong>43,</strong></span> <span class='ocrx_word' id='word_1_435' title='bbox 2463 3943 2517 3996; x_wconf 90' lang='lat' dir='ltr'><strong>p.</strong></span> <span class='ocrx_word' id='word_1_436' title='bbox 2555 3920 2746 3975; x_wconf 80' lang='lat' dir='ltr'><strong>Morel.</strong></span> <span class='ocrx_word' id='word_1_437' title='bbox 2781 3919 2884 3989; x_wconf 81' lang='lat'><strong>898</strong></span> 
     </span>
     <span class='ocr_line' id='line_1_75' title="bbox 1875 4005 2876 4080; baseline -0.01 -19"><span class='ocrx_word' id='word_1_438' title='bbox 1875 4006 2062 4080; x_wconf 81' lang='lat' dir='ltr'><strong>seqq.)</strong></span> <span class='ocrx_word' id='word_1_439' title='bbox 2086 4008 2131 4058; x_wconf 81' lang='lat' dir='ltr'><strong>si</strong></span> <span class='ocrx_word' id='word_1_440' title='bbox 2153 4005 2263 4058; x_wconf 84' lang='lat' dir='ltr'><strong>filio</strong></span> <span class='ocrx_word' id='word_1_441' title='bbox 2279 4043 2297 4071; x_wconf 91' lang='lat'>‚</span> <span class='ocrx_word' id='word_1_442' title='bbox 2323 4023 2481 4076; x_wconf 89' lang='lat' dir='ltr'><strong>quem</strong></span> <span class='ocrx_word' id='word_1_443' title='bbox 2504 4020 2618 4056; x_wconf 79' lang='lat' dir='ltr'><strong>sors</strong></span> <span class='ocrx_word' id='word_1_444' title='bbox 2641 4014 2876 4053; x_wconf 85' lang='lat' dir='ltr'><strong>mactan-</strong></span> 
     </span>
     <span class='ocr_line' id='line_1_76' title="bbox 1875 4078 2886 4157; baseline -0.009 -18"><span class='ocrx_word' id='word_1_445' title='bbox 1875 4088 2002 4139; x_wconf 91' lang='lat' dir='ltr'><strong>dum</strong></span> <span class='ocrx_word' id='word_1_446' title='bbox 2028 4086 2295 4139; x_wconf 85' lang='lat' dir='ltr'><strong>obtulerat</strong></span> <span class='ocrx_word' id='word_1_447' title='bbox 2310 4124 2326 4152; x_wconf 88' lang='lat'>,</span> <span class='ocrx_word' id='word_1_448' title='bbox 2351 4095 2616 4157; x_wconf 81' lang='lat' dir='ltr'><strong>parcatur,</strong></span> <span class='ocrx_word' id='word_1_449' title='bbox 2639 4080 2774 4133; x_wconf 84' lang='lat' dir='ltr'><strong>duas</strong></span> <span class='ocrx_word' id='word_1_450' title='bbox 2795 4078 2886 4131; x_wconf 87' lang='lat' dir='ltr'><strong>ha·</strong></span> 
     </span>
     <span class='ocr_line' id='line_1_77' title="bbox 1875 4166 2470 4241; baseline -0.01 -21"><span class='ocrx_word' id='word_1_451' title='bbox 1875 4186 1992 4220; x_wconf 87' lang='lat' dir='ltr'><strong>rum</strong></span> <span class='ocrx_word' id='word_1_452' title='bbox 2011 4169 2187 4241; x_wconf 79' lang='lat' dir='ltr'><strong>jungit</strong></span> <span class='ocrx_word' id='word_1_453' title='bbox 2209 4166 2470 4217; x_wconf 83' lang='lat' dir='ltr'><strong>materias.</strong></span> 
     </span>
    </p>

    <p class='ocr_par' dir='ltr' id='par_1_11' title="bbox 1945 4236 2884 4315">
     <span class='ocr_line' id='line_1_78' title="bbox 1945 4236 2884 4315; baseline -0.012 -14"><span class='ocrx_word' id='word_1_454' title='bbox 1945 4248 1997 4315; x_wconf 78' lang='grc'><strong>4.</strong></span> <span class='ocrx_word' id='word_1_455' title='bbox 2046 4244 2424 4313; x_wconf 70' lang='lat' dir='ltr'><strong>Pestilentiam.</strong></span> <span class='ocrx_word' id='word_1_456' title='bbox 2465 4242 2538 4295; x_wconf 83' lang='lat' dir='ltr'><strong>Ut</strong></span> <span class='ocrx_word' id='word_1_457' title='bbox 2579 4236 2884 4293; x_wconf 74' lang='lat' dir='ltr'><strong>consultum</strong></span> 
     </span>
    </p>
   </div>
  </div>
 </body>
</html>
