3200 5150
801 456 888 536 4ο

1359 450 1452 518 M.
1498 448 1732 519 rann
1765 447 2320 537 QUINTlLlANI

799 572 1079 650 inutiles
1122 574 1270 649 fore
1309 574 1468 648 libri
1511 576 1958 667 videbantur,
2001 603 2173 676 quos
2214 574 2303 648 ab
2346 574 2506 675 ipsis
2548 568 2826 649 dicendi
2860 580 2882 623 ¹

799 690 990 762 velut
1012 688 1487 779 incunabulis,
1509 718 1634 791 per
1656 717 1933 782 omnes,
1952 714 2107 791 quae
2126 691 2338 764 modo
2357 690 2619 790 aliquid
2640 690 2888 763 oratori

799 806 1035 877 futuro
1063 806 1455 895 conferant,
1490 826 1664 878 artes
1681 863 1703 897 ,
1726 806 1818 878 ad
1838 830 2194 879 summam
2219 806 2366 907 ejus
2390 805 2612 904 operis
2639 805 2888 905 perdu-

735 954 760 1005 7
806 949 955 991 mere
983 918 1499 993 destinabamus
1516 950 1534 1011 ;
1572 941 1777 1019 atque
1806 947 1888 993 eo
1913 921 2132 1020 magis
2152 978 2173 1011 ‚
2206 918 2396 1020 quod
2424 919 2563 992 duo
2577 918 2728 1022 jam
2752 918 2888 991 sub

706 1111 716 1122 ‚
774 1037 1092 1106 *nomino
1145 1062 1305 1106 meo
1350 1033 1508 1106 libri
1553 1035 1955 1107 ferebantur
2001 1036 2161 1108 artis
2215 1035 2610 1126 rhetoricae‚
2658 1060 2889 1134 neque

700 1165 709 1175 ‘
804 1150 967 1222 editi
994 1178 1033 1220 a
1062 1178 1173 1220 me
1194 1207 1211 1237 ,
1247 1175 1481 1247 neque
1506 1148 1577 1221 in
1607 1148 1742 1222 hoc
1769 1149 2171 1249 comparati.
2206 1150 2529 1248 Namque
2549 1147 2891 1238 alterum,

804 1293 1123 1337 sermone
1159 1292 1290 1363 per*
1314 1263 1612 1336 biduum
1649 1264 1923 1356 habito,
1961 1263 2198 1364 pueri,
2232 1263 2488 1363 quibus
2521 1262 2602 1363 i‘d·
2625 1282 2898 1362 praesta*

803 1378 1041 1468 batur,
1094 1392 1558 1478 exceperant-⁶·
1597 1405 1615 1451 :
1664 1379 1960 1452 alterum
2012 1379 2331 1478 pluribus
2380 1404 2546 1450 sane
2597 1377 2843 1451 diebus
2877 1429 2902 1468 ,

806 1513 1152 1592 quantum
1206 1493 1514 1566 notando
1558 1494 1888 1594 consequi
1935 1514 2251 1595 poterant
2282 1492 2351 1583 ³,
2394 1494 2851 1593 interceptum
2878 1550 2904 1582 ‚

805 1609 978 1680 boni
995 1608 1321 1709 juvene5‚
1340 1609 1469 1683 sed
1493 1608 1799 1682 nimium
1829 1632 2139 1686 amantes
2168 1610 2341 1700 mei,
2365 1609 2728 1683 temerario
2756 1609 2906 1693 edi·

735 1738 772 1794 8
812 1722 1015 1795 tionis
1055 1723 1319 1796 honore
1361 1724 1826 1824 vulgaverant.
1868 1727 2105 1817 Quare
2142 1725 2216 1798 in
2255 1724 2361 1799 his
2393 1751 2673 1825 quoque
2710 1723 2905 1798 libris

808 1927 914 1992 ad,
950 1927 1045 1980 sed
1076 1930 1300 1999 etjam,
1331 1925 1475 2000 quod
1501 1948 1601 2003 pro
1636 1948 1701 1983 eo
1735 1942 1816 1983 est

815 2006 959 2078 apud
978 2006 1189 2058 Aldum.
1214 2008 1463 2078 Apertior
1481 2026 1607 2061 sane
1628 2022 1680 2061 et
1699 2011 1817 2061 sim-

812 2085 1006 2158 plicior
1029 2086 1285 2138 sententia
1310 2087 1422 2138 sine
1442 2085 1583 2140 istis:
1608 2088 1706 2139 iter
1718 2087 1814 2153 ad,

816 2164 912 2216 sed
934 2177 1220 2236 praegravat
1242 2168 1527 2218 auctoritas
1552 2179 1605 2217 et
1630 2185 1820 2218 nume-

804 2262 905 2315 ‚rus
924 2243 1093 2311 Codd.
1115 2257 1168 2295 et
1186 2262 1515 2297 excusorum.
1532 2275 1594 2286 -—
1609 2248 1669 2299 R.
1686 2244 1817 2298 cod.

824 2340 871 2387 ι,
890 2324 945 2375 in
964 2324 1224 2391 margine,
1249 2336 1300 2375 et
1320 2339 1350 2374 a
1370 2341 1474 2376 sec.
1497 2314 1597 2375 nia.
1621 2320 1718 2375 iter
1732 2322 1818 2376 ad.

817 2401 903 2453 sie
943 2419 1156 2471 quoque
1198 2404 1481 2474 Capperon.
1519 2405 1612 2455 En.
1638 2430 1712 2444 --
1734 2402 1822 2455 Aa

818 2479 1018 2553 inqenii
1061 2479 1255 2533 lumen.
1298 2479 1381 2533 Ad
1423 2482 1777 2553 eloquentiam
1802 2504 1856 2547 ;.

820 2560 1063 2630 apposite
1088 2559 1228 2612 enim
1249 2561 1442 2630 Regius
1468 2556 1591 2613 citat
1615 2562 1820 2614 Cicero-

818 2641 903 2691 nis
940 2639 1116 2690 locum
1148 2641 1202 2691 in
1234 2641 1428 2707 Bruto,
1464 2660 1511 2692 c.
1559 2640 1654 2692 15:
1701 2665 1722 2688 κ
1747 2645 1818 2694 Ut

775 2724 784 2733 “
824 2740 851 2765 ιι
871 2720 1010 2770 enim
1037 2717 1265 2770 hominis
1293 2717 1487 2786 decus,
1517 2721 1817 2789 ingenium,

828 2817 851 2843 a
872 2798 948 2848 sic
980 2797 1176 2869 ingenii
1204 2799 1368 2869 ipsius
1400 2798 1575 2850 lumen
1603 2814 1684 2852 est
1710 2800 1819 2852 elo-

829 2898 852 2922 ·
872 2878 1099 2949 quentia.
1123 2899 1146 2922 u
1174 2880 1237 2930 Et
1256 2891 1431 2949 potest
1449 2879 1613 2932 videri
1634 2898 1697 2931 eo
1717 2898 1821 2932 res·

820 2958 1028 3028 pexisse
1047 2956 1429 3023 Quintilianus,
1448 2960 1491 3009 si
1511 2956 1672 3011 modo
1693 2975 1820 3011 sana

823 3048 903 3087 est
928 3032 1071 3105 apud
1093 3037 1267 3105 ipsum
1295 3037 1569 3107 scriptura.

903 3130 921 3165 ι
936 3154 947 3165 .
973 3113 1207 3166 Dicendi.
1233 3115 1291 3164 In
1313 3114 1473 3187 hujus
1496 3117 1641 3167 vocis
1664 3118 1824 3168 varie-

823 3199 932 3244 tate
955 3193 1187 3245 notanda
1210 3212 1382 3264 operae
1401 3194 1623 3248 Gibsoni
1639 3194 1824 3248 viden-

823 3286 911 3324 tur
934 3293 1147 3326 errasse.
1177 3274 1355 3342 Quum
1379 3277 1518 3326 enim
1542 3277 1685 3326 sitin
1710 3279 1822 3346 ejus

825 3365 969 3403 textu
991 3391 1007 3419 ‚
1038 3353 1181 3423 quod
1207 3355 1263 3404 in
1292 3352 1535 3404 omnibus
1562 3354 1675 3405 fere
1702 3366 1824 3405 ante

825 3451 947 3483 eum
963 3468 979 3496 ‚
1005 3430 1208 3481 dicendi
1216 3452 1233 3490 ‚·
1254 3443 1496 3501 excerpta
1515 3433 1570 3483 in
1588 3444 1821 3484 extremo

824 3512 1060 3580 margine
1072 3511 1243 3579 posita
1253 3510 1442 3561 iterum
1461 3509 1709 3561 exhibent
1728 3510 1826 3562 dis-

824 3589 1001 3653 cendi,
1024 3602 1080 3638 ut
1101 3586 1376 3659 probabile
1390 3588 1507 3653 fiat,
1527 3605 1650 3640 eum
1663 3607 1823 3661 snpra

824 3668 1053 3719 voluisse
1099 3665 1227 3718 dare
1270 3666 1513 3720 discendi,
1558 3670 1822 3721 Posterius

823 3742 985 3800 babet
1009 3744 1277 3799 Gothanus
1289 3758 1342 3798 et
1352 3784 1369 3811 ‚
1384 3747 1482 3797 nisi
1498 3746 1669 3814 fallor,
1682 3751 1823 3799 Vos-

824 3828 1001 3880 sianus
1026 3825 1316 3892 secundus,
1337 3841 1656 3896 quamquam
1680 3827 1822 3898 apud

822 3905 996 3957 Burni.
1036 3907 1106 3956 ita
1144 3905 1419 3956 scribitur:
1458 3904 1713 3970 discendi,
1743 3907 1823 3958 di-

798 3983 1148 4056 ‘cendi'Vosffi
1181 4001 1284 4034 sec.
1318 4002 1481 4054 quum
1508 3997 1686 4037 tamen
1707 3987 1823 4056 ipse

820 4065 1079 4133 receperit
1098 4065 1270 4114 Burm.
1291 4063 1521 4126 dicendi,
1544 4066 1597 4116 in
1622 4081 1727 4135 quo
1749 4083 1823 4116 er·

822 4157 997 4194 rorem
1016 4140 1298 4216 typothetae
1317 4145 1614 4215 suspicatur
1630 4144 1827 4197 Gesne-

1902 1948 2010 1983 rua.
2058 1931 2132 1983 Ut
2170 1926 2384 1983 credam
2419 1926 2650 2001 discendi
2692 1946 2809 1982 esse
2848 1930 2904 1983 in

1903 2013 2057 2061 Voss.
2087 2027 2145 2077 2,
2168 2009 2295 2061 facit
2319 2009 2482 2060 minis
2506 2010 2562 2060 in
2585 2009 2813 2075 ceteris,
2836 2007 2906 2061 de

1907 2107 2013 2160 quo
2039 2089 2196 2158 alibi,
2226 2088 2386 2162 hujus
2408 2089 2621 2143 codicis
2643 2106 2766 2141 cum
2793 2089 2908 2142 Go-

1906 2167 2069 2233 thano
2112 2186 2420 2221 consensus.
2463 2168 2685 2220 Praefero
2727 2180 2908 2219 autem
2977 2166 2984 2171 “

1856 2311 1860 2315 ,
1906 2246 2142 2313 dicendi,
2178 2249 2298 2319 quia
2333 2248 2448 2318 ipsa
2479 2264 2766 2316 puerorum
2796 2244 2910 2298 dis-

1906 2322 2101 2397 ciplina
2114 2364 2130 2392 ‚
2149 2328 2323 2397 ipsum
2340 2325 2551 2391 discere,
2572 2324 2709 2378 bene
2728 2325 2911 2397 appel·

1906 2402 2046 2456 latur
2062 2403 2266 2457 dicendi
2290 2405 2631 2467 incunabula3
2651 2422 2914 2475 gramma-

1907 2486 2010 2537 tice
2031 2487 2169 2537 enim
2187 2486 2367 2537 futuro
2388 2487 2611 2551 oratori,
2629 2485 2778 2557 quod
2795 2487 2910 2537 viro

1904 2562 2085 2615 futuro
2123 2583 2285 2615 cunae.
2312 2563 2446 2616 Vide
2478 2566 2531 2630 1,
2571 2582 2590 2618 ι
2614 2602 2631 2631 ,
2666 2582 2749 2617 21.
2774 2564 2912 2617 Tam

1906 2657 2084 2714 aptam
2113 2645 2168 2695 in
2195 2645 2451 2715 scriptura
2471 2681 2489 2709 ‚
2518 2661 2678 2714 quam
2708 2646 2914 2717 recepit

1903 2721 2168 2775 Gesnerus
2199 2743 2211 2773 ι
2268 2721 2494 2773 distendi
2547 2721 2865 2774 incunabula
2890 2761 2910 2787 ,

1906 2803 2184 2870 imaginem
2216 2819 2326 2852 non
2358 2817 2607 2871 agnosco.
2631 2799 2907 2853 Guelferb.

1908 2893 1958 2931 et
1987 2878 2300 2930 Bodleianus
2323 2897 2445 2930 cum
2468 2892 2549 2930 tot
2568 2916 2585 2945 ‚
2615 2877 2684 2930 de
2712 2878 2918 2949 quibui

1908 2972 2130 3025 tacetur,
2152 2958 2320 3012 codd.
2342 2971 2393 3010 et
2413 2957 2530 3009 edd.
2552 2957 2790 3029 plurimis
2814 2958 2918 3010 de-

1908 3037 2134 3090 fendunt
2171 3037 2376 3089 dicendi
2390 3059 2407 3097 ,·
2456 3038 2555 3087 etsi
2592 3039 2648 3088 in
2685 3036 2914 3088 vocibus

1910 3114 1993 3168 his
2024 3117 2189 3168 dicere
2221 3130 2273 3168 et
2308 3116 2522 3177 discere,
2551 3133 2772 3186 quarum
2803 3118 2916 3169 fre-

1912 3198 2251 3265 quentissima
2276 3195 2522 3246 confusio
2537 3232 2554 3260 ‚
2581 3213 2691 3247 non
2719 3214 2912 3265 magna

1913 3289 1990 3326 est
2039 3273 2206 3327 codd.
2260 3276 2557 3326 auctoritas.
2605 3274 2724 3326 Vid.
2774 3275 2912 3327 Ptin.

1911 3354 2046 3424 Epp.
2071 3354 2171 3419 111,
2198 3353 2261 3419 5,
2289 3352 2350 3404 5:
2389 3374 2411 3398 ι
2436 3370 2508 3405 or.
2538 3354 2602 3404 ab
2629 3353 2729 3405 inc.
2760 3355 2918 3407 insti-

1917 3434 2073 3484 «tuit.
2097 3455 2117 3480 n
2150 3461 2222 3471 --
2243 3433 2462 3483 Dicendi
2500 3435 2561 3485 R.
2605 3451 2667 3499 2,
2705 3432 2756 3486 5.
2789 3435 2916 3486 Dis-

1908 3512 2057 3562 cendi
2069 3514 2133 3563 Rs
2155 3528 2172 3562 ι
2195 3526 2246 3562 et
2260 3513 2525 3582 Campana
2540 3513 2621 3564 ed.
2639 3516 2914 3584 Frequens

1911 3590 2052 3661 apud
2089 3591 2256 3642 codd.
2295 3592 2538 3643 confusio
2573 3593 2708 3643 inter
2745 3593 2918 3645 dicere

1911 3682 1962 3721 et
1981 3670 2166 3722 discere
2178 3708 2194 3734 ,
2222 3683 2280 3721 ut
2299 3672 2436 3721 inter
2451 3671 2616 3722 dicere
2631 3684 2686 3722 et
2702 3671 2914 3736 docere,

1910 3763 1963 3802 et
1980 3750 2146 3801 dicere
2163 3763 2214 3801 et
2232 3750 2428 3801 ducere.
2443 3748 2798 3803 Nihilominus
2809 3788 2829 3817 ‚
2851 3766 2910 3801 ut

1911 3823 2152 3880 obser-vat
2165 3828 2341 3900 spald.
2358 3841 2568 3900 praestat
2581 3827 2800 3881 dicendi.
2814 3832 2911 3882 En.

1984 3925 2031 3958 2.
2044 3906 2378 3976 Exceperant.
2391 3909 2630 3968 Privatim
2643 3906 2916 3959 audiendo

1912 3998 1964 4037 et
1986 3987 2287 4037 memoriter
2307 3983 2646 4038 retinuerant.
2671 3988 2827 4038 Rom..

1981 4064 2031 4115 3.
2067 4064 2330 4115 Poterant.
2364 4067 2466 4117 Pro
2499 4083 2608 4136 quo
2633 4073 2925 4138 potuerant

1909 4143 1972 4198 R.
2004 4159 2024 4195 1
2046 4181 2063 4210 ‚
2089 4159 2153 4210 α,
2177 4157 2229 4198 et
2250 4143 2528 4198 camno.
