3200 5150
812 514 940 591 244

1376 507 1469 569 Μ.
1508 506 1735 570 FABII
1771 505 1888 588 QU
1899 502 2322 571 INTILIANI

809 631 1024 701 dum¹
1077 648 1176 699 est
1217 626 1511 714 discere,
1552 652 1776 725 quum
1822 627 2192 724 praesertim
2239 626 2385 698 haec
2428 625 2882 717 chironomia,

806 774 962 846 quae
996 766 1127 835 est,
1166 764 1242 814 ut
1273 742 1606 814 nomine²
1642 743 1789 840 ipso
1823 741 2236 831 declaratur,
2273 742 2385 815 lex
2417 760 2662 842 qestus,
2706 766 2775 816 et
2801 746 2889 816 ab

803 863 939 933 illis
965 858 1395 959 temporibus
1426 855 1760 929 heroicis³
1797 878 1940 929 orta
1970 858 2088 946 sit,
2119 880 2186 930 et
2216 887 2257 930 a
2284 860 2579 931 summis
2610 860 2881 933 Graeciae

800 977 995 1067 viris,
1032 999 1098 1048 et
1130 976 1218 1047 ab
1249 976 1397 1074 ipso
1428 973 1636 1045 etiam
1673 975 1945 1045 Socrate
1980 974 2296 1073 probata,
2331 1003 2372 1046 a
2402 975 2687 1047 Platone
2722 1003 2887 1075 quo-

800 1121 939 1193 que
969 1094 1040 1164 in
1072 1114 1260 1191 parte
1290 1090 1599 1163 civilium
1634 1089 1853 1187 posita
1876 1089 2206 1162 virtutum
2226 1148 2244 1180 ,
2281 1111 2348 1162 et
2378 1119 2420 1163 a
2447 1088 2884 1191 Chrysippo4

799 1207 873 1279 in
915 1206 1266 1306 praeceptis
1310 1203 1393 1275 de
1435 1203 1818 1274 liberorum
1861 1203 2268 1277 educatione
2312 1205 2706 1303 compositis
2743 1232 2883 1277 non

698 1340 759 1394 18
799 1322 1074 1393 omissa.
1098 1322 1278 1390 Nam
1300 1317 1902 1389 Lacedaemonios⁵
1923 1319 2209 1417 quidem
2231 1320 2437 1391 etiam
2458 1319 2884 1392 saltationem

799 1436 1216 1536 quamdam,
1242 1456 1603 1533 tamquam
1635 1433 1723 1504 ad
1746 1433 1932 1506 bella
1957 1461 2238 1534 quoque
2265 1435 2505 1508 utilem
2522 1491 2541 1523 ,
2565 1434 2885 1508 habuisse

875 1631 918 1665 1.
936 1610 1344 1686 Indignandum.
1361 1611 1537 1663 Guelf.
1555 1611 1803 1683 {quorun-

795 1690 924 1743 dum
948 1691 1106 1756 dans,
1128 1708 1399 1762 perverse,
1418 1687 1657 1740 defendit
1676 1687 1796 1740 edd.

795 1773 1108 1840 scripturam
1121 1767 1523 1839 budiqnandum,
1537 1785 1699 1834 quum
1712 1766 1801 1815 ali-

797 1861 929 1919 quot
951 1846 1118 1899 codd.
1149 1845 1380 1897 habeant
1411 1843 1702 1915 indiqnum.
1729 1872 1800 1882 ——

793 1929 855 1978 R.
886 1943 913 1976 2
941 1924 1100 1977 habet
1125 1923 1417 1994 indignum.
1447 1924 1537 1972 En.

866 2021 915 2055 a.
946 2006 1064 2067 Est,
1095 2012 1156 2052 ut
1182 2001 1407 2051 nomine.
1439 1998 1613 2052 Guelf.
1644 2008 1717 2049 est
1743 1998 1797 2048 in

792 2085 1021 2137 nomine.
1038 2082 1198 2137 Goth.
1216 2082 1341 2150 (tac.
1362 2080 1545 2150 Gesn.)
1565 2091 1626 2131 ut
1642 2080 1799 2130 etiam

792 2166 1023 2218 nomine.
1054 2193 1121 2205 —
1158 2164 1226 2215 Ut
1263 2163 1527 2213 nomine...
1567 2159 1802 2210 declara-

790 2255 894 2296 tur.
927 2247 1166 2295 Fortasse
1194 2258 1380 2311 parum
1415 2250 1688 2290 assecutus
1722 2250 1801 2289 est

793 2337 1007 2396 etymon
1036 2319 1390 2388 Quintilianus
1425 2318 1516 2387 qui
1547 2309 1695 2383 χειρός
1724 2311 1800 2366 ‚6-

788 2422 875 2468 μον
909 2399 1182 2469 intelligit,
1210 2415 1373 2468 quum
1404 2395 1628 2447 debeat:
1663 2393 1800 2462 χεῖρα

794 2478 956 2546 νίμειν,

866 2561 914 2614 3.
956 2559 1137 2631 Temp.
1174 2556 1459 2610 heroicis....
1497 2552 1796 2607 Platonem.

794 2638 1096 2709 Chrysippo.
1167 2638 1426 2688 Homerus
1496 2634 1799 2686 saltatorem

789 2737 914 2769 cum
937 2714 1095 2767 laude
1114 2713 1346 2786 appellat
1367 2715 1685 2776 Merionem,
1706 2711 1801 2762 du·

792 2816 908 2848 cem
933 2797 1231 2846 Cretensem
1259 2790 1402 2844 Iliad.
1425 2793 1571 2857 XVI,
1596 2791 1720 2860 617,
1746 2803 1799 2841 et

792 2875 1042 2927 saltantes
1089 2872 1216 2924 facit
1263 2870 1537 2921 Phaeacum
1574 2874 1796 2941 juvenes

789 2954 978 3026 Odyss.
1015 2953 1158 3017 VIII,
1201 2950 1299 3001 262
1339 2968 1520 3019 seqq.;
1563 2950 1796 3019 itemque

788 3033 1013 3085 chorum
1041 3034 1096 3083 in
1125 3044 1277 3083 scuto
1309 3028 1526 3081 Achillis
1554 3028 1795 3080 caelatum

789 3115 1007 3185 exponit
1043 3109 1187 3163 Iliad.
1228 3110 1424 3174 XVIII,
1468 3108 1570 3176 590
1614 3126 1795 3176 seqq,

791 3210 898 3263 quo
941 3190 1062 3241 loco
1105 3191 1321 3260 Dionys.
1369 3185 1484 3238 Hal.
1522 3188 1688 3237 utitur
1727 3185 1797 3236 ad

788 3272 1155 3339 antiquitatem
1186 3266 1477 3318 saltationis
1511 3264 1796 3316 ostenden-

789 3347 929 3399 dam.
965 3350 1087 3397 Ant.
1125 3348 1313 3409 Rom.,
1347 3343 1381 3394 l.
1412 3345 1537 3406 Vll,
1570 3362 1629 3414 p.
1670 3343 1791 3411 477.

786 3428 931 3478 Nero
967 3442 1179 3495 quoque
1211 3422 1435 3474 heroum
1465 3440 1520 3473 se
1550 3421 1793 3490 exemplo

789 3516 982 3554 tuetur.
1007 3504 1133 3553 Tac.
1164 3503 1295 3552 Ann.
1322 3500 1460 3562 XIV,
1494 3498 1583 3563 14,
1617 3516 1658 3549 1.
1685 3498 1796 3549 Cae-

789 3595 958 3633 terum
973 3580 1065 3631 ubi
1082 3596 1335 3630 manuum
1350 3578 1661 3628 artificiosos
1678 3595 1794 3626 mo-

788 3676 873 3714 tus
911 3664 966 3713 in
1007 3663 1106 3711 ista
1149 3658 1427 3711 saltatione
1469 3655 1795 3707 demonstret

783 3753 946 3813 poeta
966 3777 983 3803 ,
1037 3757 1147 3790 non
1197 3738 1441 3801 invenio,
1495 3737 1594 3786 nisi
1649 3735 1794 3804 quod

785 3822 904 3893 pilae
938 3823 1158 3891 jactatio
1199 3820 1428 3890 pertinet
1464 3816 1532 3867 ad
1569 3815 1792 3868 chorum

784 3901 1092 3962 Phaeacum,
1125 3917 1179 3968 p.
1215 3897 1318 3966 370
1348 3913 1496 3964 seqq.
1530 3895 1704 3962 Quam
1736 3898 1791 3947 in

784 3995 898 4028 rem
937 3976 1251 4041 Athenaeus,
1294 3974 1328 4025 l.
1375 3974 1513 4038 XIV,
1558 3993 1613 4044 p.
1653 3974 1790 4039 630,

781 4054 950 4120 σρότιι
967 4093 983 4117 ,
1009 4058 1080 4106 ait
1095 4094 1111 4122 ,
1130 4052 1310 4120 εὕρηται
1330 4051 1356 4105 ai
1378 4050 1481 4118 περὶ
1503 4049 1610 4107 τούς
1630 4049 1789 4108 σόθας

785 4135 950 4187 κίνησις
970 4134 1051 4190 σιῗς
1074 4131 1178 4199 dli&
1197 4134 1287 4186 ’νῦν
1313 4134 1493 4201 χειρὸν.
1519 4135 1799 4185 So'cratem'

784 4213 1012 4269 saltandi
1029 4213 1247 4268 artificio
1269 4229 1590 4284 magnopere
1609 4211 1788 4267 delec-

1889 1626 2057 1664 tatum
2081 1613 2310 1666 ostendit
2331 1613 2577 1685 Xenoph.
2604 1615 2658 1665 in
2677 1614 2887 1685 Sympo—

1889 1696 1996 1757 sio,
2016 1712 2061 1744 c.
2084 1712 2111 1745 2
2125 1732 2141 1758 ,
2165 1694 2210 1761 S.
2235 1693 2297 1744 16
2312 1712 2457 1763 seqq.
2475 1694 2549 1764 (p.
2570 1693 2666 1744 168
2681 1694 2883 1764 Zeun.).

1888 1772 2119 1822 Platonis
2144 1772 2291 1822 locens
2316 1793 2343 1821 a
2368 1775 2604 1822 Luc-iano
2625 1772 2691 1820 de
2715 1772 2887 1823 Salta-

1888 1849 2027 1899 τίοηε
2047 1848 2069 1919 (
2087 1851 2227 1919 Rip„
2250 1850 2353 1902 vol.
2376 1854 2440 1915 V,
2472 1849 2604 1920 144)
2627 1850 2887 1902 indicatur

1887 1946 2001 1977 esse
2022 1929 2074 1978 in
2095 1926 2236 1978 libris
2257 1926 2323 1979 de
2342 1927 2597 1996 Legibus,
2613 1946 2771 1998 quem
2793 1947 2888 1997 ego

1886 2019 2020 2077 puto
2058 2023 2171 2056 esse
2210 2006 2317 2057 fere
2358 2005 2425 2057 de
2461 2008 2618 2074 Legg.
2638 2045 2655 2071 ,
2696 2006 2732 2058 l.
2768 2009 2889 2073 VII,

1887 2102 1941 2154 p.
1973 2082 2155 2154 Steph.
2184 2083 2282 2153 795
2308 2086 2372 2136 D.
2399 2083 2466 2135 ad
2493 2085 2594 2152 796
2618 2087 2675 2136 E.
2704 2104 2892 2155 quam-

1891 2179 2049 2232 quam
2071 2175 2123 2212 et
2147 2161 2272 2212 alibi
2294 2180 2403 2213 rem
2428 2165 2617 2231 tangit;
2638 2162 2804 2214 veluti
2826 2163 2892 2215 de

1888 2242 2076 2309 Legg.,
2100 2240 2134 2291 l.
2160 2243 2306 2306 VIII,
2328 2259 2383 2311 p.
2412 2242 2542 2305 830,
2573 2242 2667 2293 831
2700 2244 2775 2306 Β,
2799 2241 2889 2294 ubi

1888 2319 2064 2388 ipsum
2105 2318 2319 2369 verbum
2363 2318 2551 2389 legitur
2594 2321 2891 2389 χειρονομεῖν.

1888 2396 2165 2468 Chrysippi
2189 2399 2495 2449 interierunt
2519 2397 2635 2450 libri
2658 2400 2811 2471 (vide
2839 2401 2892 2467 Ι,

1897 2490 1976 2540 10,
1993 2474 2107 2545 32):
2124 2474 2407 2543 χειρονομίαν
2421 2489 2596 2527 autem
2616 2496 2733 2529 esse
2755 2483 2895 2550 ejus-

1888 2552 2010 2605 dem
2034 2558 2106 2607 rei
2133 2573 2350 2623 nomen,
2373 2574 2487 2626 quae
2511 2569 2563 2608 et
2585 2558 2799 2627 ουρβίχυ
2822 2558 2896 2610 di·

1888 2648 2055 2700 catur,
2092 2650 2267 2687 narrat
2306 2635 2588 2688 Athenaeus
2604 2676 2621 2704 ,
2665 2637 2699 2689 l.
2748 2640 2895 2703 xlv,

1885 2734 1940 2786 p.
1963 2714 2083 2765 631.
2110 2714 2253 2766 Idem
2279 2734 2385 2786 quo
2409 2715 2615 2768 honore
2640 2718 2789 2789 apud
2809 2738 2898 2769 ve-

1886 2806 2020 2842 teres
2062 2792 2217 2844 fuerit
2261 2793 2468 2845 saltatio
2484 2832 2500 2860 ,
2538 2798 2760 2866 copiose
2803 2795 2896 2847 de-

1886 2883 2171 2936 monstrat,
2192 2870 2226 2921 l.
2248 2874 2298 2937 Ι,
2322 2891 2374 2942 p.
2405 2888 2463 2922 21
2494 2891 2604 2943 seq.
2632 2877 2899 2926 Mannum

1886 2964 2060 3002 motus
2108 2954 2355 3023 proprius
2402 2952 2695 3005 saltationis
2750 2954 2897 3026 apud

1885 3031 2117 3096 eosdem,
2140 3033 2282 3101 quod
2303 3032 2478 3084 multis
2493 3032 2625 3084 locis
2647 3028 2898 3106 apparet,

1885 3124 1944 3161 ut
1972 3111 2113 3182 apud
2138 3112 2383 3164 Ovidium
2400 3150 2416 3177 ,
2439 3116 2551 3165 Art.
2581 3128 2812 3166 amator.
2843 3118 2899 3181 1,

1885 3187 2020 3258 5953
2048 3189 2259 3241 Remed.
2294 3192 2412 3258 334.

1955 3270 2003 3336 4.
2024 3272 2071 3320 E
2074 3281 2135 3320 ta
2154 3270 2449 3344 Chrysippo.
2466 3273 2638 3325 Guelf.
2658 3288 2711 3325 et
2726 3275 2899 3327 Goth.

1883 3347 2006 3419 (tac.
2033 3350 2217 3421 Gesn.)
2242 3354 2491 3404 omittunt
2508 3374 2567 3416 a,
2590 3373 2699 3405 non
2728 3356 2901 3422 male,

1886 3446 2050 3497 quum
2084 3431 2236 3479 toties
2268 3430 2498 3481 iteretur.
2528 3459 2600 3470 --
2622 3433 2905 3486 Omittunt

1884 3510 2077 3579 pariter
2100 3510 2159 3558 R.
2193 3525 2238 3573 1,
2268 3526 2324 3572 2,
2351 3508 2381 3560 5
2407 3523 2457 3561 et
2480 3510 2639 3561 Came.
2666 3511 2777 3563 Ed.

1955 3585 2002 3637 5.
2036 3584 2502 3638 Lacedoemonios...
2532 3587 2899 3642 saltationem.

1879 3663 2187 3729 Athenaeus,
2217 3664 2250 3715 l.
2283 3683 2360 3730 c.,
2388 3684 2441 3737 p.
2473 3664 2608 3732 630,
2632 3685 2808 3736 agens
2836 3669 2905 3721 de

1878 3742 2084 3810 συρῥίχι)
2101 3742 2404 3810 ιἘμφανίζει,
2422 3745 2519 3808 ait,
2539 3742 2567 3794 κ’
2587 3742 2779 3811 ορχιῖσις
2805 3767 2904 3797 σο-

1879 3817 2040 3884 λεμιιιιῗ
2064 3813 2207 3881 οὖσα,
2238 3818 2306 3871 ὅτι
2332 3822 2700 3885 Λακεδαιμονίαν
2732 3823 2794 3875 τὸ
2822 3825 2905 3875 εὖ·

1880 3919 2018 3967 pum.
2044 3903 2172 3950 ltem
2196 3902 2362 3966 infra,
2389 3920 2444 3972 p.
2475 3902 2598 3967 631,
2623 3900 2651 3954 n‘
2671 3905 2901 3971 αυρῥίχι

1877 3973 2023 4047 οαρα
2058 3976 2211 4044 μόνοις
2256 3981 2625 4045 Λακεδαιμονίοις
2675 3981 2906 4049 &suffitu

1876 4054 2235 4125 ορογᾶμνασμα
2264 4050 2379 4109 οὖσα
2411 4059 2500 4110 τοῦ
2529 4059 2776 4124 σολὸμου.
2818 4064 2904 4112 εἰ-

1870 4134 2162 4205 μανθοίνουσί
2195 4158 2246 4189 τε
2284 4135 2463 4195 πάντες
2498 4137 2541 4191 ἔν
2579 4140 2641 4209 ‘rii
2678 4139 2903 4211 Σπέριτρ

1878 4212 1975 4272 civi
1997 4215 2133 4272 πίντε
2153 4217 2265 4272 ierat
2284 4218 2590 4290 συρῥιχίζειν.
