3200 5150
730 508 1376 577 1NsT1Tu'rioms
1412 508 1666 576 ORAT.
1708 511 1866 584 Lm.
1909 515 1973 591 1,
2013 493 2086 579 6?

2331 516 2450 585 153

363 633 607 707 eadem
624 688 643 723 ,
668 633 723 704 si
748 633 1035 705 infinitis
1056 647 1073 677 ¹
1100 660 1138 704 e
1161 631 1456 705 litteram
1477 632 1709 704 media
1728 634 1992 733 syllaba
2006 661 2451 738 acceperunt,

362 749 600 849 utique
638 749 1045 847 productam
1085 747 1379 834 habent,
1409 749 1750 848 prandeo,
1788 753 2087 851 pendeo,
2119 756 2449 853 spondeo,

354 864 726 963 prandere,
758 864 1088 963 pendere,
1127 862 1473 963 spondere.
1513 866 1606 933 At
1631 890 1785 962 quae
1822 891 1865 935 o
1898 865 2117 937 solam
2150 866 2447 957 habent,

356 975 744 1049 dummodo
770 1003 894 1075 per
921 976 1244 1048 eamdem
1268 975 1563 1047 litteram
1592 976 1668 1048 in
1697 977 1969 1050 infinito
2000 1002 2275 1069 exeant,
2301 982 2450 1054 bre-

349 1090 459 1162 via
498 1092 717 1180 fiunt,
769 1091 953 1189 leqo‚
1008 1091 1196 1176 dico,
1235 1115 1483 1177 curm,
1530 1090 1780 1189 leqere‚
1830 1093 2091 1183 dicere,
2138 1121 2449 1167 currere:

351 1205 619 1278 etiamsi
653 1228 752 1278 est
783 1205 971 1304 apud
997 1204 1351 1277 Lucilium
1372 1259 1392 1292 ,

521 1359 692 1411 Fervit
713 1376 850 1431 aqua
868 1371 921 1411 et
939 1359 1104 1412 fervet
1122 1380 1134 1409 ε
1157 1358 1312 1410 fervit
1327 1376 1472 1410 nunc
1484 1395 1501 1425 ,
1519 1358 1687 1412 fervet
1708 1358 1778 1410 ad
1797 1376 1993 1412 annum
2011 1360 2050 1410 ².

346 1534 405 1587 L.
439 1537 497 1588 L.
522 1534 558 1587 l.
592 1538 697 1602 lx,
732 1555 784 1607 p.
820 1537 947 1605 167,
985 1535 1217 1607 appellat
1249 1554 1352 1587 res-

344 1613 640 1685 pondendei
656 1615 871 1685 speciem
885 1652 903 1679 ,
930 1617 1026 1666 etsi
1047 1614 1188 1686 apud
1207 1614 1350 1667 hune

347 1694 522 1744 minus
541 1695 777 1763 exposita
797 1707 876 1745 est
889 1693 1169 1744 modorum
1186 1696 1349 1759 ratio,

350 1773 440 1841 qui
466 1790 589 1822 cum
612 1771 725 1824 aliis
748 1773 893 1824 verbi
921 1772 1158 1844 partibus
1192 1772 1259 1824 ab
1283 1792 1345 1825 eo

346 1851 780 1920 confunduntur,
802 1852 906 1903 vid.
930 1851 994 1903 ad
1020 1855 1072 1917 I,
1100 1851 1129 1904 5
1146 1890 1162 1917 ,
1188 1853 1273 1919 41.

426 1948 469 1983 1.
508 1932 567 1983 Si
599 1928 831 2003 infinitis.
874 1933 951 1982 Ita
981 1930 1154 1983 Guelf.
1185 1931 1345 1984 Goth.

346 2009 470 2081 (tac.
492 2009 701 2081 Gesn.),
727 2015 879 2063 Voss.
905 2029 961 2074 2,
991 2023 1041 2062 et
1062 2029 1196 2082 quos
1218 2011 1349 2063 vidit

328 2090 569 2163 ⁸Regius:
594 2092 637 2140 is
657 2091 795 2141 enim
814 2092 1014 2161 primus
1034 2092 1249 2142 inseruit
1270 2091 1343 2156 in,

344 2181 533 2238 praeter
550 2170 918 2220 necessitatem
942 2182 993 2220 et
1013 2182 1195 2221 contra
1216 2188 1347 2221 con-

345 2248 683 2313 cinnitatem,
712 2267 874 2318 quum
901 2248 1063 2299 modo
1088 2262 1223 2300 esset
1235 2248 1343 2319 fat.

342 2325 527 2391 modo,
550 2345 658 2379 non
680 2327 848 2398 insat.
872 2326 1044 2379 modo.
1065 2327 1196 2379 Edd.
1217 2329 1343 2379 Loc.

259 2419 267 2425 '
343 2407 528 2458 Venet.
559 2409 717 2457 Rusc.
752 2406 871 2458 Ald.
906 2408 1068 2457 Viart.
1103 2408 1346 2475 ignorant

341 2484 417 2537 in.
454 2486 685 2555 Reliqua»
732 2505 760 2537 a
805 2488 967 2556 Regio
1010 2502 1340 2558 acceperunt.

343 2564 511 2617 Codd.
549 2564 636 2617 alii
666 2565 899 2617 silentur.
933 2598 1006 2606 —
1027 2566 1093 2618 In
1128 2564 1360 2640 infinitis,

341 2641 540 2696 habent
561 2663 771 2715 quoque
791 2647 850 2697 R.
869 2644 928 2710 5,
948 2645 982 2696 6
997 2684 1013 2710 .,
1033 2659 1084 2698 et
1101 2647 1217 2697 Car.
1239 2646 1339 2698 Ed.

435 2739 480 2774 2.
537 2722 760 2773 Fervit...
806 2741 1024 2773 annum.
1079 2722 1342 2775 Eademne

339 2795 714 2870 conjugatione
738 2799 1058 2871 diversisque
1087 2802 1342 2871 tempori-

337 2877 440 2930 bus
456 2917 472 2943 ,
499 2898 565 2931 an
587 2880 774 2931 eodem
799 2893 1035 2951 tempore
1057 2893 1108 2931 et
1127 2879 1342 2933 diversis

338 2959 801 3030 conjugationibus
827 2962 1085 3030 acceperit
1108 2960 1339 3013 Lucilius

332 3031 404 3088 eni
405 3037 547 3108 fervi
551 3049 569 3088 t
582 3039 809 3109 etservct
821 3076 838 3101 ,
866 3057 928 3090 ex
944 3040 1060 3108 ipso
1075 3038 1341 3106 fragmen-

336 3129 395 3167 to
432 3136 541 3168 non
587 3132 821 3189 apparet.
860 3116 1027 3168 video
1064 3120 1173 3168 VV.
1221 3119 1335 3169 DD.

336 3193 358 3266 (
377 3208 434 3245 ut
461 3195 724 3248 Bar-thium
744 3198 799 3246 in
818 3195 1060 3246 Adverss.
1084 3214 1136 3266 p.
1162 3193 1297 3261 2645
1316 3194 1338 3266 )

334 3276 444 3327 fere
487 3275 738 3346 probasse
785 3278 1127 3347 posteriorem
1174 3277 1337 3325 ratio-

334 3374 494 3422 nem,
540 3368 597 3406 ut
629 3355 793 3407 Lucil.
842 3355 1068 3408 voluerit
1108 3355 1333 3420 docere,

338 3447 613 3504 utramque
646 3437 1106 3504 conjugationem,
1149 3453 1338 3486 secun-

335 3511 457 3563 dam
487 3525 537 3564 et
561 3516 765 3564 tertiam
781 3551 797 3578 ,
822 3531 977 3583 posse
1002 3513 1124 3564 ferri
1152 3515 1205 3565 in
1230 3513 1334 3565 hoc

334 3590 530 3655 verbo,
567 3610 664 3662 pro
693 3591 892 3661 duplici
925 3592 1335 3660 significatione;

336 3668 403 3720 de
424 3669 585 3720 altera
608 3672 866 3721 neminem
886 3672 1158 3739 cogitasse.
1187 3672 1237 3722 Si
1260 3684 1334 3721 ta-

334 3766 457 3798 men
477 3766 598 3798 vera
622 3762 699 3798 est
716 3762 928 3822 recepta
948 3750 1334 3821 interpretatio,

336 3825 479 3877 unde
495 3863 512 3889 ,
537 3843 711 3894 quaeso
729 3864 745 3890 ,
781 3829 985 3879 rescivit
1007 3830 1108 3896 Qu.
1128 3867 1144 3894 ,
1177 3831 1335 3882 Luci·-

333 3904 465 3955 lium
486 3902 723 3954 retulisse
724 3904 891 3974 servit
904 3904 971 3957 ad
990 3910 1195 3959 tertiam
1214 3928 1337 3960 con-

329 3983 686 4054 jugationem,
707 4000 813 4034 non
830 3982 896 4033 ad
913 3998 1174 4053 quartam,
1191 3987 1336 4056 quod
1376 4005 1385 4012 “

334 4063 452 4132 ipse
474 4064 665 4116 rectius
689 4076 867 4114 censet
883 4064 907 4113 i·
927 4063 1120 4116 Contra
1134 4103 1151 4130 ‚
1176 4068 1217 4118 si
1226 4066 1336 4137 fer-

340 4151 423 4192 vet
434 4156 510 4195 est
525 4142 668 4213 apud
682 4142 940 4195 Lucilium
953 4143 1186 4195 futurum
1200 4164 1334 4216 prae-

340 4224 499 4275 sentis
518 4222 858 4298 illiusfervit‚
884 4242 1053 4295 eoque
1071 4224 1230 4279 modo
1252 4244 1335 4281 ac·-

1442 1546 1629 1606 ceptus
1669 1534 1770 1586 fuit
1816 1533 1966 1585 locus
2010 1553 2040 1584 a
2081 1535 2409 1603 Quintiliano
2429 1577 2447 1605 ‚

1441 1625 1664 1682 apparet
1689 1610 1845 1683 plane
1861 1649 1878 1677 ,
1915 1611 1981 1663 ad
2008 1630 2165 1682 quam
2189 1619 2446 1686 conjuga-

1439 1691 1639 1740 tionem
1656 1687 1877 1740 verbum
1884 1689 2091 1760 fervere
2103 1692 2337 1745 retulerit
2350 1697 2448 1746 Lu-

1438 1770 1603 1822 cilius.
1623 1768 1944 1822 Crediderim
1958 1773 2116 1841 igitnr
2129 1774 2204 1825 sic
2218 1773 2446 1848 diremp-

1437 1863 1544 1901 tam
1586 1850 1747 1902 fuisse
1790 1869 1819 1900 a
1861 1850 2064 1902 Lucilio
2115 1851 2261 1903 litem
2303 1853 2446 1905 illam

1435 1930 1827 1999 grammaticam
1851 1967 1868 1996 ‚
1911 1943 2086 1981 utrum
2122 1945 2264 1983 recte
2301 1931 2446 1985 dice-

1434 2020 1610 2074 retur,
1622 2007 1790 2080 fervt‘t
1808 2027 1878 2061 an
1889 2009 2096 2081 fervet,
2123 2022 2181 2061 ut
2205 2030 2446 2082 pronun·

1436 2088 1598 2138 ciaret
1632 2099 1912 2157 utrumque
1945 2106 2043 2159 pro
2069 2087 2275 2140 diverso
2309 2103 2444 2140 tem·

1435 2183 1565 2235 pore
1579 2179 1721 2218 recte
1736 2164 1857 2218 dici.
1874 2168 2061 2236 Neque
2077 2168 2264 2218 mirum
2276 2206 2293 2234 ,
2311 2181 2444 2219 tem-

1434 2263 1566 2315 pora
1600 2247 1675 2297 sic
1713 2264 1936 2316 operose
1969 2246 2252 2317 distingui,
2278 2267 2443 2319 quum

1435 2327 1601 2376 Varro
1645 2328 1761 2397 ipse
1797 2324 1919 2388 loco
1963 2326 2242 2397 aliquoties
2279 2329 2441 2379 citato

1433 2423 1486 2475 p.
1532 2404 1662 2475 167,
1700 2418 1938 2477 tempora
1976 2424 2081 2457 una
2115 2425 2237 2457 cum
2269 2407 2441 2467 modis

1433 2486 1571 2535 inter
1592 2483 1740 2535 verbi
1761 2498 1938 2555 partes
1966 2499 2233 2537 recenseat
2249 2524 2266 2551 ,
2292 2505 2407 2557 quae
2422 2524 2440 2552 ,

1435 2583 1498 2616 ex
1520 2578 1702 2616 nostra
1728 2567 1929 2617 ratione
1945 2604 1961 2630 ,
1985 2564 2155 2618 modis
2179 2565 2441 2637 subjicere

1433 2642 1678 2696 debebat.
1701 2646 1766 2696 Et
1781 2643 1982 2695 locutio
2003 2643 2074 2694 ad
2087 2664 2286 2696 armum
2308 2645 2440 2697 nihil

1432 2725 1533 2773 nisi
1554 2723 1793 2773 futurum
1821 2735 2029 2793 tempus
2054 2722 2326 2793 designare
2350 2724 2437 2777 hic

1430 2800 1561 2852 mihi
1582 2799 1796 2871 quidem
1813 2800 2035 2851 videtur.
2057 2803 2149 2852 Est
2168 2820 2228 2852 ea
2244 2839 2260 2866 ,
2292 2803 2439 2873 quod

1431 2879 1589 2933 docet
1612 2894 1762 2933 vetus
1786 2880 2099 2951 glossarium
2130 2882 2272 2953 apud
2294 2887 2439 2936 Dou-

1428 2979 1539 3011 zam
1565 2981 1620 3032 p.
1655 2978 1672 3012 1
1688 2960 1750 3026 24
1768 2999 1784 3025 ,
1815 2979 2058 3031 expressa
2083 2979 2144 3012 ex
2168 2962 2349 3013 Graeco
2376 2962 2435 3019 εἷς

1430 3036 1547 3105 ὅροις
1566 3075 1583 3099 ,
1630 3037 1774 3108 quod
1817 3037 2035 3106 legimus
2078 3038 2220 3110 apud
2261 3043 2434 3094 varios

1428 3118 1710 3186 scriptores
1723 3153 1738 3180 ,
1751 3128 1807 3165 ut
1818 3114 2226 3185 Aristophanem
2236 3155 2252 3181 ,
2263 3116 2436 3169 Theo-

1427 3198 1648 3261 critum,
1686 3198 1860 3266 ipsum
1885 3197 2202 3262 Homerum,
2239 3201 2434 3269 cuique

1425 3275 1692 3343 geminum
1716 3272 1922 3324 videtur
1953 3293 2067 3324 esse
2103 3274 2144 3328 ic
2168 3271 2315 3327 vio-‘ra
2340 3276 2360 3348 (
2381 3299 2427 3330 v.

1426 3370 1472 3402 c.
1494 3353 1686 3424 Cyrop.
1712 3353 1803 3402 vn
1819 3390 1836 3416 ,
1864 3370 1891 3403 2
1909 3390 1925 3417 ‚
1961 3352 2038 3403 13.
2065 3352 2278 3406 Lucian.
2305 3359 2434 3408 Her-

1423 3432 1625 3482 motim.
1651 3430 1770 3482 vol.
1798 3432 1908 3502 Bip.
1934 3433 2004 3484 lv
2020 3471 2036 3497 ,
2060 3452 2113 3503 p.
2143 3433 2173 3484 5
2192 3473 2208 3499 ,
2232 3437 2286 3487 in
2312 3441 2431 3507 qui-

1423 3508 1525 3560 bus
1550 3509 1680 3560 locis
1696 3547 1713 3575 ,
1741 3522 1801 3560 ut
1823 3511 2133 3580 saepissime,
2161 3514 2216 3563 in
2239 3532 2430 3583 genere

1423 3588 1489 3640 de
1517 3590 1698 3640 futuro
1723 3603 1962 3660 tempore
1987 3589 2178 3642 dicitur
2190 3591 2227 3663 ).
2255 3595 2430 3647 Simile

1424 3684 1501 3723 est
1517 3710 1535 3736 ,
1566 3695 1587 3717 ιι
1616 3690 1715 3723 nec
1734 3670 1910 3723 dulcia
1930 3671 2085 3724 differ
2104 3673 2156 3724 in
2178 3694 2378 3727 annum
2400 3702 2422 3726 n

1422 3755 1549 3804 Hor.
1575 3756 1740 3824 Epist.
1766 3755 1790 3804 1
1805 3791 1822 3819 ,
1863 3769 1916 3804 ιι
1940 3792 1956 3818 .,
1998 3755 2063 3806 23
2082 3793 2098 3821 ,
2123 3755 2217 3806 ubi
2249 3756 2428 3809 Schol.

1423 3831 1672 3902 Crucquii
1697 3853 1708 3882 t
1738 3831 1792 3882 in
1817 3830 1967 3882 aliud
1990 3843 2203 3903 tempus.
2233 3834 2427 3886 Saltem

1422 3913 1521 3963 ista
1549 3913 1908 3982 interpretatio
1933 3910 1999 3963 de
2022 3914 2164 3963 vario
2195 3931 2292 3963 usu
2306 3912 2434 3983 fer-

1425 3988 1603 4052 vendi,
1627 4001 1786 4060 prout
1806 4006 1888 4039 res
1908 3988 2109 4058 aliqua,
2123 3989 2203 4041 vel
2218 4009 2312 4062 per
2325 3995 2430 4044 exi-

1421 4088 1613 4140 guum,
1633 4069 1715 4120 vel
1733 4088 1827 4140 per
1847 4067 2064 4138 longum
2085 4083 2290 4142 tempus
2303 4073 2424 4144 fer-

1390 4173 1398 4180 ·
1423 4158 1539 4200 veut
1566 4143 1666 4216 (ut
1697 4146 1765 4198 ad
1796 4165 1996 4198 annum
2030 4150 2097 4200 sit
2126 4168 2225 4221 pro
2256 4150 2426 4223 diu),

1420 4244 1740 4298 magnopere
1762 4229 1944 4298 jejuna
1984 4241 2093 4294 est,
2134 4247 2304 4301 neque
2336 4230 2426 4283 ul·
