3200 5150
788 471 872 553 46

1346 469 1441 533 Μ.
1483 468 1710 533 FABlI
1745 466 2303 551 QUINTILIANI

787 614 985 682 runt,
1021 590 1358 664 studiosos
1391 591 1716 682 instruat,
1755 610 1822 663 et
1853 591 1976 687 (ut
2006 589 2102 662 sic
2133 589 2472 687 dixerim)
2496 590 2612 691 jus
2647 591 2876 692 ipsum

785 707 1154 780 rhetorices
1186 719 1206 752 ¹
1240 706 1725 804 interpretetur
1747 718 1779 750 ²
1798 761 1817 794 ‚
1851 704 1972 777 sed
2006 704 2189 777 alere
2221 705 2625 778 facundiam
2649 764 2669 799 ‚
2703 708 2878 781 vires

681 838 747 906 24
786 849 1037 922 augere
1080 821 1492 922 eloquentiae
1533 819 1764 920 possit.
1807 822 1988 892 Nam
2033 818 2450 919 plerumque
2492 821 2701 894 nudae
2742 822 2880 895 illae

786 959 961 1010 artes
987 935 1016 981 ³
1035 994 1056 1029 ,
1106 935 1327 1009 nimia
1365 935 1755 1009 subtilitatis
1799 934 2235 1008 affectatione
2281 937 2618 1034 frangunt
2669 938 2878 1038 atque

786 1051 1169 1125 concidunt
1197 1049 1545 1150 quidquid
1573 1070 1675 1122 est
1705 1049 1777 1122 in
1814 1050 2136 1123 oratione·
2155 1052 2552 1150 generosius
2571 1109 2591 1142 ,
2627 1073 2697 1125 et
2725 1080 2884 1125 om-

785 1193 954 1241 nem
982 1192 1274 1240 succum
1301 1164 1567 1265 ingenii
1599 1164 1888 1256 bibunt,
1916 1185 1985 1238 et
2006 1190 2157 1238 ossa
2179 1165 2552 1266 detegunt:
2583 1190 2738 1265 quae
2754 1225 2775 1259 ,
2801 1190 2884 1240 ut

786 1308 969 1374 esse,
1013 1301 1083 1354 et
1119 1279 1398 1379 astringi
1440 1278 1665 1354 nervis
1703 1280 1881 1370 suis,
1923 1279 2216 1368 debent,
2258 1280 2354 1352 sic
2395 1307 2680 1381 corpore
2714 1308 2883 1382 ope-

683 1407 747 1501 25
789 1396 1030 1470 rienda
1068 1416 1253 1470 sunt.
1298 1394 1603 1494 Ideoque
1638 1421 1766 1468 nos
1799 1421 1945 1466 non
1978 1393 2391 1494 particulam
2427 1394 2621 1467 illam
2644 1452 2666 1488 ‚
2702 1396 2888 1471 sicut

787 1510 1138 1612 plerique,
1170 1510 1292 1583 sed
1323 1508 1668 1611 quidquid
1697 1508 1862 1582 utile
1881 1510 1974 1582 a'd
1999 1508 2503 1589 instituendum
2533 1533 2878 1595 oratorem

758 1692 762 1699 .
787 1626 1239 1727 putabamus,
1273 1624 1349 1697 in
1376 1624 1505 1698 hos
1528 1624 1902 1701 duodecim
1927 1623 2139 1697 libros
2161 1623 2589 1697 contulimus
2604 1682 2624 1715 ‚
2658 1625 2885 1699 brevi—

786 1761 890 1814 ter
919 1740 1160 1813 omnia
1189 1738 1758 1812 demonstrando.
1792 1741 1974 1811 Nam
2007 1738 2063 1811 si
2096 1758 2442 1838 quantum
2478 1738 2563 1811 de
2597 1765 2884 1839 quaque

788 1882 860 1929 re
885 1852 1022 1935 dici
1041 1874 1265 1955 potest
1282 1879 1786 1954 persequamur
1802 1852 1835 1918 4
1848 1911 1868 1947 ,
1894 1853 2052 1927 finis
2070 1853 2296 1954 operis
2315 1879 2462 1925 non
2481 1855 2880 1953 reperietur.

788 2062 882 2096 nes
896 2043 1006 2095 fere
1021 2040 1191 2096 codd.
1203 2080 1221 2110 ‚
1238 2055 1427 2115 praeter
1442 2042 1618 2095 Guelf.
1631 2081 1647 2109 ‚
1666 2042 1795 2096 dant

787 2121 1034 2186 docendi,
1061 2134 1124 2173 ut
1150 2134 1203 2174 et
1227 2119 1390 2174 Goth.
1414 2121 1546 2193 (tec.
1572 2122 1794 2193 Gesn.),

787 2203 938 2272 Regii
958 2214 1137 2253 tamen
1156 2199 1612 2268 emendationem,
1624 2200 1794 2253 dicen-

787 2279 869 2346 di,
890 2298 1067 2333 veram
1084 2292 1246 2351 puto;
1269 2282 1492 2333 maxime
1517 2279 1588 2332 ob
1611 2281 1797 2335 admis-

787 2360 993 2412 cebitur.
1014 2358 1249 2411 Docendt'
1265 2362 1405 2411 enim
1424 2361 1683 2417 mtionon
1697 2379 1798 2433 po·

789 2452 892 2492 test
915 2437 1187 2491 admisceri
1212 2435 1346 2505 dici,
1374 2441 1498 2510 qnia
1523 2452 1687 2511 caput
1714 2451 1797 2492 est

788 2520 866 2571 rei
888 2515 1197 2582 metandae5
1219 2518 1466 2571 orationis
1488 2518 1796 2592 autemfor-

790 2617 903 2665 ma,
924 2596 980 2652 h.
1000 2614 1046 2649 e.
1067 2594 1275 2648 dieendi
1295 2597 1453 2663 ratio,
1479 2611 1659 2670 potest
1678 2617 1793 2652 esse

789 2679 1106 2750 autjejuna‚
1131 2693 1257 2746 ergo
1277 2675 1475 2728 brevior
1492 2690 1584 2729 sut
1608 2676 1791 2744 ἀντίον,

788 2754 908 2807 ideo
914 2772 1017 2826 que
1029 2753 1297 2826 eopiosior,
1311 2753 1521 2825 qualem
1532 2758 1794 2827 promittit

788 2836 893 2904 Qu.
908 2835 1165 2887 Ceterum
1183 2847 1293 2885 tam
1309 2834 1558 2906 frequens
1575 2835 1795 2888 docendi

789 2927 843 2966 et
862 2912 1070 2966 dicendi
1091 2914 1367 2980 confusio,
1389 2928 1449 2967 ut
1475 2916 1675 2968 nemini
1700 2914 1795 2968 de-

786 2990 913 3047 bent
930 3011 1046 3048 esse
1067 2992 1311 3063 religioni
1331 2992 1641 3046 alterutrum
1660 3011 1795 3047 con·

788 3071 1059 3127 tra-Codd.
1086 3074 1348 3146 preferre.

865 3170 908 3219 t.
931 3153 1030 3205 Jus
1054 3151 1223 3223 ipsum
1242 3151 1524 3206 rhetorices.
1544 3151 1794 3224 intelligit

786 3244 1051 3305 precepta
1072 3229 1345 3284 rhetorice
1368 3234 1665 3286 necessarie
1680 3271 1698 3300 ‚
1721 3232 1795 3285 nl·-

785 3312 1027 3383 luditque
1056 3310 1127 3364 ed
1157 3310 1351 3384 stylum
1375 3310 1789 3383 jurisconsulto-

786 3410 936 3459 rum,
963 3391 1057 3461 qui
1081 3387 1225 3460 leges
1245 3393 1430 3461 jejune
1456 3403 1511 3442 et
1537 3389 1683 3443 eride
1704 3394 1790 3443 in·

786 3483 1155 3544 terpretsntur.
1183 3471 1342 3522 Bou..

860 3568 908 3603 α.
953 3551 1107 3603 Jus...
1154 3548 1528 3621 interpretetur.
1565 3545 1789 3603 Videtur

782 3627 924 3682 hane
946 3626 1203 3699 loquendi
1222 3627 1446 3680 formam
1465 3641 1735 3681 mutuatus
1755 3647 1788 3682 e

786 3726 933 3762 more
964 3709 1058 3779 qui
1083 3707 1185 3759 fuit
1211 3709 1602 3775 Romanorum,
1633 3707 1788 3762 ut‘de'

783 3789 848 3842 iis
861 3826 880 3856 ‚
907 3807 1029 3860 que
1051 3785 1120 3839 sd
1141 3791 1231 3859 jus
1258 3786 1410 3841 civile
1431 3791 1788 3862 pertinerent,

784 3866 1123 3921 consulerent
1152 3870 1267 3940 ejus
1299 3868 1528 3921 scientie
1553 3871 1753 3941 peritos
1767 3907 1788 3937 ‚

786 3951 909 4020 qui,
948 3949 1183 4001 seniores
1222 3950 1541 4020 praesertim,
1580 3967 1614 4002 e
1648 3948 1785 4003 solio

784 4026 1027 4081 solebant
1074 4027 1399 4100 interpretari
1445 4025 1595 4099 (hoc
1645 4030 1788 4081 enim

781 4109 1057 4200 proprium
1086 4097 1440 4179 vocabulum)
1468 4109 1785 4179 questiones

777 4188 945 4260 juris,
977 4187 1150 4242 securi
1185 4205 1312 4242 sene
1347 4188 1404 4241 in
1441 4206 1506 4242 eo
1539 4205 1784 4241 sumone

1882 2043 2111 2095 mirificae
2134 2042 2411 2115 cujusdam
2432 2040 2643 2095 dicendi
2666 2041 2884 2115 elegan-

1883 2123 1964 2173 tiae
1980 2159 1997 2189 ‚
2023 2119 2151 2172 dnm
2180 2121 2248 2173 de
2273 2139 2330 2174 re
2357 2123 2473 2193 ipse
2500 2124 2623 2174 satis
2646 2122 2884 2176 fecerent

1882 2199 2299 2253 consulentibus.
2330 2199 2515 2252 Talem
2546 2219 2604 2253 se
2634 2201 2887 2274 {interpr-e-

1884 2289 1983 2331 tem
2000 2280 2115 2331 fore
2132 2292 2316 2351 neget,
2336 2278 2429 2331 sed
2446 2293 2634 2351 praeter
2651 2279 2886 2354 legitima

1885 2361 2035 2431 quasi
2063 2360 2243 2425 verba,
2271 2361 2429 2411 etiam
2456 2373 2762 2430 argumenta
2785 2378 2886 2433 pa·

1881 2441 2007 2492 riter
2055 2452 2216 2511 etque
2263 2452 2509 2491 ornatum
2553 2438 2884 2494 auditoribus

1882 2519 1990 2570 suis
2020 2519 2423 2590 imper-titutum.
2457 2518 2554 2569 Jus
2582 2520 2742 2590 igitur
2767 2518 2886 2571 rhe-

1883 2597 2061 2650 torices
2075 2596 2162 2649 hic
2181 2597 2468 2669 improprie
2485 2596 2735 2654 dicuntur
2753 2597 2888 2651 tech-

1882 2677 2002 2729 πίω
2015 2679 2139 2729 artis
2154 2676 2402 2729 vocabula
2421 2690 2475 2729 et
2493 2677 2742 2730 tralaticia
2755 2695 2890 2750 pm·-

1882 2767 2046 2828 σφεα.
2071 2754 2190 2810 Vid.
2216 2757 2325 2809 Cic.
2350 2756 2420 2809 de
2443 2760 2588 2810 Orat.
2615 2759 2668 2825 1,
2690 2757 2792 2825 45;
2814 2756 2884 2811 de

1880 2836 2038 2907 Legg.
2088 2837 2143 2902 1,
2189 2836 2240 2889 3.
2287 2836 2600 2905 Quintiliani
2645 2851 2886 2910 tempore

1882 2918 2040 2970 etiam
2061 2915 2388 2986 frequentius
2406 2914 2511 2970 hoc
2528 2917 2692 2970 fuisse
2709 2916 2885 2985 dicas,

1881 3008 1942 3047 ut
1959 2995 2152 3048 dicun-i
2167 2997 2224 3048 in
2240 2996 2360 3048 foro
2374 2998 2508 3068 juris
2532 2995 2696 3049 civilis
2720 2999 2888 3050 scien-

1880 3076 2008 3126 tiam
2032 3073 2190 3128 talem
2207 3091 2270 3127 ae
2290 3087 2516 3142 tantam,
2535 3089 2733 3147 quante
2753 3094 2886 3147 qun-

1882 3170 1986 3225 que
2003 3154 2059 3206 in
2077 3171 2234 3205 cause
2254 3153 2577 3224 indigerent,
2598 3171 2763 3227 quum
2780 3157 2882 3226 ipsi

1877 3235 2207 3303 ignorarent,
2230 3247 2472 3306 peterent
2494 3252 2524 3287 a
2542 3234 2883 3307 jureconsul-

1879 3316 1978 3375 tis;
2007 3315 2263 3385 exipsius
2290 3313 2412 3367 loco
2442 3314 2477 3367 l.
2507 3315 2633 3383 xli,
2662 3333 2710 3367 c.
2737 3316 2802 3382 3,
2830 3327 2885 3367 et

1881 3390 2096 3464 quidem
2113 3394 2160 3461 5.
2186 3393 2218 3459 4
2244 3394 2496 3447 maxime:
2528 3417 2553 3442 ιι
2571 3397 2759 3467 Neque
2782 3413 2882 3466 ego

1886 3491 1910 3519 ι
1929 3489 2047 3523 sum
2077 3474 2245 3524 nostri
2271 3476 2432 3526 moris
2463 3477 2708 3545 ignarus,
2742 3473 2884 3526 obli-

1885 3573 1907 3598 «
1927 3563 2076 3604 tusve
2104 3569 2319 3619 eorum,
2349 3555 2441 3623 qui
2466 3552 2611 3606 velut
2634 3551 2703 3606 ed
2724 3571 2884 3606 arcu·

1883 3652 1907 3677 ιι
1929 3630 2007 3683 las
2027 3628 2238 3697 sedent,
2258 3645 2311 3683 et
2330 3630 2434 3684 tela
2456 3631 2735 3703 agentibus
2757 3631 2887 3686 sub—

1883 3712 2283 3763 &ministrant

1947 3790 1997 3842 3.
2023 3790 2186 3841 Artes.
2209 3790 2283 3840 Its
2301 3792 2517 3861 proprie
2536 3790 2886 3863 appellaban-

1876 3880 1964 3919 tur
1985 3866 2136 3934 mni,
2159 3866 2447 3922 rhetorices
2470 3885 2754 3957 precepta
2756 3888 2884 3924 con·

1875 3950 2119 4002 tinentes.

1944 4028 1995 4096 4.
2028 4030 2418 4101 Persequamar.
2451 4030 2532 4081 lte
2557 4047 2588 4082 e
2615 4028 2881 4083 veteribus

1873 4106 2192 4178 quibusdam
2206 4106 2527 4161 editionibus
2538 4147 2555 4175 ‚
2571 4125 2704 4181 quas
2723 4111 2888 4162 etiam

1871 4185 2172 4245 Obrechtus
2207 4201 2286 4241 est
2317 4202 2567 4255 secutus,
2594 4202 2708 4241 etet
2728 4191 2889 4244 resti-
