3200 5150
766 414 969 562 96.

1339 464 1433 529 Μ.
1471 432 2299 547 FABu'QmN‘rtLlAm

765 587 906 661 tio?
938 586 1177 679 Quare
1205 585 1443 661 minus
1476 587 1740 660 mirum
1760 642 1779 677 ,
1813 589 1868 659 si
1904 587 1977 662 in
2010 589 2288 661 vetustis
2320 586 2645 687 operibus
2678 585 2875 662 urbis

771 723 1067 792 nostrae,
1111 723 1180 777 et
1232 702 1625 775 celebribus
1680 700 1958 802 templis
2015 703 2335 802 legantur
2384 703 2763 776 Alexaneer
2805 724 2877 777 et

776 821 1162 894 Cassantra.
1186 818 1383 909 Quid
1413 819 1481 892 O
1513 840 1720 918 atque
1745 819 1810 889 U
1831 839 2237 917 permutatae
2263 819 2601 901 invicem?
2629 840 2709 891 ut
2729 822 2877 891 He-

768 934 944 1009 coba
984 956 1051 1008 et
1084 940 1396 1023 notrix¹‚
1436 932 1799 1007 Culchides
1832 954 1902 1007 et
1928 932 2330 1034 Pulyxena,
2367 934 2872 1006 scriberentur:

766 1077 887 1141 ac,
928 1077 1018 1123 ne
1056 1049 1129 1121 in
1166 1049 1426 1121 Graecis
1463 1049 1537 1122 id
1568 1069 1845 1121 tantum
1877 1069 2181 1138 notetur,
2217 1051 2558 1138 dederont,
2598 1076 2676 1122 ac
2711 1076 2876 1151 pro-

768 1167 1125 1239 baveront.
1170 1163 1282 1236 Sic
1320 1164 1613 1251 ὀδυσσιὺς,
1652 1191 1869 1263 quem
1907 1174 2219 1235 οὐὸὶιοτσέοι2
2252 1166 2571 1237 fecerunt
2602 1164 2873 1254 AEoleS,

762 1397 967 1463 stlat-us,
984 1415 1159 1469 neque
1173 1396 1405 1451 violenta
1421 1396 1526 1449 illa.
1539 1395 1659 1449 Vid.
1678 1396 1748 1448 m
1758 1434 1776 1462 ,

762 1480 819 1543 6,
833 1476 1186 1548 25.—Quid...
1199 1476 1471 1549 stlitesque.
1490 1476 1663 1530 Stlites
1675 1494 1773 1548 pro

765 1556 938 1610 litibus
953 1560 1010 1609 in
1030 1557 1246 1609 vetustis
1267 1556 1618 1608 marmoribus
1642 1556 1775 1626 legi·

764 1656 898 1690 mus.
938 1635 1171 1690 Stloeum
1214 1650 1389 1688 autem
1431 1655 1529 1708 pro
1568 1634 1681 1687 loeo
1718 1637 1774 1687 in

762 1735 862 1769 usu
883 1718 1045 1768 fuisse
1060 1714 1220 1768 docet
1234 1717 1440 1779 Festus„
1458 1727 1517 1765 ut
1539 1727 1589 1765 et
1605 1713 1776 1766 Stlata

759 1813 929 1866 genus
954 1797 1172 1865 navigii,
1196 1812 1224 1845 a
1253 1792 1533 1844 latitudine
1550 1791 1771 1845 dictum.

765 1875 936 1946 Quid?
954 1874 1089 1927 solet
1114 1873 1217 1925 dici
1242 1891 1272 1925 a
1292 1873 1587 1939 veteribus,
1608 1891 1774 1943 quum

758 1952 1055 2024 longiorem
1089 1952 1564 2006 enumerandamm
1596 1970 1773 2003 rerum

763 2036 951 2086 seriem
976 2035 1195 2086 strimim
1218 2045 1458 2103 tangunt.
1486 2033 1568 2084 Sic
1589 2029 1770 2101 virgil.

759 2116 953 2184 Georg.
976 2117 1025 2180 1,
1053 2112 1166 2166 105.
1194 2113 1330 2183 Quid
1345 2112 1544 2177 dicam,
1565 2111 1768 2183 ...quim

758 2193 1072 2266 Insequitur,
1104 2191 1197 2245 ubi
1230 2204 1310 2244 est
1340 2191 1501 2263 plena
1537 2190 1772 2255 locuti0,

762 2291 927 2344 quum
968 2271 1246 2344 deinceps,
1283 2290 1331 2323 v.
1381 2286 1399 2322 1
1416 2287 1433 2321 ι
1452 2287 1470 2322 ι
1488 2308 1506 2336 ,
1545 2269 1772 2341 abrupta

759 2351 852 2423 (ut
898 2351 1016 2422 hic)
1042 2374 1054 2403 ε
1107 2350 1278 2422 Quid,
1327 2350 1475 2422 qui...
1524 2348 1768 2420 depascit.

758 2433 954 2483 Noster
986 2434 1035 2495 1,
1074 2448 1124 2501 7,
1166 2447 1259 2500 27:
1300 2428 1468 2498 Quid,
1499 2444 1618 2500 quoe
1646 2428 1771 2479 scri-

758 2510 967 2574 buntur,
989 2508 1145 2581 plene
1167 2520 1344 2560 autem
1364 2509 1413 2573 1,
1436 2524 1486 2578 7,
1510 2505 1573 2558 25
1592 2528 1607 2558 ε
1634 2505 1773 2575 Quid

757 2590 928 2641 dicam
951 2590 1175 2640 vortices.
1194 2590 1382 2659 Neque
1404 2588 1505 2639 alia
1531 2601 1611 2639 est
1635 2589 1769 2639 ratio

758 2672 1034 2721 tritissima·
1048 2668 1228 2720 formae
1243 2667 1568 2740 Quid?quod.
1589 2689 1612 2712 σι
1633 2667 1772 2737 Quid

764 2771 787 2795 α
809 2761 887 2801 est
913 2748 1124 2819 elegans
1150 2760 1200 2799 et
1226 2748 1470 2818 apposita
1495 2747 1770 2798 transitio·

763 2850 786 2874 α
806 2828 963 2880 nibus
979 2827 1236 2899 particula
1248 2866 1264 2893 ,
1280 2844 1341 2879 ac
1360 2824 1767 2898 pronunciando

763 2930 786 2954 α
806 2909 971 2978 magis
995 2907 1303 2977 intelligitur
1323 2931 1345 2954 n
1363 2946 1379 2971 ‚
1404 2920 1462 2958 ut
1483 2909 1555 2958 ait
1573 2908 1658 2958 Jo.
1683 2908 1767 2957 Fr.

754 2986 1054 3039 Gronovius
1078 2985 1147 3038 ad
1170 2988 1278 3039 Liv.
1300 2986 1545 3051 xxvm,
1565 2984 1654 3052 41,
1686 3001 1763 3036 12.

755 3065 930 3119 Habet
954 3080 1130 3119 tamen
1153 3065 1519 3119 difficultatem
1546 3064 1598 3116 h.
1622 3063 1657 3116 l.
1686 3083 1769 3116 ac,

755 3148 1022 3197 cusativus
1039 3144 1257 3198 stlocum
1278 3158 1401 3218 post
1426 3145 1581 3216 Quid,
1601 3162 1768 3215 quum

692 3281 697 3284 .
755 3243 912 3292 mox,
934 3239 1058 3298 post
1082 3225 1220 3279 idem
1236 3265 1253 3292 ,
1277 3228 1344 3279 sit
1368 3224 1637 3299 cognatio,
1663 3243 1767 3275 no-

755 3307 881 3358 min.
923 3324 1067 3358 casu.
1104 3334 1176 3345 -
1207 3301 1439 3359 Stlocum
1477 3303 1641 3356 habet
1679 3302 1763 3356 ed.

754 3383 914 3436 Cum
950 3386 1081 3437 Item
1109 3382 1304 3449 Hack,
1341 3381 1491 3435 1665.
1522 3385 1591 3435 At
1619 3385 1681 3436 R.
1719 3400 1765 3450 1,

756 3480 786 3515 2
803 3501 821 3530 ‚
845 3476 898 3516 et
921 3465 1039 3516 Cn.
1055 3503 1072 3529 ,
1095 3462 1325 3516 stlotum.
1351 3464 1443 3514 En.

834 3558 876 3593 1.
899 3543 1105 3595 Notn‘x.
1130 3540 1273 3595 Nihil
1293 3543 1523 3593 variatur
1541 3559 1570 3593 a
1590 3541 1762 3596 codd.

753 3621 916 3682 Recte
944 3633 1123 3673 tamen
1151 3620 1311 3671 haeret
1334 3622 1559 3691 Regius,
1587 3640 1766 3692 neque

752 3713 879 3772 post
907 3718 1030 3751 eum
1059 3701 1340 3771 quisquam
1365 3698 1583 3751 meliora
1613 3718 1765 3751 com·

751 3792 965 3830 memus
1000 3792 1095 3831 est.
1123 3781 1303 3847 Quum
1341 3777 1514 3830 adhuc
1552 3780 1767 3831 nonnisi

750 3855 932 3909 Graeca
966 3876 1022 3909 se
1055 3871 1301 3924 notasse,
1335 3859 1591 3928 significet
1623 3859 1764 3926 Ωιι,

751 3953 852 4008 pro
885 3934 990 3987 hoc
1024 3936 1199 3988 ηοω-ἐπ
1234 3934 1377 3988 aliud
1410 3935 1762 4003 vocabulum,

754 4027 807 4065 et
837 4014 1051 4085 quidem
1078 4034 1275 4068 nomen
1301 4013 1552 4086 aliquod,
1580 4016 1637 4067 ni
1658 4014 1763 4067 fal-

749 4088 853 4158 lor,
877 4112 942 4146 ex
965 4092 1290 4168 mythologia
1309 4094 1514 4160 Graeca,
1537 4097 1690 4166 cujus
1711 4094 1764 4144 οὖ

746 4169 910 4224 fuerit
953 4186 1218 4225 mutatum
1262 4174 1317 4224 in
1364 4194 1386 4224 ο
1401 4212 1418 4241 ,
1458 4175 1760 4227 necessario

1865 1392 2026 1467 plane
2047 1398 2345 1468 requiritur.
2372 1395 2532 1466 Quod
2557 1395 2686 1450 dant
2707 1397 2874 1449 Viart.

1867 1488 1920 1526 et
1945 1474 2134 1527 Badius
2150 1514 2166 1542 ‚
2191 1495 2365 1547 neque
2389 1490 2567 1529 tamen
2589 1472 2676 1528 hic
2700 1477 2754 1527 in
2777 1494 2877 1526 no-

1865 1553 1933 1604 tis
1971 1556 2173 1606 monito
2208 1552 2438 1621 lectore,
2472 1573 2609 1619 uox,
2643 1552 2876 1606 alienum

1867 1645 1919 1683 et
1938 1633 2139 1703 ipsum,
2161 1646 2369 1704 poterat
2392 1632 2787 1704 quodammodo
2806 1633 2878 1684 vi·

1866 1710 1978 1762 deri
1993 1711 2062 1763 ad
2076 1732 2185 1763 rem
2203 1716 2492 1783 pertinere,
2509 1731 2672 1785 quum
2692 1734 2719 1762 v
2739 1712 2877 1766 Grae·

1865 1806 2048 1841 corum
2088 1791 2272 1843 abierit
2310 1795 2367 1844 in
2403 1815 2442 1844 ο.
2486 1792 2590 1846 Sed
2623 1810 2760 1865 opus
2793 1804 2878 1844 est

1863 1868 2128 1921 vocabulo
2154 1872 2432 1923 manifeste
2455 1872 2674 1938 Graeca,
2700 1888 2876 1942 neque

1866 1948 2010 2019 quod
2044 1951 2099 2001 in
2128 1954 2396 2004 constanti
2425 1970 2524 2003 usu
2553 1949 2800 2003 habuerit
2831 1969 2872 2001 ο.

1861 2031 2061 2081 Vocem
2087 2031 2260 2081 notn'x
2284 2034 2459 2084 omisit
2480 2030 2786 2105 Gedoynus.

1937 2126 1983 2160 2.
2029 2108 2301 2161 ousvon'ae.
2349 2115 2404 2164 ln
2448 2110 2618 2164 codd.
2663 2110 2879 2182 quidem

1861 2186 1950 2239 hic
1973 2206 2160 2258 parum
2192 2189 2432 2261 prcesidii.
2459 2189 2634 2247 Guelf.
2662 2209 2693 2241 o
2716 2190 2878 2241 dissea

1862 2265 2021 2318 Goth.
2040 2267 2163 2338 (tac.
2180 2269 2365 2341 Gesn.)
2382 2271 2607 2342 odyssea.
2625 2269 2714 2321 nte
2735 2269 2878 2322 lacu-

1862 2365 1931 2399 na
1954 2345 2148 2400 docere
2171 2350 2403 2416 videtur,
2428 2350 2755 2402 intercidi-we
2780 2348 2876 2401 ali-

1864 2426 2007 2496 quid.
2023 2426 2271 2487 ’Τδυσσίαμ
2291 2430 2435 2500 quod
2453 2444 2572 2502 post
2591 2430 2733 2499 Regii
2750 2447 2878 2480 con-

1855 2509 2120 2579 jecturam
2158 2524 2470 2581 receperunt
2509 2509 2686 2581 aliquo
2656 2523 2712 2559 ot
2749 2505 2872 2560 edd.

1859 2598 1919 2636 ut
1940 2599 1993 2636 et
2010 2587 2199 2652 Gesn,
2221 2592 2572 2641 auctoritate‹
2558 2588 2771 2659 quidem
2791 2605 2876 2639 ca·

1860 2678 1940 2716 ret
1966 2667 2124 2717 omni
2142 2665 2261 2717 vid.
2287 2682 2461 2719 tamen
2481 2668 2633 2720 Koen.
2656 2666 2723 2717 ad
2744 2669 2873 2718 Gre-

1858 2764 1996 2820 gor„
2011 2766 2064 2818 p.
2085 2765 2147 2818 27
2120 2746 2213 2810 5;
2229 2748 2567 2801 itemVillois.
2586 2745 2787 2800 Anecd.
2808 2749 2874 2812 Π,

1867 2826 1965 2894 169
1987 2845 2134 2898 seqq.
2158 2831 2224 2898 ej.
2245 2829 2400 2880 Proll.
2426 2829 2491 2881 ad
2513 2831 2673 2880 Hom.
2687 2848 2781 2900 ,.p
2804 2828 2877 2898 49

1861 2903 1929 2955 de
1948 2906 2250 2958 Tzaconum
2274 2909 2734 2979 pronunciatione.
2758 2907 2874 2959 Cae-

1859 2996 2030 3034 terum
2051 3003 2147 3055 pro
2178 2984 2403 3056 Ulyesem
2426 2985 2602 3039 Guelf.
2617 3024 2634 3044 ,
2649 3004 2771 3037 cum
2792 2996 2875 3036 sat

1857 3061 2035 3114 multis
2055 3063 2248 3128 Codd.,
2276 3064 2500 3129 Ulixem,
2525 3063 2670 3135 quod
2689 3081 2874 3116 verum

1857 3154 1989 3213 puto
2007 3179 2024 3207 ,
2057 3139 2151 3192 sed
2178 3144 2262 3194 vix
2296 3156 2409 3195 erat
2437 3161 2609 3213 operae
2636 3144 2871 3216 pretium

1858 3218 2059 3291 aliquid
2082 3234 2302 3273 mutare.
2328 3249 2392 3261 —
2414 3219 2687 3273 Ου’δυσσίοι.
2717 3223 2794 3274 Ου’
2815 3225 2872 3274 in

1860 3297 2056 3350 talibus
2086 3299 2230 3371 apud
2261 3298 2435 3351 AEoles
2464 3302 2773 3372 corripitur,
2809 3313 2872 3353 ut

1858 3391 1912 3428 et
1958 3376 2102 3448 apud
2149 3380 2436 3430 Homerum
2481 3377 2871 3453 Odyss.xv1,

1856 3457 1996 3528 337:
2038 3453 2169 3509 ἀλκαὶ
2204 3455 2457 3523 βούλισθι,
2499 3460 2554 3511 ἰιι
2597 3478 2704 3530 quo
2743 3459 2867 3512 loco

1855 3548 2032 3587 tamen
2068 3536 2223 3589 video
2253 3537 2510 3590 Wolfium
2548 3558 2720 3611 nuper
2751 3557 2868 3591 ma-

1854 3613 2016 3666 luisse
2060 3610 2270 3674 βὸλισθι.
2320 3618 2401 3668 Pri
2413 3619 2566 3669 cian.
2615 3637 2669 3689 p.
2719 3616 2865 3685 554:

1862 3691 2083 3746 -AEoles
2107 3691 2358 3763 &ov-ydem
2382 3696 2564 3748 dicunt
2584 3715 2684 3769 pro
2706 3693 2871 3763 &wyd-

1860 3792 2005 3840 «np,
2032 3773 2084 3824 οὐ
2108 3775 2484 3847 corripienteS,
2505 3774 2588 3828 vel
2618 3779 2785 3848 magis
2808 3796 2865 3839 u,

1861 3878 1885 3904 α
1907 3876 2040 3911 sono
2065 3877 2136 3926 u,
2164 3860 2303 3913 soliti
2334 3875 2456 3914 sunt
2477 3864 2867 3934 pronunciare,

1861 3935 2133 4008 uideoque
2149 3939 2421 3992 ascribunt
2441 3959 2493 4006 o,
2508 3958 2618 3992 non
2641 3953 2698 3992 ut
2711 3939 2866 4013 diph-

1860 4016 2165 4089 «thongum
2194 4019 2394 4071 faciant
2422 4020 2526 4085 ibi,
2559 4018 2656 4073 sed
2682 4033 2741 4072 ut
2770 4039 2866 4073 so-

1860 4114 2029 4147 «num
2048 4118 2076 4149 υ
2091 4097 2356 4152 AEolicum
2373 4096 2674 4153 ostendant.
2696 4122 2719 4149 ιι
2740 4098 2861 4153 vid.

1851 4176 1910 4257 1,
1934 4194 1985 4247 7,
2016 4193 2096 4230 ιι.
