3200 5150
819 447 903 514 80

1379 439 1473 512 M.
1512 420 1737 511 mim
1777 436 2328 529 QUIN‘rtLtANl

814 592 1071 642 veteres
1124 569 1554 671 grammatici
1579 583 1598 614 ¹
1623 624 1644 658 ,
1700 589 1779 641 ut
1831 595 1975 640 non
2037 595 2271 641 versus
2332 567 2543 639 modo
2598 568 2910 642 censoria

817 684 1121 784 quadam
1146 683 1453 782 virgula²
1484 703 1753 772 notare,
1788 703 1857 755 et
1885 681 2093 754 libros
2108 738 2137 770 ‚.
2159 681 2280 781 qui
2311 681 2486 753 falso
2512 681 2908 755 viderentur

815 799 1121 899 inscripti
1149 853 1168 886 ,
1220 819 1589 901 'tamquam
1645 795 2029 868 subdititios
2088 822 2526 867 summovere
2582 794 2903 868 familia-’⁶

816 915 1255 1015 permiserint
1296 914 1464 1004 sibi3
1508 913 1628 985 sed
1665 933 1975 985 auctores
2012 911 2179 984 alios
2230 912 2299 983 in
2346 912 2664 984 ordinem
2710 913 2909 984 rede-

744 1047 786 1115 4
815 1030 1120 1131 gerim&
1154 1031 1322 1105 alios
1352 1031 1645 1103 omnino
1677 1030 2059 1102 exemerint
2086 1055 2382 1101 numero
2399 1028 2452 1101 ⁵.
2488 1031 2632 1102 Nec
2667 1049 2906 1128 poetas

893 1253 935 1287 1.
974 1236 1174 1291 Veteres
1204 1235 1546 1310 qmmmatici.
1584 1234 1814 1288 Alexan-

812 1312 994 1366 drinos
1017 1318 1348 1386 potissimum
1371 1314 1622 1368 intellexit
1639 1331 1814 1385 gram-

802 1395 1063 1459 maticos,
1086 1393 1153 1447 de
1177 1393 1367 1465 quibus
1397 1407 1575 1446 nostra
1605 1405 1754 1444 aetate
1784 1409 1813 1442 a

811 1470 1105 1524 Villo'isono
1128 1475 1185 1524 in
1202 1471 1588 1542 prolegomenis
1613 1470 1681 1522 ad
1704 1471 1815 1523 ilia-

814 1547 961 1615 dem,
985 1563 1037 1601 et
1060 1569 1090 1601 a
1116 1553 1170 1601 F.
1197 1551 1260 1602 A.
1285 1550 1484 1602 Wolfio
1514 1553 1567 1601 in
1596 1552 1704 1600 suis
1728 1551 1815 1600 iti-

812 1625 934 1683 dem
979 1625 1047 1679 ad
1092 1628 1375 1679 Homerum
1426 1627 1814 1696 prolegomenis

813 1704 1157 1759 eruditissime
1180 1706 1280 1757 fuit
1291 1705 1647 1776 disputatum.

889 1801 937 1835 2.
956 1784 1191 1837 Censoria
1206 1783 1431 1855 quadam
1448 1782 1666 1856 viryula.
1690 1780 1816 1834 obe-

812 1859 894 1913 lus
910 1865 1124 1934 proprie
1144 1861 1454 1933 appellatur,
1475 1880 1582 1932 quo
1609 1863 1815 1932 spurios

811 1954 991 1991 versus
1002 1939 1287 1992 confodere
1297 1939 1497 1993 solebat
1508 1938 1818 1991 censor-Aris-

814 2017 1048 2083 tenelius,
1077 2033 1139 2070 ut
1163 2021 1403 2071 Ausonio
1432 2017 1576 2069 audit
1605 2020 1662 2068 in
1684 2015 1812 2068 ludo

807 2096 904 2150 Vn
941 2102 1251 2170 sapientum.
1291 2098 1584 2152 Censorium
1619 2095 1812 2166 stylum

812 2174 879 2228 de
898 2179 1030 2228 veris
1049 2175 1356 2230 censoribus
1371 2175 1499 2228 dicit
1510 2176 1693 2227 Cicero
1714 2192 1813 2246 pro

812 2252 1054 2307 Cluentio
1070 2293 1089 2322 .,
1110 2273 1157 2307 c.
1185 2253 1270 2321 44.

884 2333 933 2385 3.
945 2328 1675 2405 Summoverefamiliafioth.
1687 2328 1809 2400 (tac.

810 2410 1004 2482 Gesn.)
1027 2426 1081 2464 et
1101 2410 1273 2463 Guelf.
1292 2408 1539 2482 familie.

884 2490 934 2556 4.
974 2490 1041 2541 In
1077 2488 1309 2542 ordinem
1346 2487 1641 2561 πόρρω-ἰπὶ.
1677 2488 1815 2540 lnter

814 2569 1049 2641 vulgares
1074 2585 1128 2624 et
1149 2568 1438 2623 mediocres
1463 2585 1813 2620 connumera-

812 2650 931 2700 rint.
960 2651 1118 2702 Bou..

883 2725 935 2777 5.
964 2725 1164 2779 Alios...
1185 2724 1464 2778 exemerint
1480 2742 1713 2776 numero.
1737 2725 1813 2777 Re

809 2806 1000 2855 iterum
1018 2807 1307 2875 iterumque
1325 2821 1582 2875 perpensa
1593 2840 1612 2869 ,
1623 2801 1813 2854 lubens

809 2895 1022 2935 transeo
1059 2885 1114 2935 in
1148 2880 1445 2935 Ruhnkenii
1480 2895 1684 2946 castra,
1711 2879 1813 2932 do-

809 2964 1009 3027 eentis,
1041 2963 1278 3015 Historia
1307 2973 1575 3012 oratorum
1601 2960 1813 3012 Graeco-

809 3057 926 3091 rum
953 3042 1175 3108 criticae,
1202 3060 1255 3112 p.
1285 3040 1478 3105 XCVI,
1507 3038 1731 3111 rediqere
1756 3038 1812 3088 in

809 3118 1042 3171 ordinem
1062 3133 1115 3172 et
1134 3119 1352 3171 eximere
1370 3136 1584 3169 numero
1597 3119 1810 3169 Latinas

806 3217 922 3252 esse
936 3198 1232 3252 locutiones
1246 3216 1344 3271 pro
1357 3199 1550 3251 Grecis
1568 3200 1624 3248 in
1641 3195 1810 3248 hocce

806 3281 1022 3349 negotio
1063 3296 1384 3350 magnopere
1424 3276 1767 3347 frequentatis
1792 3296 1804 3325 ε

804 3356 1019 3426 ἱγκρίνυν
1062 3359 1141 3410 καὶ
1183 3359 1402 3427 δημίων.
1446 3355 1811 3409 Conficiebant

806 3436 1143 3490 Alexandrini
1166 3437 1240 3489 illi
1263 3436 1585 3506 grammatici
1609 3432 1808 3485 indices

804 3518 1120 3586 scriptorum
1134 3514 1389 3584 (canonas
1404 3509 1807 3583 appellabimus,

806 3611 914 3665 qno
951 3592 1157 3644 facilior
1193 3593 1259 3643 sit
1295 3589 1533 3662 ejusdem
1562 3590 1638 3640 rei
1669 3590 1808 3640 circa

800 3671 966 3724 libros
988 3686 1164 3720 sacros
1173 3673 1283 3741 Jam
1297 3670 1519 3738 cognitae
1532 3684 1808 3739 compara-

803 3751 903 3822 tio)
913 3752 1004 3822 qui
1016 3749 1115 3819 legi
1126 3750 1457 3820 potissimum
1467 3759 1804 3812 mererentur,

802 3848 912 3902 quo
931 3829 1073 3880 facto
1097 3828 1339 3880 canonici
1362 3818 1751 3897 isti'scriptores
1775 3843 1806 3877 a

800 3921 1106 3961 ceterorum
1126 3905 1277 3957 turba
1292 3908 1363 3956 ita
1379 3903 1803 3974 segregabantur,

799 4001 861 4041 ut
891 3993 1002 4061 jam
1037 4006 1185 4058 paene
1222 3987 1321 4037 soli
1358 3986 1627 4058 scripsisse
1659 3983 1803 4035 vide-

798 4080 997 4132 rentur,
1018 4068 1212 4136 quique
1232 4068 1285 4116 in
1304 4082 1579 4116 numerum
1598 4080 1707 4114 non
1725 4081 1804 4115 es-

1901 1232 1984 1284 vel
2018 1250 2135 1284 eam
2165 1234 2334 1304 ipsam
2369 1232 2439 1284 ob
2471 1251 2685 1285 causam
2716 1251 2906 1303 magna

1903 1328 2029 1362 sane
2044 1328 2106 1362 ex
2121 1325 2268 1382 parte
2284 1312 2656 1364 interciderint.
2678 1314 2906 1366 Omnem

1901 1386 2044 1440 hunc
2069 1387 2246 1440 locum
2275 1392 2365 1460 qui
2391 1389 2562 1461 probe
2585 1407 2906 1460 cognoscere

1902 1468 2074 1536 cupit,
2095 1485 2286 1537 magno
2306 1486 2428 1519 cum
2450 1470 2623 1521 fructu
2645 1468 2778 1539 leget
2795 1468 2907 1519 dis-

1900 1548 2229 1617 putationem
2265 1546 2565 1599 Ruhnkenii
2605 1548 2725 1598 loco
2766 1547 2906 1599 indi-

1902 1637 2051 1688 cato,
2095 1623 2230 1675 adde
2266 1624 2521 1676 Wolfium
2560 1629 2614 1678 in
2655 1625 2906 1695 Prolego-

1901 1704 2067 1761 menis
2096 1704 2414 1771 Homericis,
2441 1723 2494 1776 p.
2525 1706 2674 1757 CXC.
2709 1707 2906 1757 Lucem

1903 1794 2085 1833 nostro
2110 1781 2231 1833 loco
2261 1784 2516 1835 ministrat
2540 1785 2705 1855 ipsius
2732 1785 2902 1852 Quin-

1905 1860 2069 1912 tiliani
2092 1860 2224 1913 alter
2250 1862 2330 1927 X,
2365 1880 2383 1914 1
2407 1901 2424 1929 ,
2452 1862 2537 1929 54.
2565 1864 2749 1935 Neque
2773 1868 2904 1917 tanti

1905 1951 2001 2004 est,
2026 1938 2173 2010 quod
2192 1939 2319 1991 olim
2336 1959 2421 1993 me
2440 1940 2509 1993 ab
2527 1941 2628 1995 hac
2647 1946 2905 2015 interpre—

1905 2019 2103 2069 tatione
2153 2017 2450 2086 avertebat,
2494 2020 2640 2091 quod
2680 2021 2905 2094 redigere

1905 2096 1960 2146 in
1989 2095 2220 2147 ordinem
2250 2097 2391 2169 apud
2422 2098 2616 2152 multos
2648 2113 2903 2170 argentee

1903 2178 2066 2227 aetatis
2108 2178 2388 2249 scriptores
2429 2197 2586 2231 sensu
2628 2193 2903 2233 contume-

1902 2253 2036 2306 lioso
2052 2254 2257 2324 legitur.
2279 2258 2404 2328 Ejus
2425 2258 2816 2328 significationis
2830 2262 2906 2313 in-

1903 2334 2048 2402 signe
2082 2347 2162 2386 est
2192 2335 2490 2407 exemplum
2517 2336 2662 2409 apud
2688 2339 2901 2391 Sueton.

1901 2416 2243 2484 Vespasian.,
2274 2433 2320 2466 c.
2359 2413 2455 2468 15:
2492 2438 2515 2461 α
2534 2416 2904 2469 Altercationi-

1911 2489 2052 2543 «bus
2092 2492 2510 2546 insolentissimis
2543 2510 2692 2566 poene
2729 2495 2783 2546 in
2819 2513 2905 2546 on-

1909 2594 1931 2618 «
1952 2571 2126 2624 dinem
2156 2573 2401 2628 redactus.
2423 2600 2445 2624 ιι
2484 2578 2709 2629 Locutio
2739 2580 2904 2650 petita

1901 2649 2106 2703 videtur
2128 2670 2159 2704 a
2181 2650 2458 2725 disciplina
2483 2654 2718 2722 militari,
2739 2674 2903 2727 quum

1901 2732 1977 2796 is,
2004 2733 2093 2800 qui
2117 2734 2355 2784 centurio
2379 2733 2480 2785 fuit
2509 2748 2599 2786 aut
2627 2734 2926 2800 nibunus„

1902 2809 1957 2859 in
2003 2807 2238 2861 ordinem
2278 2814 2635 2881 gregariorum
2679 2812 2903 2865 militum

1900 2884 2077 2938 denuo
2106 2890 2327 2958 cogitur.
2352 2890 2471 2943 Vid.
2498 2894 2710 2944 Festum
2737 2895 2792 2945 in
2814 2910 2901 2942 or-

1899 2964 2157 3029 dinarius,
2177 2967 2356 3039 ibique
2374 2971 2747 3042 Dacerium,p.
2770 2971 2829 3024 31
2842 2989 2870 3023 2
2884 3009 2902 3036 ,

1909 3044 2000 3110 13,
2033 3043 2110 3110 14.
2146 3046 2244 3096 Pro
2277 3065 2342 3097 eo
2375 3049 2549 3099 Livius
2580 3049 2691 3101 fere
2727 3068 2902 3123 cogere

1900 3121 1956 3172 in
1979 3121 2209 3174 ordinem
2239 3123 2397 3192 dicit,
2424 3144 2577 3196 quem
2606 3129 2898 3179 Priscianus

1898 3200 1933 3251 l.
1961 3202 2151 3266 XVIII,
2177 3221 2231 3273 p.
2263 3204 2473 3256 Putsch.
2511 3206 2644 3276 1173
2677 3206 2901 3279 redigere

1899 3277 1954 3328 in
1974 3277 2082 3328 ord.
2101 3282 2367 3351 scripsisse
2380 3281 2415 3333 l.
2434 3284 2578 3335 XXX
2592 3282 2697 3336 hoc
2713 3302 2898 3351 sensu,

1898 3370 2104 3419 narrat3
2141 3358 2234 3410 sed
2267 3360 2404 3412 falso
2437 3361 2538 3413 ille.
2578 3362 2723 3415 Nihil
2758 3366 2899 3416 enim

1896 3436 2157 3507 ejusmodi
2171 3440 2226 3490 in
2240 3452 2354 3490 toto
2369 3458 2433 3492 eo
2444 3442 2573 3492 Livii
2587 3440 2739 3493 libro.
2753 3441 2900 3511 (Obi-

1898 3526 1977 3565 ter
2011 3513 2097 3566 hie
2133 3533 2347 3570 monere
2384 3517 2569 3584 liceat,
2605 3518 2801 3572 ibidem
2841 3523 2897 3573 in

1896 3593 2192 3658 PriscianO,
2224 3612 2324 3665 pro
2348 3595 2690 3666 pmbabilibus
2712 3609 2762 3649 et
2790 3599 2898 3650 uti-

1896 3668 2098 3722 [issimis
2105 3709 2123 3735 ‚
2149 3670 2433 3742 legendum
2453 3692 2565 3727 esse
2584 3677 2727 3747 prob.
2750 3687 2802 3728 et
2819 3678 2899 3728 vi-

1896 3745 2150 3818 lissimis.)
2191 3752 2357 3802 Etiam
2400 3754 2647 3820 omnino,
2690 3757 2746 3806 in
2784 3757 2898 3807 istis

1894 3827 2109 3879 omnino
2159 3831 2466 3896 exemerint,
2515 3850 2623 3904 qno
2674 3837 2897 3887 maxime

1892 3906 2116 3973 nitebar,
2148 3926 2271 3960 cum
2308 3910 2411 3962 red.
2447 3912 2500 3962 in
2529 3911 2639 3965 ord.
2670 3912 2736 3966 de
2764 3933 2897 3969 con-

1892 3985 2108 4037 tumelia
2141 3988 2548 4061 interpretabar,
2580 4003 2640 4043 ut
2679 3992 2897 4045 omnino

1889 4080 1966 4116 ex.
1995 4078 2132 4115 esset
2163 4067 2318 4117 etiam
2346 4071 2554 4137 gravior
2578 4069 2898 4140 praecedenti

798 4157 916 4197 sent
938 4143 1115 4210 relati,
1140 4142 1295 4213 vulgo
1321 4141 1723 4213 negligerentur,
1747 4154 1799 4195 et
1888 4142 2075 4212 injuria
2092 4182 2108 4207 ,
2142 4146 2299 4197 etiam
2327 4144 2431 4197 ltoc
2447 4184 2463 4212 ,
2496 4149 2743 4219 inquam,
2770 4168 2898 4221 per·-
