3200 5150
598 477 1252 549 INSTITUTIONIS
1287 476 1543 544 ORAT.
1582 478 1746 543 LIB.
1787 477 1919 560 111,
1957 480 2020 547 6.

2227 480 2375 564 45ῑ

276 631 400 698 tes»,
424 606 702 680 interim
727 606 818 678 ad
841 630 959 694 ea,
989 629 1144 703 quae
1172 623 1335 675 sunt
1363 603 1779 701 potentiora,
1810 603 2107 702 gradum
2138 630 2222 678 ex
2252 605 2361 679 his

278 723 509 796 fecisse
539 720 867 794 contenti.
901 717 1210 817 Simplex
1233 738 1467 789 autem
1499 742 1708 789 causa
1739 718 2006 790 etiamsi
2028 721 2210 793 varie
2240 721 2365 793 de-
2432 751 2468 803 9

279 838 601 929 fenditur‚
638 864 784 909 non
823 854 1046 934 potest
1075 832 1331 904 habere
1364 829 1523 931 plus
1551 859 1734 923 uno,
1770 832 1857 906 de
1878 860 2022 933 quo
2055 861 2370 934 pronun-

279 952 492 1026 cietur
511 983 529 1042 3
559 973 765 1051 atque
795 949 958 1021 inde
989 948 1117 1020 erit
1135 963 1342 1020 status
1364 972 1585 1021 causoe
1599 1005 1622 1035 ,
1648 947 1840 1048 quod
1866 969 1932 1021 et
1954 969 2180 1021 orator
2201 977 2375 1049 prae-

282 1068 481 1167 cipue
507 1066 642 1139 sibi
667 1063 1138 1140 obtinendum
1161 1076 1210 1151 ¹,
1240 1083 1308 1135 et
1324 1063 1542 1164 judex
1575 1064 2034 1162 spectandum
2070 1067 2373 1137 maxime

285 1181 640 1280 intelligit;
675 1181 750 1251 in
784 1179 916 1251 hoc
947 1178 1139 1251 enim
1173 1204 1381 1250 causa
1409 1178 1750 1251 consistet.
1780 1181 2125 1252 Caeterum
2156 1208 2379 1280 quaes-
2418 1217 2481 1252 ιο

284 1294 556 1370 tionum
588 1315 880 1395 possunt
906 1322 1050 1367 esse
1076 1293 1363 1383 diversi,
1401 1293 1593 1393 quod
1625 1315 1700 1366 ut
1727 1294 2130 1368 brevissimo
2154 1318 2383 1398 pateat

289 1410 637 1510 exemplo:
661 1436 888 1510 quum
914 1407 1081 1481 dicit
1098 1435 1286 1499 reus,
1312 1412 1381 1481 E
1384 1413 1607 1481 tiamsi
1607 1410 1761 1508 βοὶ
1768 1467 1789 1497 ,
1816 1411 2185 1512 recteseci;
2214 1439 2387 1512 qua-

286 1526 490 1600 litatis
518 1523 735 1599 utitur
761 1544 975 1597 statu:
1003 1552 1230 1624 quum
1264 1523 1567 1625 adjicit²,
1590 1526 1709 1597 sed
1736 1552 1875 1598 non
1887 1527 2069 1625 feci,
2103 1527 2386 1628 conjec-

293 1740 361 1793 nd
395 1735 704 1811 confidimus
717 1758 736 1798 ,·
760 1736 1063 1807 designatur
1085 1744 1295 1806 tempus

294 1819 508 1893 quando
528 1819 844 1870 omittuntur
859 1815 969 1868 hnc
981 1854 999 1881 ,
1017 1828 1129 1867 tum
1151 1816 1301 1867 nimi-

294 1917 410 1951 rum
427 1915 590 1970 quum
603 1900 717 1967 jam
737 1904 954 1946 tractata
971 1904 1107 1946 sunt.
1135 1893 1300 1945 Omit-

294 1987 477 2031 tuntur
503 1986 682 2026 autem
711 1991 823 2026 non
858 1972 1032 2024 solum
1065 1989 1160 2038 ea,
1187 1989 1302 2043 quae

297 2075 363 2109 ne
399 2066 684 2105 tractamus
722 2049 936 2122 quidem
955 2089 973 2117 ,
1010 2049 1104 2102 sed
1146 2051 1306 2101 etiam

296 2154 411 2207 quie
432 2171 450 2200 .,
487 2132 699 2184 tractari
733 2141 941 2202 coepte,
975 2149 1084 2181 non
1123 2148 1305 2203 perse-

300 2215 525 2286 quimur.
541 2209 677 2263 Vide
700 2209 909 2261 initium
931 2221 1087 2261 notae.

373 2310 419 2344 r.
447 2288 817 2344 Obtinendum.
844 2286 1021 2342 Gueif.
1048 2304 1311 2360 opponen-

299 2372 453 2435 dum,
471 2388 593 2422 cum
610 2371 804 2420 Joann.
820 2370 977 2420 Voce.
1006 2382 1051 2433 1,
1071 2366 1106 2418 3
1119 2404 1135 2431 ,
1151 2378 1203 2418 et
1222 2363 1305 2417 ed.

300 2463 485 2523 praeter
522 2448 637 2500 aliis
682 2460 999 2499 memoratas
1044 2447 1198 2498 Tarv,
1245 2443 1313 2513 (a

300 2532 444 2584 Jens.
475 2526 781 2594 deficiente,
804 2524 925 2579 vide
955 2527 1004 2595 S.
1030 2524 1093 2592 6,
1117 2524 1313 2575 ducen-

302 2607 465 2680 dum)
499 2607 661 2660 Goth.
696 2626 820 2657 cum
850 2610 1005 2659 Voss.
1050 2623 1078 2657 2
1117 2601 1313 2674 (solito

302 2687 496 2740 horum
542 2685 842 2756 consensu)
879 2682 1280 2756 proponendum
1296 2720 1313 2746 ‚

305 2783 465 2837 quam
485 2765 797 2834 scripturam
817 2780 998 2832 margo
1018 2760 1242 2833 Gryphii
1261 2772 1314 2812 et

305 2847 481 2898 Burm.
507 2854 728 2894 monent
751 2859 866 2893 esse
891 2842 1048 2893 etiam
1076 2842 1130 2890 in
1152 2838 1315 2890 Valle

305 2923 462 2977 libro.
490 2923 676 2986 Hunc,
705 2921 796 2991 qui
824 2920 917 2984 sit,
947 2916 1188 2969 nondum
1214 2915 1316 2968 ha-

306 3004 413 3056 beo
433 3011 790 3071 compertum,
809 3014 972 3068 quum
992 2994 1211 3060 Badius,
1229 3011 1320 3046 cn-

303 3087 394 3155 jus
417 3078 548 3133 cod.
568 3076 868 3130 Vallensem
891 3075 1043 3142 novi,
1068 3077 1181 3145 ejus
1205 3072 1321 3125 nul-

307 3162 417 3213 lam
439 3157 635 3211 habeat
656 3155 711 3208 h.
739 3154 775 3208 l.
799 3156 1141 3208 mentionem.
1163 3153 1320 3223 Equi-

303 3240 431 3293 dem
440 3255 614 3290 veram
623 3236 862 3288 existimo
871 3246 1319 3306 receptam,quam

205 3375 210 3378 ,
305 3337 425 3372 esse
462 3319 517 3369 in
553 3315 690 3369 Alm.
718 3314 895 3365 'hu-ic.
934 3311 1083 3364 Bodl.
1119 3310 1225 3363 nal.
1265 3323 1318 3363 et

311 3399 518 3469 aliquot
559 3408 812 3468 praeterea
828 3431 844 3460 ,
890 3411 953 3444 ex
1001 3409 1184 3444 eorum
1226 3393 1318 3461 qui

309 3476 654 3529 contulerunt
676 3474 884 3527 silentio
908 3484 1051 3525 recte
1069 3469 1318 3541 colligere

313 3553 444 3606 mihi
473 3553 671 3605 videor.
709 3551 844 3605 Edd.
882 3550 1083 3622 aliquot
1114 3564 1318 3602 veteres

314 3631 657 3704 optinendum
688 3631 976 3703 praeferunt
1004 3628 1152 3700 (vide
1179 3630 1235 3695 1,
1266 3646 1317 3699 7,

311 3712 391 3784 7),
405 3724 470 3762 ut
483 3712 625 3761 ἔειπε.
643 3711 770 3761 Loe.
782 3713 967 3762 Venet.
988 3708 1117 3761 Inde
1137 3721 1320 3760 natum

309 3792 561 3865 suspicor
578 3807 806 3841 errorem
826 3789 1157 3841 librariorum
1174 3807 1320 3840 com-

311 3868 572 3944 pendium
585 3870 639 3919 in
654 3865 821 3919 codd.
842 3870 977 3933 suis,
990 3867 1084 3919 ubi
1098 3886 1137 3939 p
1154 3880 1319 3933 esset,

315 3968 432 4001 non
454 3948 485 3999 b
498 3985 515 4013 ,
536 3944 674 3998 male
696 3946 1169 4015 interpretantium.
1192 3946 1319 3997 Pro-

317 4025 654 4099 ponendum,
680 4021 826 4094 quod
852 4023 1086 4075 Gesnero
1112 4022 1321 4094 placet,

315 4123 520 4158 meram
537 4116 671 4176 puto
689 4103 1071 4155 correctionem
1083 4138 1099 4167 ,
1117 4119 1148 4152 e
1165 4100 1322 4152 libra-

317 4185 386 4233 rii
406 4185 619 4253 ingenio
641 4181 934 4253 profectam
950 4219 966 4244 ‚
987 4197 1160 4251 prave
1179 4177 1321 4231 illius

1385 1738 1655 1807 scriptum
1679 1737 2064 1809 opponendum.
2102 1739 2392 1811 Propositt'o

1387 1827 1496 1867 tam
1528 1814 1633 1867 late
1667 1833 1775 1867 non
1807 1827 1983 1887 patet,
2013 1835 2173 1888 qnam
2201 1820 2394 1870 Noster

1390 1894 1457 1947 de
1480 1893 1735 1946 industria
1761 1907 1975 1962 tractat,
2003 1894 2038 1947 l.
2064 1899 2151 1962 lv,
2176 1916 2223 1947 c.
2250 1896 2300 1963 4.
2325 1926 2398 1936 -

1390 1972 1568 2024 Turic.
1596 1973 1709 2044 ipse
1732 1972 1827 2043 (ex
1852 1973 1941 2024 alt.
1968 1973 2124 2045 coll.)
2157 1974 2399 2045 optinen-

1394 2051 1539 2103 dum.
1561 2053 1707 2102 -Β,
1737 2067 1756 2101 1
1784 2064 1837 2104 et
1856 2053 2016 2104 Cntr.
2043 2051 2397 2103 obtinendum.

1394 2128 1502 2183 RB.
1532 2147 1589 2195 2,
1618 2128 1678 2196 5,
1702 2131 2088 2202 opponendum.
2114 2132 2207 2183 Eu.

1470 2227 1517 2262 2.
1559 2208 1788 2282 Atijict‘t,
1826 2210 1914 2262 sed
1950 2229 2073 2262 non.
2111 2213 2191 2263 lta
2226 2210 2402 2265 Guelf.

1396 2307 1519 2341 cum
1559 2307 1797 2341 mearum
1836 2288 1955 2342 edd.
1997 2289 2151 2343 Basil.
2192 2302 2244 2343 et
2275 2289 2407 2344 Obr.

1400 2366 1561 2440 plane
1593 2367 1671 2419 sic
1697 2365 1947 2419 dantibus
1976 2367 2187 2437 locum,
2218 2369 2410 2440 quibus

1403 2448 1578 2499 Burm.
1601 2444 1748 2498 addit
1767 2445 1965 2519 Gryph.
1988 2446 2220 2518 (Sebast.
2241 2448 2408 2519 Lugd.

1411 2526 1572 2593 1536,
1599 2543 1762 2598 quum
1786 2525 1927 2579 idem
1958 2525 2090 2594 1544
2115 2526 2206 2579 det
2226 2546 2413 2600 recep-
2468 2560 2474 2566 ·

1405 2620 1514 2658 tam
1539 2607 1914 2679 recentiorum)
1939 2620 1990 2661 et
2013 2607 2184 2660 Colin.
2209 2608 2290 2660 De
2318 2607 2415 2659 ad-

1390 2688 1516 2761 jicit
1537 2689 1878 2739 consentiunt
1900 2686 2019 2739 edd.
2047 2685 2211 2738 Andr.
2238 2688 2412 2752 Sich.;

1405 2765 1472 2818 de
1486 2766 1573 2818 sed
1580 2763 1713 2817 Cod.
1728 2767 1877 2816 Ber-n.
1891 2765 1991 2817 Sed
2006 2779 2239 2818 nostram
2255 2770 2416 2840 scrip-

1405 2858 1576 2898 turam
1592 2862 1708 2896 esse
1721 2862 1934 2915 quoque
1948 2846 2188 2896 inTuric.
2212 2858 2263 2897 et
2273 2845 2409 2898 Alm.

1405 2922 1573 2976 codd.
1589 2960 1606 2988 ,
1625 2924 1722 2974 etsi
1741 2935 2071 2994 corruptam,
2092 2922 2247 2975 facile
2268 2924 2415 2977 intel—

1407 3001 1534 3072 liget
1565 3001 1945 3070 unusquisque.
1981 2999 2117 3051 Atm.
2146 2999 2260 3052 haec
2289 3001 2413 3069 dat,

1406 3079 1666 3131 referente
1680 3079 1854 3129 Burm.
1871 3100 1882 3128 :
1900 3095 2065 3149 quum
2082 3098 2132 3130 a.
2147 3079 2275 3130 dicit
2285 3079 2413 3150 (hoe

1406 3160 1781 3229 interpretatur
1817 3157 1991 3209 Burm.
2030 3176 2196 3229 quum
2235 3170 2414 3211 autem

1407 3237 1534 3290 dicit
1545 3258 1564 3299 ,-
1589 3236 1725 3288 falso
1748 3234 1865 3302 ille,
1888 3249 1948 3288 ut
1970 3255 2093 3288 mox
2116 3238 2413 3311 apparebit)

1406 3320 1449 3372 si
1494 3337 1601 3371 non
1632 3317 1761 3389 feci.
1800 3320 1844 3370 Ε
1882 3319 2058 3369 Turio.
2100 3317 2212 3371 haec
2253 3321 2413 3373 refert

1406 3395 1804 3467 Sulzbergerus:
1840 3413 2006 3467 quum
2038 3396 2199 3447 adicit
2227 3398 2271 3450 si
2301 3416 2411 3450 non

1395 3474 1539 3547 feci,
1579 3473 1674 3527 sed
1709 3475 1827 3526 voci
1865 3474 1909 3526 si
1943 3476 2411 3548 superimpositum

1369 3571 1372 3574 ·
1407 3566 1487 3605 est
1514 3552 1599 3605 sed
1608 3575 1628 3614 ‚·
1654 3570 1720 3604 an
1746 3552 1813 3603 ab
1838 3552 1937 3604 alia
1961 3570 2150 3621 manu,
2177 3573 2287 3607 non
2310 3555 2411 3606 do·

1406 3650 1602 3686 cemur.
1648 3631 1810 3684 Vides
1869 3635 2059 3685 mirum
2111 3634 2410 3686 Turicensis

1408 3731 1530 3766 cum
1567 3711 2028 3765 Almeloveeniano
2061 3731 2409 3780 consensum,

1409 3790 1476 3843 de
1501 3809 1636 3861 quo,
1660 3804 1847 3862 praeter
1870 3790 2033 3843 multa
2058 3793 2113 3842 in
2136 3795 2412 3863 superiori-

1409 3869 1510 3921 bus
1535 3868 1799 3941 exempla,
1823 3871 1951 3922 item
1973 3867 2092 3921 vide
2111 3870 2159 3937 S.
2183 3869 2244 3938 5,
2263 3872 2409 3926 insis-

1409 3945 1503 4007 t'it‚·
1526 3949 1574 4014 s.
1601 3946 1662 4013 6,
1686 3957 1737 3998 et
1763 3946 1859 3999 hoc
1886 3945 2016 4009 1ev.;
2044 3949 2145 4015 ΙΙΙ,
2174 3949 2240 4018 4,
2272 3950 2336 4016 3,
2361 3962 2415 4003 et

1405 4025 1544 4098 plur.
1573 4024 1680 4086 al.‚·
1704 4027 1801 4092 111,
1825 4023 1887 4092 5,
1918 4042 2009 4093 10,
2039 4027 2092 4077 in
2117 4038 2293 4100 quoest.
2322 4048 2410 4081 ve-

1408 4105 1492 4156 nit
1507 4100 1685 4175 «ραις
1704 4106 1799 4171 ΙΙΙ,
1820 4103 1878 4172 5,
1907 4123 1996 4174 12,
2020 4122 2184 4158 non...
2208 4117 2269 4157 ut
2290 4107 2408 4162 illis.

1408 4185 1595 4253 Neque
1616 4186 1729 4255 jam
1751 4182 2017 4238 dubitabis
2037 4187 2167 4257 quin
2193 4199 2246 4241 et
2270 4185 2407 4242 Alm.

2041 4289 2122 4342 ²9·
