3200 5150
792 517 916 582 ¹70

1357 493 1451 556 M.
1490 491 1718 556 FABII
1756 488 2317 575 QUINTILIANI

785 614 1029 715 (quasi
1057 639 1215 687 vero
1239 640 1389 687 non
1415 615 1751 688 omnibus
1774 613 2196 687 animalibus
2224 613 2472 687 eadem
2501 615 2695 715 origo
2715 672 2734 705 ,
2771 638 2893 690 aut

783 731 884 802 illi
906 730 1114 830 primi
1133 731 1458 804 mortales
1478 752 1636 805 ante
1656 752 1919 803 nomen
1938 729 2399 829 imposuerint
2414 751 2606 804 terrae
2628 746 2647 777 ¹
2673 758 2893 831 quam

680 862 748 917 35
787 846 962 943 sibi)
992 868 1059 918 et
1079 846 1331 918 υεῑνὸιι2
1363 846 1454 918 ab
1477 874 1632 918 aere
1660 845 2058 918 verberato?
2084 848 2503 943 Pergamus:
2535 847 2632 919 sic
2655 873 2896 945 perve-

786 962 1066 1035 niemus
1092 988 1401 1061 eousque
1420 1019 1439 1052 ,
1467 983 1544 1033 ut
1564 961 1789 1050 stella,
1827 960 2125 1033 luminis·
2143 960 2323 1033 stilla
2341 958 2370 1005 ³
2396 959 2751 1052 credatur,
2778 990 2895 1033 cu·

775 1077 896 1179 jus
935 1076 1371 1175 etymologiae
1406 1098 1801 1167 auctorem,
1840 1076 2109 1150 clarum
2140 1102 2305 1147 sane
2341 1075 2414 1147 in
2444 1074 2721 1166 litteriS,
2769 1102 2895 1147 no-

784 1192 1056 1264 minare
1081 1219 1163 1263 ea
1186 1214 1378 1290 parte
1396 1250 1415 1283 ,
1452 1220 1594 1292 qua
1618 1220 1659 1265 a
1686 1220 1803 1264 me
1826 1190 2379 1291 reprehenditur,
2413 1191 2895 1263 inhumanum

675 1324 746 1378 36
785 1328 885 1380 est
901 1306 954 1378 4.
994 1307 1138 1398 Qui
1171 1334 1331 1379 vero
1365 1307 1526 1381 talia
1558 1306 1751 1380 libris
1785 1304 2130 1407 complexi
2157 1305 2186 1351 ⁵
2220 1326 2419 1396 sunt,
2451 1305 2744 1378 nomina
2771 1333 2898 1378 sua

782 1422 914 1522 ipsi
956 1421 1490 1522 inscripserunt,
1550 1423 2052 1523 ingenioseque
2094 1421 2227 1493 sibi
2262 1418 2503 1493 'visus⁶
2542 1441 2645 1493 est
2685 1421 2895 1493 Caius

779 1613 836 1663 in
860 1629 951 1663 ore
969 1606 1249 1663 hominum
1265 1625 1533 1664 versatum
1550 1611 1659 1664 hoe
1678 1624 1794 1685 ety—

778 1709 906 1743 mon
925 1689 1146 1761 (legitur
1164 1694 1323 1744 etiam
1342 1691 1488 1764 apud
1503 1692 1794 1758 Isidorum,

776 1786 832 1841 p.
858 1769 1104 1821 Gothofr.
1139 1770 1332 1843 1089),
1361 1785 1415 1823 et
1439 1773 1794 1823 recentiorum

778 1867 894 1901 esse
918 1868 1081 1916 error,
1107 1869 1136 1901 a
1159 1854 1398 1903 Varrone
1420 1853 1790 1923 repetentium.

778 1929 896 1980 Jam
936 1931 1026 1999 qui
1057 1933 1384 2001 reputaverit
1413 1951 1596 2004 parem
1630 1933 1794 1982 ratio-

779 2024 900 2059 nem
930 2008 984 2058 in
1013 2008 1275 2060 Hebraico
1305 2008 1479 2060 Adam
1495 2049 1513 2075 ‚
1548 2009 1790 2074 Adama,

779 2086 1171 2157 contuleritque
1185 2088 1501 2140 Hebraicum
1516 2088 1659 2154 dam,
1678 2104 1795 2141 san-

779 2167 896 2233 guis
909 2202 925 2229 ,
945 2167 1001 2216 in
1021 2183 1129 2235 quo
1149 2166 1330 2218 itidem
1343 2205 1359 2232 ,
1381 2168 1536 2217 sicuti
1555 2168 1610 2218 in
1628 2179 1762 2218 terra
1775 2205 1792 2234 ‚

779 2242 971 2293 adama
990 2280 1008 2307 ,
1056 2257 1137 2294 est
1181 2244 1394 2295 ruboris
1439 2244 1752 2314 significatio
1775 2283 1792 2312 ‚

777 2334 879 2391 pro
902 2336 1116 2391 quoque
1137 2320 1282 2392 apud
1295 2322 1508 2374 Groeeos
1530 2324 1795 2375 invenitur

779 2391 906 2463 ιιῖμιι
918 2437 936 2465 ,
959 2400 1113 2452 simili
1132 2402 1357 2454 fortasse
1376 2402 1667 2455 litterarum
1687 2403 1724 2454 d
1741 2415 1795 2455 et

780 2479 814 2529 h
834 2484 1252 2551 permutatione,
1274 2500 1381 2552 quo
1403 2482 1626 2547 accedit,
1648 2481 1794 2553 quod

779 2575 809 2609 a
833 2554 1000 2623 xer-pa>
1025 2570 1103 2609 est
1127 2557 1272 2611 aliud
1289 2556 1539 2627 χθιμαλδς
1560 2559 1791 2626 humilis,

780 2650 833 2689 et
870 2639 986 2708 ipsa
1021 2631 1175 2701 χθὼ,
1211 2656 1319 2708 quo
1357 2641 1530 2692 minus
1566 2643 1795 2691 otiosam

777 2728 937 2787 putes
953 2714 1178 2767 litteram
1193 2716 1261 2779 ἃς
1284 2719 1376 2788 qui
1389 2717 1502 2770 haec
1514 2756 1532 2784 ‚
1545 2721 1761 2790 inq-uam
1775 2757 1792 2784 ‚

781 2795 959 2845 omnia
985 2811 1164 2844 secum
1189 2798 1535 2865 reputaverit,
1557 2797 1793 2847 contule·

779 2876 953 2944 ritque
977 2871 1295 2945 adjectivum
1316 2875 1601 2938 humanus,
1625 2876 1667 2925 is
1690 2875 1794 2925 for·

780 2967 919 3005 tasse
945 2971 1052 3004 non
1079 2967 1356 3025 tantopere
1384 2952 1693 3005 abhorrebit
1722 2953 1791 3005 ab

777 3032 885 3085 hoc
905 3046 1095 3107 etymo.
1119 3036 1238 3085 Fuit
1257 3032 1369 3086 hoec
1387 3036 1651 3084 variarum
1664 3049 1790 3103 gen-

775 3116 912 3164 tium
938 3115 994 3163 in
1021 3131 1128 3165 una
1161 3133 1217 3164 re
1250 3112 1570 3185 appellanda
1606 3112 1790 3164 similia

777 3191 909 3243 tudo
931 3190 1059 3243 mihi
1077 3191 1438 3244 demonstrata
1461 3211 1492 3243 a
1516 3193 1791 3242 Buttman-

777 3289 850 3322 no
870 3274 935 3322 V.
953 3273 1012 3322 G.
1046 3274 1136 3341 qui
1160 3271 1252 3324 ubi
1278 3291 1370 3324 sua
1397 3272 1466 3323 de
1487 3272 1787 3342 linguarum

779 3352 1101 3418 cognatione
1161 3353 1388 3420 cogitata
1414 3389 1431 3416 ‚
1499 3350 1790 3420 largissima

779 3426 1146 3497 exemplorum
1169 3431 1324 3500 eopia
1343 3431 1521 3481 innixa
1540 3444 1591 3480 et
1614 3445 1793 3499 snper—

779 3508 990 3558 stitioso
1021 3507 1287 3560 Hebraicae
1317 3508 1643 3579 antiquitatis
1678 3517 1791 3557 stu·

780 3585 869 3637 dio
907 3584 1047 3655 (qno
1087 3579 1213 3638 olim
1247 3591 1359 3640 VV.
1394 3590 1508 3639 DD.
1549 3586 1792 3638 solebant

779 3683 896 3718 esse
941 3668 1124 3718 infecti
1167 3680 1219 3719 et
1261 3666 1544 3737 occaecati)
1583 3685 1747 3719 vacua
1775 3707 1791 3734 ‚

778 3761 901 3798 cum
927 3745 1143 3798 eruditis
1165 3749 1658 3818 communicaverit,
1677 3763 1792 3818 gra-

776 3828 905 3878 tiam
928 3827 1153 3878 fortasse
1175 3826 1330 3878 inibit
1354 3826 1421 3878 ab
1445 3829 1508 3878 iis
1524 3866 1541 3893 ‚
1567 3829 1659 3898 qui
1683 3829 1794 3899 opi-

775 3909 1000 3959 nionum
1019 3907 1268 3957 novitatis
1284 3921 1337 3958 et
1352 3909 1679 3978 antiquitatis
1694 3923 1792 3978 pa-

775 3988 905 4037 riter
939 3985 1144 4050 securi,
1167 3987 1438 4039 veritatem
1473 4005 1636 4038 unam
1674 4003 1791 4038 sec-

778 4073 973 4115 tantur.
999 4089 1070 4104 a·-
1091 4064 1374 4117 Hominem
1400 4081 1522 4137 app.
1537 4104 1554 4130 ,
1581 4066 1708 4138 quia
1729 4065 1797 4116 sit

782 4141 942 4194 humo
975 4153 1144 4195 nattes.
1179 4145 1245 4195 Et
1271 4143 1398 4196 huic
1428 4146 1669 4216 opinioni
1700 4142 1795 4195 ad-

781 4221 944 4275 haeret
979 4225 1282 4277 Lactantius
1322 4229 1377 4276 in
1415 4225 1629 4296 opificio
1677 4221 1789 4276 Dei.

1881 1613 2049 1664 Tuan.
2107 1609 2196 1663 Nil
2230 1611 2421 1661 mirum
2442 1631 2456 1661 ε
2511 1611 2635 1680 quia
2672 1610 2898 1681 ipsamet

1883 1691 2143 1761 scriptura
2162 1702 2311 1740 saera
2333 1706 2433 1740 nos
2457 1706 2574 1740 eam
2597 1687 2774 1740 docet.
2801 1690 2895 1740 En.

1960 1785 2004 1819 ι.
2022 1766 2217 1819 Ante...
2240 1777 2440 1818 ωηο.
2457 1784 2617 1839 quam
2630 1767 2741 1818 sibi.
2758 1768 2900 1835 Qua-

1881 1866 1940 1898 re
1968 1845 2259 1911 δπιχθονῦονς
2284 1845 2453 1898 Greci
2478 1845 2723 1897 dixerunt
2738 1848 2765 1897 Ρ
2793 1845 2897 1898 Sed

1883 1939 2069 1978 eontm
2079 1924 2465 1994 Quintilianum
2479 1923 2772 1997 disputare,
2787 1942 2897 1979 non

1883 2006 2088 2058 attinet.
2736 2010 2739 2013 '

1957 2101 2004 2135 2.
2054 2082 2273 2137 Ver'ba...
2319 2082 2538 2134 verbera.
2577 2082 2754 2150 Quam
2788 2082 2899 2133 fre-

1884 2180 2053 2234 quens
2084 2174 2137 2214 et
2170 2165 2361 2215 usitata
2388 2161 2744 2233 grammaticis
2774 2160 2899 2212 fue·

1881 2243 1950 2293 rit
1980 2254 2091 2293 tam
2114 2242 2247 2294 mira
2284 2239 2606 2314 etymologia
2625 2278 2644 2307 ‚
2681 2238 2900 2291 docebit

1881 2322 2104 2373 Vossius
2144 2321 2201 2371 in
2241 2317 2627 2393 Etynologico.
2671 2320 2738 2371 Et
2777 2317 2899 2369 loca

1880 2397 2050 2471 habes
2074 2397 2220 2471 apud
2241 2397 2489 2450 Gothofr.
2507 2435 2525 2463 ‚
2554 2416 2607 2468 p.
2640 2396 2777 2461 826,
2802 2394 2899 2447 ubi

1882 2492 2060 2532 tamen
2085 2496 2209 2531 cum
2228 2478 2331 2530 hac
2348 2490 2530 2530 nostra
2555 2477 2901 2548 conjungitur

1878 2558 2122 2612 versandi
2168 2560 2317 2629 origo
2365 2556 2432 2610 ab
2472 2556 2677 2610 Isidoro
2693 2594 2711 2623 ,
2755 2554 2901 2629 apud

1880 2638 2097 2690 Putsch.
2116 2676 2132 2703 ,
2156 2659 2210 2710 p.
2241 2639 2372 2708 783,
2400 2635 2534 2689 2052
2552 2674 2569 2703 ‚
2598 2636 2753 2706 2307.

1964 2717 2014 2768 3.
2050 2715 2272 2768 Stella...
2307 2714 2509 2767 stilla...
2546 2714 2899 2766 inhumanum

1880 2805 1967 2846 est.
1996 2796 2102 2861 Qui
2126 2809 2314 2865 praeter
2331 2813 2453 2846 eum
2469 2831 2486 2860 ‚
2513 2812 2671 2864 quem
2692 2792 2746 2844 h.
2773 2792 2809 2844 l.
2834 2794 2899 2844 si-

1880 2874 2095 2943 gnificat
2111 2875 2215 2942 Qu.
2229 2914 2246 2940 ‚
2267 2873 2373 2925 hoc
2393 2887 2607 2946 etymon
2627 2872 2898 2944 probaret,

1879 2955 2100 3005 Vossius
2136 2955 2193 3005 in
2230 2952 2594 3026 Etymologico
2633 2953 2901 3004 neminem

1878 3033 2094 3084 invenit.
2130 3031 2210 3085 De
2233 3034 2345 3083 viro
2379 3045 2591 3097 autem,
2624 3049 2785 3102 quem
2815 3034 2899 3083 in-

1878 3110 2138 3163 tellexerit
2155 3112 2257 3179 Qu.
2272 3147 2289 3175 ‚
2304 3113 2614 3182 conjectura
2628 3121 2709 3162 est
2726 3112 2899 3162 incer-

1880 3204 1933 3242 ta
1950 3211 1965 3253 ς
1994 3192 2322 3241 Burmannus
2345 3189 2414 3241 de
2433 3189 2731 3242 Pahemone
2750 3191 2899 3260 cogi·

1879 3281 1971 3323 tat.
1998 3270 2134 3322 Vide
2158 3272 2211 3336 l,
2236 3270 2268 3336 4
2285 3309 2302 3336 ‚
2333 3283 2416 3321 20.

1952 3349 2001 3416 4.
2029 3348 2394 3400 Inhumanum
2415 3357 2502 3399 est.
2537 3347 2802 3416 Cogitanti
2826 3345 2899 3397 de

1881 3429 2173 3480 mutatione
2200 3428 2302 3478 ms
2347 3437 2420 3477 est
2453 3428 2509 3478 in
2554 3436 2677 3478 esset
2716 3424 2902 3475 obstat

1880 3503 2253 3561 Ruhnkenius:
2292 3505 2412 3558 vide
2445 3518 2627 3557 notam
2655 3503 2724 3556 ad
2746 3507 2798 3566 Ι,
2826 3504 2860 3554 6
2878 3543 2901 3570 ,

1882 3605 1933 3657 9.
1960 3590 2138 3639 Fuerit
2161 3600 2337 3638 tamen
2360 3585 2448 3638 hic
2480 3586 2704 3638 fortasse
2726 3586 2899 3654 magis

1880 3667 2097 3721 ferenda
2122 3669 2364 3719 mutatio.

1953 3747 2002 3801 5.
2034 3749 2195 3800 Libris
2217 3745 2489 3818 complexi.
2522 3746 2767 3815 Segi-egat
2792 3743 2903 3795 ho-

1878 3847 1997 3881 rum
2033 3831 2319 3881 vanitatem
2356 3826 2423 3877 ab
2460 3841 2649 3877 eorum
2687 3841 2903 3889 errore,

1884 3909 2077 3980 quibus
2092 3927 2199 3959 una
2216 3921 2269 3960 et
2284 3906 2445 3958 altera
2462 3917 2567 3956 tam
2582 3922 2743 3975 prava
2759 3904 2905 3954 exci-

1884 3979 2018 4038 derit
2043 3985 2360 4059 etymologia
2388 3987 2443 4035 in
2472 4000 2712 4035 sermone
2738 3982 2903 4032 fami—

1884 4065 2024 4132 liari,
2047 4077 2139 4117 aut
2158 4064 2302 4117 aliud
2318 4061 2639 4135 disputando
2656 4063 2710 4112 in
2727 4059 2901 4112 libris.

1954 4145 2004 4196 6.
2040 4143 2147 4197 Sibi
2176 4145 2323 4196 visus.
2366 4142 2539 4195 Guelf.
2577 4143 2769 4191 omittit
2800 4140 2908 4190 sibi

1886 4243 2008 4276 cum
2016 4224 2282 4297 plerisque
2293 4222 2460 4275 codd.
2478 4223 2706 4274 Possunt
2717 4233 2905 4271 tamen
