3200 5150
782 477 803 517 1
820 454 902 521 36
1343 454 1437 515 M.
1476 451 1701 515 FABII
1725 446 2291 535 'QUINTILIANI

764 574 963 673 “quod
984 574 1060 645 fit
1083 599 1206 672 per
1223 573 1678 672 quantitatem
1697 628 1716 661 ,
1742 593 1820 643 ut
1839 598 2170 671 maynum
2186 566 2642 671 peculiolum‚
2668 584 2873 639 erunt

773 689 895 788 qui
927 688 1371 761 soloecismum
1404 709 1686 788 putent3
1722 687 1887 787 quia
1921 714 2045 786 pro
2080 686 2367 758 nomine
2398 683 2665 782 integro
2702 678 2873 780 posi-

770 824 924 875 tum
950 804 1034 874 sit
1058 804 1505 875 diminutum.
1537 805 1687 901 Ego
1713 802 1956 874 dubito
1975 857 1995 890 ‚
2021 829 2112 873 an
2136 815 2155 846 ¹
2185 800 2256 873 id
2283 803 2734 900 improprium
2759 820 2873 894 po-

769 918 907 989 tius
945 917 1335 1018 appellem3
1399 917 1902 1017 significatione
1938 917 2129 989 enim
2175 915 2475 989 deerrat:
2520 912 2872 986 soloecismt'

665 1047 733 1117 47
772 1060 976 1132 porro
998 1047 1025 1077 ²
1064 1034 1310 1106 vitium
1354 1060 1499 1105 non
1532 1055 1640 1105 est
1675 1033 1747 1104 in
1784 1059 1991 1105 sensu
2016 1088 2035 1121 ,
2082 1031 2203 1104 sed
2240 1030 2312 1101 in
2352 1028 2746 1128 complexu.
2786 1027 2869 1097 In

766 1154 1133 1250 participio
1155 1175 1279 1247 per
1304 1176 1550 1248 qenuS,
1576 1170 1645 1220 et
1661 1176 1892 1223 casum
1906 1205 1929 1237 ,
1955 1168 2036 1219 ut
2062 1147 2135 1217 in
2159 1144 2537 1234 vocabulo;
2563 1170 2688 1244 per
2712 1158 2876 1214 tem-

767 1290 983 1364 pora,
1014 1284 1091 1332 ut
1115 1262 1186 1332 in
1210 1263 1457 1351 verbo;
1495 1290 1619 1361 per
1641 1290 2039 1351 numerum,
2079 1280 2158 1333 ut
2178 1260 2253 1332 in
2278 1279 2572 1359 utroque
2592 1312 2611 1345 ,
2645 1281 2877 1356 pecca·

768 1401 903 1449 tur.
943 1380 1336 1449 Pronomen
1371 1404 1653 1476 quoque
1687 1406 1934 1477 qenus,
1970 1402 2369 1463 numerum,
2403 1399 2595 1445 casus
2625 1368 2874 1459 habet,

665 1507 735 1574 48
774 1521 929 1593 quae
968 1494 1209 1565 omnia
1246 1495 1591 1594 recipiunt
1627 1495 2035 1596 hujusmodi
2073 1518 2398 1565 errorem.
2447 1489 2661 1560 Fiunt
2693 1486 2878 1560 sokn-

773 1615 969 1681 oismi
996 1610 1111 1705 (et
1133 1608 1421 1707 quidem
1447 1610 1782 1709 plurimi)
1808 1637 1931 1709 per
1953 1629 2176 1709 partes
2212 1602 2535 1679 orationis
2554 1599 2623 1693 ³3
2659 1601 2779 1674 sed
2802 1599 2876 1672 id

773 1724 1040 1796 tradere
1075 1725 1232 1797 satis
1266 1751 1410 1797 non
1442 1748 1577 1814 est,
1612 1752 1701 1797 ne
1735 1726 1827 1798 ita
1861 1724 2152 1797 demum
2187 1721 2432 1793 vitium
2466 1745 2611 1792 esse
2645 1716 2880 1790 credat.

773 1864 988 1936 puer,
1030 1838 1083 1909 si
1118 1866 1242 1937 pro
1277 1840 1408 1910 alia
1443 1862 1743 1939 ponatur
1779 1840 1949 1930 alia,
1997 1860 2076 1911 ut
2109 1835 2425 1924 verbum,
2466 1834 2591 1906 ubi
2624 1858 2876 1917 nomen

777 1980 920 2024 esse
947 1953 1300 2043 debuerit,
1324 1955 1433 2027 vel
1456 1956 1891 2046 adverbium,
1921 1956 2043 2031 ubi
2064 1981 2483 2057 pronomen,
2508 1972 2577 2023 et
2597 1948 2873 2023 similia.

669 2080 740 2148 49
778 2071 958 2138 Nam
990 2090 1154 2139 sunt
1177 2071 1499 2167 quaedam
1527 2093 1854 2171 cognata,
1879 2092 1975 2143 ut
1999 2071 2276 2159 dicunt,
2320 2068 2391 2140 id
2427 2087 2528 2139 est
2558 2063 2875 2166 ejusdem

777 2183 1091 2282 generis»,
1145 2184 1215 2261 in
1271 2185 1570 2284 quihus,
1628 2187 1750 2286 qui
1793 2188 1926 2259 alia
1970 2186 2236 2287 specie,
2298 2210 2512 2284 quam
2561 2198 2873 2281 oportet,

777 2319 1058 2388 utetur,
1119 2325 1261 2369 non
1321 2301 1558 2373 minus
1581 2361 1600 2391 ,
1659 2330 1872 2401 quam
1921 2303 2070 2402 ipso
2126 2326 2377 2400 genere
2433 2315 2824 2398 permutato
2855 2350 2876 2385 ‚

675 2427 744 2483 50
780 2413 1165 2510 deliquerit.
1205 2417 1387 2487 Nam
1422 2437 1488 2493 et
1522 2446 1613 2493 an
1649 2439 1717 2490 et
1745 2437 1867 2491 aut
1902 2416 2425 2518 conjunctiones
2453 2432 2654 2500 sunt;
2689 2408 2876 2482 male

777 2549 1015 2601 tamen
1061 2528 1436 2629 interroges
1455 2577 1483 2620 ,ν
1520 2532 1672 2622 hic,
1704 2551 1827 2608 aut
1856 2532 2044 2622 itm,
2086 2533 2220 2606 sit?
2256 2551 2323 2603 et
2355 2555 2440 2601 ne
2466 2554 2546 2600 ac
2583 2552 2723 2599 non
2756 2525 2881 2597 ad-

784 2723 810 2746 «
826 2700 965 2749 mica
1000 2699 1309 2769 proferunt,
1358 2716 1419 2752 ut
1456 2715 1535 2754 est
1571 2705 1786 2758 Orestes

782 2800 810 2824 α
829 2779 1303 2847 Agamemnoniu53
1330 2779 1423 2846 sed
1445 2781 1588 2850 quod
1607 2795 1785 2852 patro-

784 2878 810 2902 ιι
830 2858 1093 2928 nymicum
1115 2871 1190 2908 est
1207 2895 1224 2920 ‚
1251 2861 1382 2928 poni
1405 2864 1563 2928 quasi·
1576 2856 1785 2915 moemiv

786 2957 812 2982 α
832 2954 941 2986 non
962 2949 1152 3006 potest.
1182 2959 1204 2982 n
1231 2939 1365 2988 Hinc
1384 2939 1543 3006 igitur
1558 2938 1788 2992 soloecis-

778 3015 853 3065 mi
875 3015 929 3064 in
957 3012 1041 3064 illa
1067 3019 1479 3068 commutatione
1495 3055 1512 3080 .‚
1536 3017 1632 3069 sed
1656 3031 1706 3069 et
1729 3020 1784 3069 in

780 3095 1041 3144 contraria
1058 3132 1074 3156 .,
1099 3113 1161 3146 ex
1182 3109 1369 3147 mente.
1385 3094 1597 3166 quidem
1618 3098 1787 3164 Quin-

780 3171 977 3231 tiliani3
1005 3173 1228 3224 fortasse
1253 3188 1394 3226 extra
1418 3176 1623 3245 poesin.

861 3268 903 3301 1.
929 3250 1149 3314 Dubito,
1175 3270 1263 3303 απ.
1288 3254 1610 3304 Affirmative
1630 3251 1787 3304 dubi-

781 3343 891 3394 tat,
922 3332 965 3380 si
993 3331 1062 3380 ita
1089 3330 1262 3381 dicere
1290 3331 1431 3382 licet.
1455 3334 1614 3403 Resp.
1640 3334 1690 3397 1,
1719 3332 1750 3383 5
1768 3370 1784 3399 ,

772 3425 885 3475 Ἲς),
912 3421 962 3457 et
986 3405 1168 3458 eadem
1194 3408 1261 3459 de
1284 3408 1384 3461 hac
1411 3413 1579 3460 forma
1601 3410 1786 3481 dispu-

776 3497 978 3536 tantem
1026 3482 1112 3534 adi
1131 3522 1148 3550 ‚
1195 3488 1264 3536 sis
1284 3524 1301 3552 ‚
1350 3491 1672 3540 Perizonium
1716 3489 1786 3540 ad

775 3563 977 3616 sanctii
995 3563 1280 3614 Minervam
1301 3586 1355 3636 p.
1384 3584 1405 3617 ι
1422 3568 1498 3618 18.
1520 3569 1692 3620 Locus
1712 3571 1787 3620 in-

778 3643 963 3714 primis
976 3642 1283 3696 manifestus
1300 3645 1443 3716 apud
1452 3648 1633 3699 Senec.
1647 3661 1781 3718 patr.

776 3738 836 3790 p.
853 3720 965 3789 Bip.
986 3736 1117 3788 2722
1145 3742 1166 3766 ι
1188 3721 1321 3775 adeo
1336 3743 1444 3777 non
1466 3740 1542 3777 nst
1562 3725 1784 3778 dubium

783 3817 811 3844 α
831 3816 899 3848 απ
942 3795 1257 3852 heneficium
1298 3823 1408 3857 non
1428 3804 1675 3872 dederit,
1726 3819 1784 3857 ut

786 3895 812 3925 ᾳ
832 3873 1054 3928 dubium
1095 3878 1162 3929 sit
1200 3899 1269 3929 an
1308 3886 1638 3955 accepetit.-
1615 3883 1784 3938 -Sed

780 3952 899 4006 vide
922 3953 992 4007 ud
1011 3956 1088 4020 11,
1118 3972 1208 4028 17,
1233 3959 1282 4012 3.

856 4047 903 4086 2
940 4033 1120 4086 Porro.
1156 4038 1450 4092 introducit
1479 4041 1618 4095 haec
1613 4007 1787 4112 parti-

781 4108 902 4165 cula
934 4127 1330 4184 argumentum,
1374 4138 1536 4190 quare
1571 4133 1698 4174 non
1718 4124 1785 4174 sit

780 4186 1108 4246 solaecismus
1140 4195 1257 4251 talis
1281 4198 1506 4255 locutio.
1539 4201 1784 4256 Similiter

1875 2707 1952 2770 11,
1988 2721 2035 2770 1,
2069 2719 2117 2772 7.
2143 2701 2276 2754 Vide
2299 2698 2520 2752 Tursell.
2552 2696 2635 2750 ed.
2670 2698 2792 2749 Fxn.
2817 2716 2875 2772 p.

1875 2783 2011 2849 681,
2036 2782 2243 2833 etinfra
2269 2780 2336 2832 ad
2359 2782 2434 2843 Π,
2459 2778 2526 2843 3,
2554 2776 2603 2829 5.

1946 2862 1996 2914 3.
2024 2863 2128 2912 Per
2143 2870 2312 2931 partes
2335 2856 2594 2909 emtionis.
2628 2857 2760 2919 Per,
2795 2857 2880 2908 in-

1872 2939 2119 3005 tellectu,
2159 2957 2264 3009 quo
2293 2934 2454 2988 modo
2483 2953 2583 3006 per
2606 2952 2881 3006 eompara-

1875 3020 2035 3070 tiones
2049 3057 2065 3082 ,
2089 3038 2157 3070 ne
2177 3019 2314 3068 forte
2338 3018 2455 3087 quis
2473 3013 2762 3084 intelligat:
2784 3032 2886 3085 por

1873 3096 2127 3170 sinqulas,
2149 3095 2202 3148 h.
2225 3115 2269 3148 e.
2284 3133 2301 3159 ‚
2325 3096 2378 3145 in
2399 3094 2635 3146 omnibus
2646 3092 2880 3163 partibus

1875 3195 1948 3228 or.
1965 3214 1983 3241 ,
2027 3175 2171 3246 quod
2207 3175 2400 3226 docere
2435 3191 2546 3225 non
2583 3171 2840 3225 attinebat
2858 3209 2878 3238 ,

1876 3274 2039 3326 quum
2059 3267 2249 3326 sponte
2270 3254 2606 3305 manifestum
2629 3265 2766 3305 esset
2779 3290 2799 3317 ,
2822 3264 2880 3304 et

1868 3338 1978 3406 jam
2024 3334 2314 3386 monuisset
2352 3335 2545 3385 Noster
2582 3332 2638 3396 1,
2680 3330 2744 3397 5,
2785 3330 2875 3397 41.

1945 3413 1996 3478 4.
2023 3412 2154 3476 Hie,
2181 3421 2274 3462 aut
2293 3410 2400 3461 ille.
2423 3411 2730 3461 Rectissime
2746 3409 2879 3461 Ges-

1873 3510 2031 3543 nems
2061 3490 2300 3543 defendit
2329 3488 2714 3558 Quintilianum
2742 3506 2878 3540 con-

1873 3586 1950 3622 tra
1994 3588 2087 3622 eos
2107 3607 2124 3635 ‚
2175 3572 2267 3640 qui
2306 3587 2569 3622 summum
2609 3568 2877 3620 rhetorem

1874 3648 2205 3719 eundemque
2249 3649 2643 3718 grammaticum
2685 3659 2880 3718 putant

1875 3747 2072 3781 errasse
2099 3731 2151 3778 in
2181 3726 2285 3778 hoc
2316 3741 2614 3799 praecepto‚
2652 3744 2776 3797 quo
2784 3728 2877 3797 ju-

1871 3807 2031 3859 hetin
2048 3806 2312 3877 disjuncta
2327 3807 2613 3876 quaestione
2632 3804 2877 3874 usurpari

1872 3906 1968 3951 an,
1988 3899 2130 3937 vetat
2144 3895 2251 3936 aus.
2271 3885 2411 3935 Loca
2426 3884 2740 3955 scriptorum
2756 3900 2873 3952 quae

1870 3970 1927 4018 in
1945 3965 2265 4016 contrariu-1
2282 3964 2578 4015 afferuntur
2590 3999 2608 4027 ,
2626 3975 2720 4014 aut
2735 3960 2874 4012 nale

1873 4043 2235 4114 intelliguntur
2264 4060 2436 4114 noque
2466 4040 2664 4094 habeut
2694 4057 2871 4092 veram

1872 4122 2283 4194 disjunctionem
2315 4124 2370 4173 in
2412 4120 2697 4191 questione
2715 4156 2734 4184 ‚
2779 4128 2873 4169 aut

1871 4214 2121 4276 corrupta
2138 4213 2262 4254 sunt
2273 4218 2306 4254 a
2322 4198 2544 4254 librariis
2561 4200 2774 4271 ignatis.
2788 4198 2872 4251 De
