3200 5150
818 422 951 528 556

1375 456 1472 522 M.
1517 454 1752 526 meu
1790 452 2349 537 Qnm‘rrmAm

819 596 966 666 tum
987 580 1520 669 affectaverunt,
1550 598 1619 651 et
1648 603 1892 652 earum
1923 577 2268 652 breviores
2292 576 2537 678 utique
2559 603 2942 656 commen-

813 697 1022 782 tarios
1046 709 1093 786 ¹,
1126 723 1343 797 quam
1376 694 1733 799 judicialis
1770 693 2077 770 materiae
2092 707 2154 783 ²,
2185 695 2414 768 facere
2457 693 2936 772 elaborarunt.

704 820 775 896 ⁵9
815 813 965 911 Ego
990 838 1195 912 porro
1222 833 1301 885 ut
1320 811 1658 914 prooemio
1676 809 1879 882 video
1899 836 2048 884 non
2069 809 2310 911 utique
2330 836 2510 912 opus
2527 836 2675 888 esse
2698 838 2938 886 suaso·

813 928 966 1017 riis,
991 948 1273 1029 propter
1295 954 1470 1029 quas
1493 926 1635 1000 dixi
1656 923 1909 1028 supi-21³
1936 952 2179 1000 causas
2194 983 2216 1022 ,
2235 926 2331 1000 ita
2355 954 2482 999 cur
2498 926 2697 1000 initio
2719 927 2942 1002 furio-

813 1068 892 1120 so
916 1044 1004 1115 sit
1021 1041 1589 1131 exclamandum,
1612 1068 1760 1115 non
1781 1040 2132 1141 intelligo;
2153 1069 2379 1143 quum
2400 1041 2755 1144 proposita
2771 1069 2942 1118 con·

815 1157 1186 1231 saltatione
1219 1178 1496 1258 rogatus
1523 1156 1942 1232 sententiam
1961 1213 1983 1247 ,
2015 1158 2074 1230 si
2105 1157 2320 1232 modo
2354 1178 2460 1232 est
2492 1184 2744 1249 sanae,
2785 1185 2940 1234 non

816 1270 1167 1376 quiritet4,
1214 1271 1337 1345 sed
1370 1285 1587 1372 quam
1627 1272 1933 1346 maxime
1972 1292 2197 1373 potest
2230 1270 2461 1346 civili⁵
2501 1294 2570 1346 et
2611 1273 2942 1350 humano

703 1397 776 1451 60
816 1388 1132 1485 ingressu
1153 1386 1405 1460 mereri
1425 1413 1787 1461 assensum
1816 1386 2262 1466 deliberantis
2281 1387 2464 1462 velit.
2488 1385 2676 1462 Cur⁶
2692 1409 2940 1462 autem

814 1522 1084 1576 torrens
1102 1557 1122 1592 ,
1155 1523 1225 1575 et
1256 1502 1499 1604 utique
1526 1502 1883 1603 aequaliter
1899 1518 1926 1565 7
1962 1505 2303 1580 concitata
2328 1504 2512 1582 sitin
2536 1530 2622 1580 ea
2641 1504 2944 1578 dicentis

816 1619 1066 1708 oratio,
1092 1645 1319 1719 quum
1342 1618 1452 1691 vel
1476 1620 1827 1721 praecipue
1858 1621 2415 1696 moderationem
2446 1621 2938 1720 rationemque

817 1734 1107 1808 consilia
1135 1733 1565 1807 desiderent?
1588 1737 1837 1834 Neque
1863 1762 1991 1836 ego
2020 1736 2457 1837 negaverim,
2487 1735 2745 1837 saepius
2770 1736 2944 1808 sub-

817 1849 1038 1926 sidere
1064 1850 1139 1924 in
1164 1848 1644 1924 controversiis
1661 1849 2011 1949 impetum
2027 1849 2057 1899 ⁸
2082 1850 2359 1925 dicendi
2384 1850 2724 1952 prooemio
2739 1907 2761 1942 ,
2779 1877 2941 1924 nar-

895 2053 940 2089 1.
964 2036 1280 2089 Breviooes...
1301 2037 1715 2089 commentarios.
1736 2039 1834 2091 Mi-

815 2136 920 2171 nus
957 2120 1139 2188 scripti
1174 2116 1337 2169 domo
1375 2117 1668 2170 attulerunt
1683 2156 1701 2186 ,
1737 2116 1832 2171 sed

816 2201 1021 2271 impetu
1044 2200 1161 2270 ipso
1186 2198 1306 2250 freti
1325 2198 1393 2250 ad
1414 2198 1700 2251 dicendum
1719 2217 1833 2251 sur-

815 2292 1081 2332 rexerunt.
1107 2276 1262 2350 (Vide
1290 2278 1336 2348 §.
1361 2278 1474 2350 63.)
1497 2280 1832 2332 Com'menta·

814 2360 882 2411 rii
906 2370 1028 2411 sunt
1053 2377 1168 2430 quae
1190 2361 1246 2410 in
1272 2377 1428 2410 usum
1450 2359 1689 2410 futurum
1713 2378 1835 2433 per-

819 2438 1116 2491 scribimus.
1132 2438 1331 2502 videl,
1349 2439 1409 2502 8,
1434 2456 1522 2508 ι9;
1540 2441 1637 2507 111,
1652 2440 1714 2507 6,
1735 2439 1832 2510 593

818 2520 943 2570 item
959 2518 1069 2569 Cic.
1088 2518 1228 2569 Brut.
1241 2554 1259 2584 ‚
1275 2535 1323 2569 c.
1341 2517 1410 2585 44
1426 2532 1552 2571 extr.
1574 2541 1588 2570 ε
1620 2543 1641 2565 κ
1661 2538 1830 2572 non...

826 2621 850 2645 ι
872 2600 1071 2662 oratio,
1098 2596 1247 2650 sed...
1275 2599 1529 2651 orationis
1557 2618 1832 2652 commen-

826 2699 850 2723 ·
868 2679 1076 2729 tarium.
1100 2701 1122 2724 n
1151 2675 1255 2729 Sed
1280 2695 1442 2749 quum
1469 2680 1644 2730 minus
1667 2682 1834 2750 scrip-

818 2770 1029 2821 serunt,
1054 2755 1366 2826 plerumque
1386 2757 1544 2808 etiam
1564 2756 1834 2811 breviores

819 2835 955 2887 fiunt
980 2836 1106 2905 ipsae
1138 2836 1420 2895 orationes.
1447 2832 1613 2905 (Vide
1638 2836 1684 2906 S.
1711 2835 1836 2909 68.)

818 2917 947 2968 Mox
968 2915 1035 2966 ad
1039 2913 1316 2988 judicialis
1333 2925 1459 2966 mat.
1471 2954 1491 2982 ,
1510 2913 1632 2969 vide
1649 2929 1833 2969 notam

820 3009 1151 3066 sequentem.

895 3091 943 3126 2.
976 3073 1253 3126 Judicialfs
1282 3072 1528 3125 materioe.
1567 3073 1745 3129 Guelf.
1779 3088 1834 3127 et

818 3155 1028 3219 Tur-ic„
1067 3150 1247 3225 [cyulis
1277 3172 1347 3205 m.
1365 3192 1383 3219 ‚
1419 3172 1540 3206 cum
1572 3154 1742 3208 Codd.
1778 3168 1833 3207 et

819 3232 945 3285 edd.
973 3246 1094 3284 ante
1117 3232 1244 3284 Bad.
1272 3251 1376 3285 sec.
1404 3236 1534 3286 meis
1564 3234 1829 3289 omnibus.

818 3314 1012 3382 Regius
1047 3314 1309 3382 conjecit,
1340 3310 1483 3383 quod
1519 3311 1712 3365 deinde
1744 3332 1831 3365 re-

816 3405 1035 3464 ceptum
1055 3406 1150 3443 est.
1172 3395 1238 3444 Et
1257 3410 1383 3445 sane
1403 3394 1577 3465 aptius
1591 3393 1825 3457 videtum

816 3490 927 3523 non
955 3490 1142 3542 negem
1169 3484 1348 3524 tamen
1371 3473 1552 3541 Quint.
1585 3471 1706 3542 hic,
1735 3473 1830 3527 ubi

816 3571 928 3605 non
954 3554 1058 3622 agit
1082 3551 1150 3607 de
1174 3551 1423 3617 statibus,
1452 3550 1672 3625 legalem
1697 3565 1824 3606 mat.

814 3633 1057 3702 potuisse
1077 3629 1249 3682 latiori
1267 3643 1533 3702 potestate
1547 3649 1822 3703 usurpare.

813 3709 1045 3762 Silentur
1062 3710 1211 3760 Bern.
1235 3721 1288 3760 et
1305 3707 1415 3761 Bal.
1433 3725 1661 3780 quorum
1675 3710 1830 3778 alter,

815 3791 918 3842 nisi
950 3789 1165 3841 mutilus
1199 3801 1278 3840 est
1311 3787 1364 3841 h.
1395 3787 1430 3839 l.
1456 3787 1665 3841 videtur
1691 3793 1829 3844 tueri

814 3882 1102 3940 receptam.
1148 3866 1350 3940 Leqalt‘s
1391 3868 1655 3919 revocavit
1696 3868 1826 3922 Obr.

818 3967 883 4001 ex
899 3968 995 4000 suo
1017 3948 1259 4019 profecto
1281 3945 1494 4000 Codice.
1518 3946 1576 3998 ld
1596 3949 1752 4001 etiam
1772 3951 1827 4002 in

817 4026 1052 4080 vallensi
1078 4046 1192 4079 esse
1215 4039 1393 4078 narrat
1416 4027 1625 4081 Badius.

891 4107 941 4159 3.
965 4106 1091 4158 Dixi
1110 4126 1280 4179 supra.
1308 4106 1428 4160 scil.
1459 4107 1503 4177 ς.
1531 4108 1582 4160 6.
1609 4092 1689 4161 De
1704 4127 1832 4180 pon-

818 4183 1036 4259 m,2vide
1052 4200 1235 4243 notam
1254 4186 1322 4241 ad
1336 4187 1428 4243 lib.
1450 4190 1586 4256 11,c.
1611 4207 1692 4260 17,
1710 4190 1756 4257 5.
1777 4191 1824 4243 8.

1993 2038 2045 2106 4.
2071 2040 2308 2111 Quiritet.
2333 2037 2431 2093 Ed.
2457 2039 2621 2092 Cim.
2642 2051 2699 2091 et
2716 2038 2782 2091 R.
2813 2055 2863 2104 1,
2884 2042 2942 2091 in

1920 2123 2157 2191 margine
2183 2120 2420 2173 clanim
2440 2137 2506 2172 ex
2525 2117 2725 2190 glom-
2751 2119 2941 2188 Quiri-

1921 2212 2034 2251 tare
2052 2212 2230 2253 autem
2249 2198 2444 2251 dicitur
2457 2199 2501 2251 is
2517 2199 2610 2269 qui
2623 2194 2788 2250 fidem
2805 2198 2941 2267 Qui-

1921 2280 2100 2330 ritium
2123 2278 2358 2331 clamans
2381 2275 2646 2350 implorat.
2678 2279 2775 2329 En.

1994 2358 2045 2411 5.
2074 2358 2246 2412 Civili.
2276 2362 2458 2429 Quum
2486 2357 2653 2410 civilis
2682 2360 2742 2412 in
2773 2376 2939 2429 repu-

1920 2439 2060 2492 blica
2084 2454 2224 2494 esset
2245 2444 2318 2506 is,
2339 2443 2432 2511 qui
2449 2439 2718 2492 neminem
2741 2437 2940 2511 opibuo

1919 2537 2272 2591 praegravare,
2295 2518 2389 2571 sed
2410 2516 2659 2570 omnibus
2679 2516 2942 2588 equalem

1922 2613 1975 2651 et
2019 2617 2360 2672 nequaquam
2402 2597 2526 2671 plus
2568 2615 2731 2669 quam
2771 2597 2937 2650 cive-⁸

1919 2678 2076 2732 vellet
2123 2698 2180 2733 se
2225 2693 2473 2753 praestare
2491 2716 2510 2744 ,
2544 2677 2790 2730 videmus
2824 2680 2938 2748 jam

1920 2758 2284 2829 Quintilianeo
2332 2777 2443 2811 aevo
2495 2757 2940 2828 significationem

1920 2839 2179 2891 comitatis
2216 2837 2430 2893 haesisse
2469 2835 2736 2893 vocabulo
2755 2875 2779 2904 ‚
2822 2854 2937 2908 qun

1921 2937 2066 2973 nunc
2100 2921 2155 2973 in
2190 2917 2568 2988 francogallica
2604 2916 2788 2987 ling-n
2819 2915 2938 2969 soh

1921 3011 2017 3049 est.
2041 2997 2175 3050 Vide
2202 3001 2277 3065 11,
2306 2998 2368 3065 6,
2395 2997 2456 3064 3,
2483 2996 2776 3050 vivacium.
2802 2996 2938 3049 Vide

1921 3076 2249 3131 Thesaurum
2274 3077 2431 3131 Fabri
2451 3097 2485 3129 a
2505 3077 2667 3130 Gesn.
2693 3074 2782 3131 ed.

1993 3158 2042 3210 6.
2074 3159 2180 3212 Cur
2197 3168 2390 3211 autem,
2422 3156 2584 3211 Goth.
2608 3170 2663 3211 et
2684 3160 2844 3209 Voss.
2873 3175 2937 3219 a,

1925 3238 1977 3289 C.
2006 3237 2181 3311 ἐρίων,
2212 3237 2314 3290 soli
2342 3251 2600 3308 quantum
2623 3234 2813 3301 video,
2837 3232 2936 3291 sed

1920 3335 2043 3369 cum
2072 3314 2191 3369 edd.
2223 3329 2346 3369 ante
2369 3316 2492 3369 And.
2517 3333 2622 3368 sec.
2650 3315 2938 3383 omnbus,

1918 3398 2152 3469 exceptis
2173 3398 2326 3449 Tarv.
2362 3393 2424 3464 (a
2448 3396 2593 3448 Jens.
2619 3394 2934 3459 recedente,

1914 3475 2035 3529 vide
2059 3489 2169 3528 not.
2196 3474 2264 3528 ad
2290 3474 2337 3545 §.
2361 3474 2454 3546 39)
2477 3489 2530 3527 et
2553 3473 2673 3526 ΔΜ.
2698 3493 2784 3546 pr.
2807 3476 2934 3528 Non

1917 3568 1997 3609 est
2024 3574 2151 3608 sane
2180 3553 2327 3625 quod
2355 3553 2632 3627 displiceat
2659 3553 2834 3626 igitur.
2861 3582 2935 3594 -—

1916 3636 2022 3691 ΗΒ.
2051 3633 2111 3700 3,
2137 3632 2167 3686 5
2194 3645 2248 3685 et
2268 3633 2463 3697 Catum,
2481 3651 2579 3685 cur
2595 3643 2794 3685 autem·
2817 3632 2928 3684 RR.

1924 3731 1971 3781 ι,
1999 3731 2057 3782 2,
2080 3732 2175 3766 eur
2192 3714 2367 3786 igitur.
2395 3715 2487 3765 Eu.
2977 3774 2984 3785 .

1989 3811 2040 3864 7.
2067 3794 2142 3845 Et
2161 3793 2342 3865 utique
2358 3790 2646 3865 oeqttalt'ter.
2667 3789 2804 3845 Vide
2825 3809 2930 3845 no-

1917 3885 2025 3925 tam
2050 3871 2117 3924 ad
2140 3874 2190 3941 S.
2216 3873 2267 3927 6.

1988 3953 2038 4004 8.
2064 3951 2384 4005 subsidere...
2407 3952 2679 4023 impetum.
2705 3953 2928 4005 Moum-

1915 4030 1971 4083 di
1994 4030 2239 4085 videntur
2261 4034 2458 4084 tirones
2481 4043 2540 4083 ut
2565 4031 2715 4085 verbi
2737 4030 2926 4103 penul·

1917 4113 2097 4162 rimam
2122 4112 2436 4184 corripiant,
2461 4111 2714 4182 quoniam
2743 4112 2798 4163 in
2823 4108 2928 4162 hac

1918 4190 2258 4247 similitudine
2289 4208 2439 4263 aquae
2474 4192 2780 4259 estuantia,
2809 4207 2930 4262 qua
