3200 5150
709 432 1364 510 INSTITUTIONIS
1401 443 1661 509 ORAT.
1703 445 1863 509 LlB.
1904 447 1969 524 1,
2013 448 2073 511 5.

2318 472 2442 541 ¹09

339 568 476 638 sive
512 565 631 638 illa
660 565 965 639 Cornelii
1001 562 1187 637 Galli
1221 584 1357 653 est,
1394 564 1466 636 in
1491 563 1884 636 Pollionem
1919 592 2186 655 casaur,
2222 594 2444 642 assec-

340 700 514 752 tator
537 694 555 725 ¹
581 735 600 769 ,
630 708 668 753 e
688 679 917 752 Gallia
936 678 1228 751 duct-um
1249 700 1387 751 est:
1415 705 1583 750 nam
1607 695 2018 752 mastrucam
2034 736 2054 769 ,
2079 684 2269 781 quod
2286 686 2446 757 Sar-

339 843 468 893 saris
480 853 656 913 partes
671 839 900 893 deseruit
916 858 1055 892 anno
1070 841 1134 892 U.
1149 839 1207 891 C.
1223 838 1345 908 703,

338 931 391 971 et
408 919 682 973 Cornelius
701 919 910 985 Gallus,
928 920 1001 971 M.
1022 920 1241 970 Antonii
1260 916 1348 969 ad·

335 1000 593 1051 versarius
625 1012 846 1069 uterque
860 1035 879 1063 ,
914 1000 1091 1069 potuit
1124 996 1346 1048 maledi-

337 1095 458 1128 cam
471 1078 524 1128 in
534 1076 827 1129 Pollionem
838 1114 856 1142 ,
870 1077 1085 1127 Antonii
1098 1077 1345 1142 amicum,

339 1157 634 1206 orationem
677 1172 1015 1226 componere.
1068 1151 1344 1206 Cornelius

340 1234 555 1305 quidem
575 1234 758 1286 Gallus
772 1271 789 1299 ,
819 1231 1029 1285 celeber
1048 1231 1345 1301 Elegiarnm

336 1313 590 1383 scriptor,
621 1310 724 1382 (de
750 1328 856 1382 quo
886 1314 999 1382 ejus
1024 1330 1184 1382 opere
1208 1312 1346 1362 Nos-

337 1403 418 1442 ter
439 1392 519 1456 X,
551 1406 569 1440 1
592 1428 610 1455 ,
642 1389 764 1461 93.)
786 1393 838 1442 in
864 1407 1021 1461 quem
1044 1403 1122 1442 est
1143 1389 1346 1459 Virgilii

335 1469 535 1541 Ecloga
557 1469 789 1535 decima,
818 1470 1119 1539 frequenter
1140 1486 1345 1519 memo-

336 1562 480 1601 ratus
498 1548 790 1615 veteribus,
813 1551 1085 1621 Propertio
1111 1550 1345 1619 inprimis

337 1628 407 1680 ad
435 1631 586 1699 cujus
614 1628 707 1681 lib.
743 1631 798 1695 I,
831 1628 974 1697 Eleg.
1009 1629 1163 1693 XXI,
1195 1646 1242 1678 v,
1280 1643 1342 1695 7:

336 1708 455 1760 fuse
469 1708 536 1759 de
551 1726 616 1759 eo
632 1722 685 1759 et
699 1705 1102 1777 cognominibus
1113 1743 1130 1771 ,
1151 1708 1241 1775 qui
1254 1724 1347 1757 sae-

336 1805 407 1858 pe
424 1785 841 1851 confunduntur,
862 1786 1079 1856 exponit
1093 1783 1344 1855 Vulpius3

336 1867 628 1917 Antonium
662 1864 731 1916 ad
768 1865 1113 1916 Paraetonium
1128 1899 1145 1927 ,
1188 1864 1344 1933 oppi-

336 1941 466 1997 dum
489 1957 540 1995 et
561 1956 777 2014 portum
800 1940 1001 2014 Libyae,
1028 1939 1346 1992 destruenda

339 2025 452 2091 ejus
484 2021 682 2087 classe,
716 2020 914 2072 afflixit.
949 2021 1051 2072 Dio
1077 2020 1218 2071 Cass.
1249 2020 1345 2085 LI,

336 2117 389 2169 9.
412 2099 672 2153 Labienus
689 2137 707 2166 ,
724 2111 847 2172 post
867 2100 1009 2150 Bruti
1023 2135 1040 2163 ,
1064 2101 1213 2169 cujus
1231 2115 1349 2169 par-

339 2180 471 2230 tium
481 2180 649 2232 fuerat
661 2217 677 2244 ,
692 2190 934 2243 mortem,
942 2175 1145 2228 Parthis
1156 2174 1347 2228 ducem

339 2274 396 2308 se
415 2256 665 2309 exhibens
683 2275 885 2329 perque
905 2254 1121 2326 aliquod
1140 2268 1346 2326 tempus

338 2339 610 2404 negotium
617 2337 883 2389 facessens
892 2334 1176 2406 provinciis
1186 2345 1349 2386 trans·

340 2417 550 2468 marinis
565 2453 583 2480 ,
613 2417 804 2467 virtute
826 2412 1057 2465 Ventidii
1088 2414 1346 2465 extinctus

339 2505 437 2545 est.
461 2492 645 2545 Vellei.
677 2496 754 2559 11,
787 2493 872 2562 78.
905 2492 1189 2543 Inimicitiae
1212 2494 1350 2543 inter

340 2590 462 2624 eum
485 2585 537 2624 et
559 2571 851 2625 Pollionem
881 2572 1236 2625 intercessisse
1268 2573 1348 2624 vi-

340 2650 563 2717 dentur,
597 2670 659 2703 ex
690 2652 930 2704 civilibus
961 2650 1189 2704 dissidiis
1223 2664 1348 2704 ortae

338 2730 591 2790 fortasse,
610 2730 712 2781 vid.
731 2734 908 2784 Nostr.
932 2733 1019 2796 IV,
1047 2747 1065 2782 ι
1083 2769 1101 2797 ,
1130 2747 1217 2794 ιι;
1248 2732 1348 2796 lx,

342 2809 405 2873 3,
435 2807 512 2860 13.
540 2811 580 2859 F
581 2811 881 2861 ontaninius
901 2812 953 2862 in
974 2812 1167 2863 Histor.
1195 2812 1351 2862 Litte-

342 2904 441 2937 rar.
481 2884 802 2956 Aquileiensi
833 2908 887 2959 p.
924 2889 991 2940 32
1005 2925 1021 2954 ,
1058 2889 1350 2941 Labienum

344 2977 615 3016 auctorem
631 3003 647 3031 ,
689 2965 817 3017 dicit
831 3004 848 3032 ,
883 2967 1174 3038 praetulisse
1210 2966 1349 3020 hanc

341 3046 665 3110 orationem,
696 3056 756 3095 ut
782 3048 1043 3117 putaverit
1066 3045 1351 3114 Quintilia-

342 3143 443 3177 nus
461 3123 623 3176 alium
636 3126 905 3197 scripsisse
919 3143 1064 3191 eam,
1080 3124 1241 3177 alium
1255 3143 1352 3177 no-

344 3200 475 3256 men'
494 3206 542 3257 ei
569 3202 793 3258 dedisse.
829 3205 945 3256 Hoc
977 3223 1104 3256 vero
1129 3223 1158 3256 e
1179 3202 1352 3256 verbis

344 3284 449 3352 Qu.
466 3301 576 3334 non
592 3285 772 3354 utique
789 3283 1042 3350 efficitur,
1066 3284 1163 3336 etsi
1176 3295 1353 3354 potest

342 3381 531 3416 eorum
548 3361 666 3415 talis
690 3381 803 3416 esse
827 3381 1029 3415 sensus.
1054 3363 1176 3430 Quo
1201 3378 1353 3430 argu·

345 3453 524 3492 mento
539 3443 758 3493 Vossius
777 3441 844 3493 de
865 3443 1083 3493 Histoi-r.
1100 3441 1241 3492 Latt.
1258 3439 1351 3491 lib.

344 3522 397 3584 I,
429 3538 475 3571 c.
492 3519 600 3585 33,
625 3518 921 3572 Pollionem
938 3519 1035 3571 ‘hic
1055 3518 1354 3588 intelligen-

346 3597 477 3648 dum
500 3616 613 3650 esse
631 3600 689 3649 C.
713 3601 952 3651 Asinium
965 3597 1212 3664 Gallum,
1238 3595 1356 3649 Pol-

347 3675 505 3726 lionis
547 3674 712 3726 filium
727 3714 744 3742 ,
785 3676 1035 3729 decernat
1049 3715 1067 3743 ,
1109 3676 1355 3747 equidem

348 3771 463 3805 non
491 3750 662 3804 video.
693 3755 746 3806 Si
771 3753 1011 3806 Asinium
1041 3754 1357 3827 appellasset

349 3833 453 3900 Qu.
474 3869 491 3897 ,
521 3832 711 3883 ferrem
735 3832 977 3902 equidem
1001 3833 1104 3885 hoc
1120 3871 1137 3900 ,
1171 3852 1355 3904 quam-

349 3929 513 3981 quam
524 3908 610 3962 vel
625 3924 736 3962 tum
750 3925 956 3982 poterat
971 3913 1037 3964 de
1050 3927 1199 3984 patre
1214 3915 1357 3983 cogi-

352 3991 467 4041 tari.
485 3990 726 4042 Fortasse
742 3992 903 4041 movit
914 3993 1159 4043 Vossium
1171 4030 1188 4059 ,
1213 3991 1359 4062 quod

352 4068 513 4140 hujus
537 4069 790 4120 orationis
818 4080 1087 4121 auctorem
1109 4069 1360 4122 credebat

354 4147 648 4203 Labienum
676 4150 915 4205 Historia·
947 4149 1255 4220 scriptorem
1268 4187 1286 4220 ,
1328 4168 1361 4209 ι

1434 841 1687 892 Suetonio
1709 853 1761 893 et
1774 841 1975 894 Seneca
1992 855 2142 914 patre
2160 841 2438 913 (controv.

1433 918 1524 970 lib.
1541 922 1605 971 V.
1623 919 1704 971 vel
1717 922 1785 985 X,
1803 920 2059 992 prooem.)
2075 937 2443 992 memoratum,

1437 999 1526 1068 qui
1545 997 1617 1048 ob
1631 1010 1929 1071 temporum
1943 1002 2175 1053 rationes
2191 1021 2310 1053 cum
2327 1006 2442 1055 Asi-

1433 1078 1524 1128 nio
1538 1089 1688 1148 patre
1703 1095 1810 1128 non
1825 1077 2334 1152 videreturpotuisse
2349 1084 2444 1134 ini-

1432 1157 1655 1207 micitias
1674 1173 1885 1225 gerere3
1910 1157 2004 1209 sed
2030 1159 2300 1228 quomodo
2320 1162 2445 1213 Cor·

1433 1234 1601 1286 n'elius
1635 1234 1815 1287 Gallus
1847 1254 1967 1287 cum
2007 1237 2155 1290 filio?
2185 1240 2444 1310 Equidem

1435 1326 1610 1365 autem
1635 1313 1939 1366 Parthicum
1956 1314 2134 1383 illum,
2159 1319 2364 1388 qualem
2385 1338 2443 1371 se

1434 1395 1547 1464 ipse
1570 1392 1873 1464 appellabat
1892 1394 2024 1464 (Dio
2044 1396 2186 1449 Cass.
2208 1399 2442 1465 XLVIII,

1438 1469 1547 1542 25.)
1560 1473 1738 1543 potius
1754 1471 2039 1541 intelligam
2051 1511 2068 1539 ,
2086 1476 2174 1543 qui
2190 1493 2315 1526 sane
2331 1476 2444 1527 Pol-

1434 1548 1590 1601 lionis
1633 1562 1744 1601 erat
1784 1550 1995 1620 aequalis
2011 1588 2027 1617 ,
2076 1570 2337 1624 quemque
2375 1555 2442 1606 ab

1435 1627 1688 1679 historico
1730 1627 1991 1681 diversum
2028 1644 2171 1682 recte
2213 1633 2448 1703 ostendit'

1433 1709 1652 1759 Vossius
1666 1705 1700 1758 I.
1724 1725 1770 1758 c.
1788 1708 2120 1778 Quamquam
2135 1709 2330 1761 Seneca
2349 1728 2442 1782 pa-

1436 1798 1516 1836 ter
1546 1788 1788 1857 Excerpt.
1828 1787 2008 1837 Contr.
2044 1786 2078 1837 l.
2114 1788 2182 1838 lv
2218 1781 2439 1858 procem.

1434 1862 1684 1929 Labieni,
1715 1864 1951 1916 historici
1975 1883 2133 1931 sane,
2166 1865 2443 1919 dicterium

1434 1944 1489 1993 in
1512 1941 1804 1995 Pollionem
1827 1956 2098 1996 memorat.

1509 2035 1527 2069 1
1541 2059 1552 2070 .
1575 2021 1781 2086 Casuar,
1798 2032 2082 2073 assectator.
2095 2024 2445 2075 posteriorem

1433 2118 1621 2151 vocem
1662 2100 1897 2171 plurimas
1940 2100 2152 2171 quidem
2199 2101 2346 2154 editt.
2391 2117 2446 2155 et
2507 2130 2517 2139 ·

1435 2177 1602 2231 codd.
1644 2180 1716 2231 ita
1741 2178 2021 2247 exhibent,
2056 2199 2219 2251 quum
2242 2181 2447 2253 aliquot

1437 2256 1563 2309 dent
1598 2257 1892 2330 affectator.
1946 2261 2022 2311 Ita
2065 2262 2207 2312 enim
2245 2260 2446 2314 habent

1435 2339 1588 2388 Voss.
1615 2353 1661 2387 2.
1683 2336 1843 2390 Goth.
1864 2336 2000 2408 (tac.
2022 2341 2181 2393 Gesn.
2197 2337 2219 2409 )
2238 2358 2302 2391 ex
2320 2338 2441 2391 edd.

1438 2427 1647 2481 autem,
1680 2434 1790 2468 non
1828 2416 2041 2488 quidem
2066 2419 2247 2470 Locat.
2281 2431 2342 2469 ut
2373 2421 2447 2471 ait

1437 2496 1613 2546 Burin.
1630 2513 1691 2546 ea
1708 2497 1848 2547 enim
1861 2506 2133 2547 assectator
2142 2498 2447 2564 manifeste,

1436 2575 1593 2627 Rusc.
1612 2577 1798 2627 Venet.
1828 2574 1976 2645 1494.
1999 2577 2195 2628 Contra
2209 2579 2362 2629 Voss.
2390 2592 2411 2627 1
2430 2614 2449 2644 ,

1438 2652 1488 2705 3.
1509 2652 1687 2706 Guelf.
1705 2652 1858 2717 dant;
1878 2664 2174 2706 assectatore
2191 2653 2337 2707 Gaui
2353 2654 2450 2706 ad·

1438 2732 1671 2797 ductam,
1684 2746 2002 2805 praepostera
2017 2751 2210 2784 vocum
2224 2733 2450 2805 diremp-

1438 2812 1610 2876 tione,
1635 2813 1689 2862 in
1714 2829 1817 2882 qua
1843 2824 2016 2864 tamen
2042 2831 2098 2863 re
2120 2830 2242 2863 vera
2266 2826 2346 2863 est
2367 2831 2450 2864 re-

1437 2902 1610 2963 cepta.
1621 2889 1783 2958 Quod
1797 2903 1974 2941 autem
1985 2893 2171 2942 attinet
2186 2889 2253 2942 ad
2262 2908 2449 2942 vocem

1437 2986 1622 3022 casnar
1641 2987 1701 3021 ea
1728 2968 1940 3039 quidem
1966 2971 2022 3020 in
2055 2969 2201 3021 nullo
2217 3007 2235 3035 ,
2268 2971 2323 3020 ni
2344 2969 2449 3021 fal-

1439 3047 1538 3113 lor,
1583 3047 1781 3100 Codice
1827 3062 2118 3119 comparet.
2174 3048 2448 3101 Silentium

1439 3128 1579 3176 enim
1620 3124 1842 3178 Gibsoni
1881 3125 1949 3177 de
1990 3129 2097 3178 suis
2139 3127 2449 3179 Britannicis

1440 3205 1572 3254 tanti
1594 3202 1723 3254 mihi
1745 3222 1855 3255 non
1876 3204 2113 3270 videtur,
2137 3219 2196 3256 ut
2218 3207 2275 3257 in
2299 3218 2450 3258 caste-

1438 3300 1618 3333 rorum
1642 3284 1878 3333 omnium
1902 3285 2164 3335 constanti
2187 3282 2453 3336 diversita-

1441 3373 1494 3411 te
1504 3398 1521 3425 ,
1537 3378 1631 3412 eos
1646 3374 1913 3433 receptam
1927 3364 2062 3414 tueri
2076 3376 2276 3434 putem.
2292 3365 2448 3415 Voss.

1450 3455 1469 3489 t
1486 3477 1503 3504 ,
1519 3439 1568 3491 3.
1582 3441 1731 3490 Bern.
1743 3440 1919 3495 Guelf.
1936 3439 2064 3492 dant
2073 3459 2294 3493 casamo.
2310 3440 2448 3492 Alm.

1442 3535 1640 3568 casena.
1662 3520 1815 3571 Voss.
1845 3536 1872 3569 2
1890 3537 2140 3585 ,·cassam.
2170 3519 2331 3572 Goth.
2364 3520 2453 3571 ca·

1441 3598 1841 3649 samum-Turic.
1860 3597 2077 3650 Casami'.
2091 3597 2223 3651 Edd.
2238 3597 2453 3670 quidem

1445 3675 1706 3748 pleneque
1742 3692 1948 3741 casaur,
1992 3689 2181 3748 praeter
2213 3676 2453 3728 Andrea-

1444 3773 1594 3820 nam,
1612 3773 1725 3826 quae
1749 3756 1929 3807 emmo
1950 3769 2001 3807 et
2017 3759 2274 3809 Venetam
2299 3756 2453 3824 1494,

1448 3852 1561 3904 quae
1588 3834 1781 3885 εαεαηιί
1803 3831 1949 3903 (non
1981 3834 2172 3898 casini,
2209 3846 2267 3884 ut
2293 3835 2454 3885 refert

1445 3911 1617 3984 Gibs.)
1632 3911 1858 3964 exhibet.
1872 3912 2093 3965 Videtur
2104 3915 2263 3982 igitur
2276 3932 2340 3964 ex
2349 3932 2454 3965 me·

1445 4011 1504 4045 ra
1527 3990 1672 4043 docti
1696 3990 1970 4064 cujusdam
1992 3990 2219 4044 hominis
2244 3995 2454 4064 conjec-

1446 4085 1565 4123 tura
1602 4088 1892 4141 occupasse
1920 4069 2040 4122 edd.
2080 4069 2221 4123 istud
2255 4089 2453 4124 casrmr.

1447 4152 1785 4226 Quamquam
1793 4148 2124 4205 Florentinus
2133 4148 2286 4220 cod„
2298 4168 2455 4224 quem
