3200 5150
702 493 1358 562 INSTITUTIONIS
1393 494 1650 563 ORAT.
1690 496 1852 563 LIB.
1894 500 1958 578 1,
1997 499 2061 565 6.

2304 502 2427 590 '173

331 617 448 691 cui
480 643 626 690 non
661 639 816 717 post
850 621 1242 690 Varronem
1267 632 1286 663 ¹
1335 617 1420 691 sit
1454 619 1697 692 venia?
1744 621 1867 719 qui
1904 646 2185 720 aqrum,
2230 623 2423 721 quod

329 732 407 805 in
433 759 516 806 eo
542 749 795 831 aqatur
814 732 1113 832 aliquid;
1147 753 1213 805 et
1233 734 1586 832 qraculos‚
1622 735 1788 833 quia
1811 743 2143 835 qreqatim
2164 736 2424 826 volent,

330 847 548 921 dictos
577 847 897 921 Ciceroni
917 861 945 893 ²
981 848 1392 947 persuadere
1422 849 1641 921 voluit
1672 850 1806 945 (ad
1839 876 2003 923 eum
2037 852 2228 924 enim
2260 852 2427 924 scri-

326 959 561 1059 bit3);
609 990 834 1062 quum
874 962 1171 1035 alterum
1212 989 1293 1035 ex
1331 964 1574 1036 Graeco
1612 964 1698 1036 sit
1733 965 2182 1039 manifestum
2220 966 2421 1058 duci,

326 1075 626 1149 alterum
656 1103 738 1150 ex
769 1077 1055 1150 vocibus
1084 1078 1342 1150 avium.
1374 1077 1510 1151 Sed
1532 1079 1700 1151 huic
1724 1081 1895 1151 tanti
1921 1081 2055 1154 fuit
2074 1103 2331 1155 vertere
2349 1080 2420 1173 4,
2458 1081 2529 1137 38

327 1234 490 1289 quam
519 1235 619 1290 pro
646 1217 993 1287 Quintiliano.
1025 1219 1079 1272 si
1110 1221 1332 1271 maxime

205 1356 212 1363 ι
326 1297 548 1350 Gesneri
561 1308 615 1349 et
628 1296 852 1349 aliorum
865 1300 1177 1369 scripturam
1194 1317 1332 1370 prae-

327 1376 462 1429 fers:
484 1373 559 1426 At
573 1375 632 1429 L.
654 1375 764 1428 AEl.
775 1415 794 1442 ,
815 1389 1003 1449 praeter
1021 1395 1156 1443 eam,
1172 1395 1331 1448 quam

325 1452 491 1506 modo
523 1455 698 1523 tetigi,
728 1454 1132 1521 obscuritatem,
1163 1474 1329 1508 nexus

323 1533 382 1585 in
399 1534 502 1584 isto
516 1530 592 1584 At
603 1551 714 1584 non
728 1544 808 1584 est
825 1550 1148 1604 magnopere
1168 1546 1327 1586 artus.

323 1611 546 1684 Absque
585 1611 696 1664 ulla
734 1625 912 1665 autem
952 1615 1330 1685 conjunctione

325 1691 511 1744 durior
537 1693 693 1745 etiam
707 1730 725 1759 ‚
751 1693 940 1760 fateor,
968 1695 1327 1746 commissura.

325 1773 572 1824 Fortasse
594 1783 718 1844 post
738 1773 817 1823 ait
836 1785 1014 1824 tamen
1035 1785 1179 1824 recte
1203 1774 1331 1825 scri·-

323 1849 424 1902 bas
448 1849 523 1902 At
549 1849 694 1922 quod
719 1851 876 1903 facile
901 1850 1248 1904 intercidebat
1273 1854 1330 1904 in

325 1927 472 1981 hisce
503 1942 612 1981 tam
643 1928 898 1981 similibus
930 1929 1212 1982 clausulis:
1242 1949 1331 1982 ca·

325 2013 438 2058 veit
455 2007 533 2058 ait
551 2017 621 2058 at.
653 2009 988 2078 Quamquam
1009 2022 1329 2080 praepostera

325 2084 380 2136 h.
420 2084 455 2138 l.
491 2085 699 2139 videtur
735 2089 1003 2159 oppositio
1041 2088 1330 2160 significata

324 2166 397 2231 «τᾷ
415 2164 503 2217 At.
533 2165 709 2217 Mollis
737 2179 913 2218 autem
935 2166 1142 2219 videtur
1162 2180 1333 2239 trans-

327 2244 433 2295 itus
447 2281 465 2310 ,
488 2246 532 2296 si
556 2246 842 2296 etiamnum
867 2243 934 2297 de
957 2245 1189 2297 Modesto
1212 2263 1331 2316 aga-

325 2334 431 2389 tur,
463 2323 773 2395 dicaturque
798 2327 843 2375 is
870 2324 1119 2396 pituitam
1145 2324 1332 2377 melius

327 2414 515 2473 putare
556 2402 876 2475 appellatam
914 2403 1040 2475 quia
1068 2414 1217 2475 petat
1250 2403 1329 2453 υἰ-

295 2548 299 2555 ·
328 2489 469 2545 tam,
501 2498 659 2551 quarn
691 2480 885 2534 coelibes
916 2500 945 2533 a
973 2481 1095 2533 Caeli
1128 2495 1329 2534 castra-

327 2560 489 2612 tione.
512 2590 586 2600 —
606 2560 665 2612 L.
693 2558 879 2613 AE'lius.
898 2558 1033 2613 Vide
1056 2573 1237 2615 notam
1258 2561 1328 2614 ad

325 2639 383 2705 1,
413 2637 471 2705 5,
500 2640 588 2705 61,
620 2639 854 2693 Coeluam.
885 2640 989 2694 Sed
1013 2641 1134 2695 vide
1160 2654 1214 2695 et
1239 2640 1328 2703 hic

325 2728 507 2768 notam
531 2719 870 2790 superiorem.

405 2812 449 2846 ι.
476 2795 776 2850 Varronem.
797 2796 1003 2870 AqerL.
1019 2798 1108 2866 L,
1126 2798 1218 2851 lib.
1239 2802 1328 2866 IV,

326 2889 382 2944 p.
408 2873 519 2944 Bip.
546 2890 580 2941 9
602 2872 727 2942 (sed
747 2874 986 2926 Graecum
1007 2876 1329 2929 vocabulum

326 2949 561 3003 indidem
582 2951 693 3003 fere
715 2952 952 3024 repetit),
972 2954 1201 3026 qraculi,
1221 2974 1329 3008 me—

324 3029 475 3096 rula,
506 3050 559 3103 p.
593 3031 675 3083 23.
704 3033 785 3084 De
810 3032 957 3084 hisce
984 3036 1168 3106 etymis
1196 3051 1328 3086 con-

328 3110 442 3163 sule
457 3149 474 3178 ‚
495 3113 542 3163 si
569 3123 745 3178 vacat,
763 3114 1012 3163 Vossium
1034 3113 1089 3162 in
1111 3115 1329 3185 Etymo-

326 3189 501 3260 logico
518 3229 535 3256 ‚
581 3190 725 3263 apud
772 3208 929 3262 quem
967 3189 1132 3244 multa
1173 3190 1330 3243 bona.-

325 3268 492 3339 frugis
513 3270 746 3321 invenies
770 3272 1015 3346 cogitata.

403 3366 450 3401 2.
499 3348 744 3402 Ciceroni.
786 3350 848 3400 Ei
889 3351 1127 3421 inscripti
1168 3360 1292 3401 sunt
1309 3388 1330 3416 ‚

305 3457 309 3461 Δ
329 3443 465 3496 quos
486 3428 718 3496 integros
741 3426 895 3479 nobis
924 3426 1135 3497 reliquit
1154 3440 1331 3479 vetus-

329 3516 410 3555 tas
433 3504 623 3571 libros,
646 3504 713 3557 de
734 3506 917 3557 Latina
939 3508 1158 3576 ungas.

402 3585 452 3636 3.
473 3584 613 3637 Ad...
635 3586 815 3638 scribit.
837 3587 999 3640 Nolui
1018 3586 1215 3639 diutius
1235 3585 1330 3638 ab-

331 3679 448 3715 esse
482 3664 667 3730 verba,
703 3667 758 3717 in
793 3665 1169 3718 recentioribus
1206 3664 1326 3717 edd.

329 3740 384 3813 (a
395 3742 634 3815 Gryphio
649 3741 793 3816 inde)
807 3745 1017 3812 omissa,
1030 3763 1193 3817 quum
1201 3757 1327 3797 vett.

331 3819 455 3873 edd.
478 3838 659 3872 omues
677 3823 981 3892 praeferant,
996 3837 1056 3875 ut
1072 3838 1123 3876 et
1140 3821 1307 3876 Codd.
1295 3861 1337 3889 .,

331 3912 495 3972 puto,
516 3917 713 3951 omnes.
737 3902 831 3966 Iis,
846 3920 981 3972 qnos
994 3902 1332 3975 parenthesin

332 3977 475 4030 hanc
496 3976 624 4030 dare
638 4017 655 4044 ‚
683 3979 858 4031 adhuc
880 3997 1197 4035 monuerunt
1220 3986 1330 4035 VV-

333 4057 450 4110 DD.
490 4056 693 4110 accedit
726 4057 898 4110 Guelf.
917 4097 934 4124 ‚
970 4077 1143 4131 neque
1180 4059 1333 4132 quid-

335 4152 496 4205 quam
536 4135 736 4190 habent
775 4155 836 4189 ea
871 4136 1026 4189 verba
1061 4138 1335 4208 indignum

337 4214 648 4286 Quintiliani
682 4218 921 4272 oratione
935 4255 953 4286 ,
986 4234 1302 4289 quamquam
1317 4256 1334 4287 ‚

1420 1219 1587 1271 Codd.
1620 1223 1934 1274 auctoritate
1960 1223 2135 1274 minus
2162 1221 2388 1294 probata
2404 1261 2427 1291 ‚

1417 1310 1668 1371 poterant
1714 1298 1881 1351 videri
1931 1300 2209 1370 glossema.
2260 1303 2425 1372 Urget

1417 1378 1685 1431 Gesnerus
1732 1380 1789 1430 in
1836 1377 1996 1449 hujus
2044 1379 2424 1450 parentheseos

1418 1457 1731 1510 defensione
1745 1495 1762 1522 ,
1797 1474 1959 1527 quum
1995 1476 2106 1509 non
2143 1476 2327 1512 omnes
2354 1459 2425 1513 de

1417 1537 1476 1588 L.
1504 1537 1564 1588 L.
1590 1535 1711 1588 libri
1735 1552 1768 1586 a
1788 1538 2024 1587 Van-one
2046 1536 2288 1589 OEceroni
2308 1540 2426 1592 fue-

1416 1617 1521 1667 rint
1543 1616 1782 1686 inscripti
1796 1652 1814 1679 ‚
1842 1617 2197 1667 necessarium
2214 1617 2327 1669 fere
2346 1619 2426 1671 vi-

1417 1693 1529 1746 deri
1578 1693 1684 1746 tale
1734 1691 2166 1745 additamentum.
2219 1696 2424 1749 Priores

1419 1787 1635 1843 quarto,
1661 1774 1753 1842 qui
1773 1773 1975 1843 primus
1999 1785 2078 1823 est
2099 1772 2239 1824 inter
2257 1791 2425 1827 serva-

1415 1863 1502 1927 tos
1514 1888 1530 1915 ,
1545 1851 1800 1922 Septimio
1820 1867 1877 1901 se
1896 1851 2098 1901 misisse
2115 1862 2293 1902 narrat
2304 1854 2423 1924 ipse

1418 1942 1622 1996 auctor,
1646 1942 1750 1980 tres
1774 1940 2100 2000 postremos,
2122 1929 2247 1994 vll,
2272 1929 2302 1980 8
2318 1966 2336 1994 ,
2358 1947 2424 1998 9,

1417 2007 1482 2059 de
1497 2005 1746 2079 analoqt’a
1765 2023 2065 2077 segregasse
2076 2005 2283 2058 videtur
2295 2025 2325 2058 a
2338 2026 2425 2061 re-

1403 2087 1565 2158 ⁴liquo
1590 2104 1769 2159 opere.
1794 2088 1902 2156 Qui
1928 2104 2037 2138 non
2064 2100 2425 2140 memorantur

1418 2166 1585 2220 Codd.
1613 2180 1804 2218 nostras
1822 2165 2065 2217 lectionis
2084 2165 2344 2233 vindices,
2364 2165 2427 2219 hi

1420 2259 1575 2299 sunt:
1606 2250 1760 2299 Voss.
1798 2264 1853 2311 1,
1885 2264 1948 2311 2,
1977 2245 2042 2311 3,
2071 2246 2220 2298 Bern.
2244 2245 2426 2299 -Ad

1417 2344 1536 2378 eum
1572 2326 1730 2378 enim.
1769 2328 1891 2378 Haec
1925 2323 2086 2376 verba
2121 2325 2426 2396 parenthesi

1417 2404 1622 2457 inclusa
1642 2404 1836 2457 absunt
1855 2403 1923 2456 ab
1941 2402 2088 2455 editt.
2111 2403 2304 2456 multis.
2321 2404 2420 2458 Ed.

1414 2484 1582 2556 Capp.
1615 2497 1668 2535 et
1689 2482 1854 2535 Hack.
1882 2484 2219 2555 reperiuntur
2244 2496 2423 2537 tamen

1415 2566 1471 2617 in
1494 2566 1688 2617 nostris
1710 2566 1817 2617 RR.
1846 2581 1892 2631 ι,
1916 2581 1974 2629 2,
1998 2563 2033 2616 6
2057 2577 2110 2616 et
2131 2564 2290 2616 Canu».
2316 2563 2419 2617 Ed.

1500 2643 1551 2709 4.
1591 2642 1785 2695 Huic...
1827 2652 2029 2694 vertere.
2068 2642 2243 2694 Guelf.
2284 2643 2382 2695 hoc
2397 2682 2417 2710 ,

1418 2738 1520 2792 qua
1544 2723 1600 2772 in
1630 2723 1886 2792 scriptura
1908 2722 2041 2772 mira
2063 2733 2117 2773 et
2146 2740 2297 2792 paene
2319 2721 2424 2774 do-

1415 2799 1573 2853 lenda
1614 2813 1695 2852 est
1728 2798 1895 2852 Codd.
1935 2803 2230 2853 constantia
2245 2840 2263 2867 .,
2298 2820 2422 2854 nam

1413 2892 1605 2951 praeter
1617 2880 1765 2930 Bern.
1778 2917 1796 2944 .,
1815 2879 1906 2948 qui
1922 2881 2135 2930 nonnisi
2155 2880 2427 2950 negligen-

1414 2960 1487 3009 tia
1507 2957 1829 3009 conferentis
1845 2959 2015 3009 omitti
2026 2956 2263 3024 videtur,
2281 2976 2419 3011 unus

1417 3047 1497 3088 est
1518 3033 1718 3087 Bodlei.
1745 3036 1836 3104 qui
1868 3037 2099 3105 speciem
2120 3034 2315 3087 habeat
2335 3055 2425 3088 re-

1416 3128 1626 3185 ceptam
1641 3112 1814 3164 dantis
1830 3152 1847 3179 ‚
1871 3115 2123 3183 quoniam
2146 3131 2267 3164 cum
2285 3112 2424 3165 duo-

1413 3191 1518 3244 bus
1549 3192 1858 3242 Britannicis
1893 3208 2004 3243 non
2034 3205 2357 3243 memoratur
2391 3211 2425 3245 a

1416 3271 1563 3325 Gibs.
1574 3274 1717 3324 Vett.
1734 3270 1854 3323 edd.
1868 3289 2038 3341 usque
2052 3270 2121 3322 ad
2129 3271 2423 3344 Gryphium

1418 3369 1603 3403 omnes
1623 3350 1752 3402 dant
1772 3349 1895 3414 hoc,
1914 3367 2014 3420 pro
2036 3366 2144 3420 quo
2166 3368 2221 3401 se
2240 3351 2423 3420 malle,

1419 3429 1540 3481 huic
1566 3421 1826 3501 significat
1847 3426 2039 3479 Badius
2053 3466 2070 3494 ‚
2094 3426 2226 3480 nihil
2248 3441 2427 3483 tamen

1417 3528 1473 3562 se
1492 3523 1713 3561 mutare.
1735 3505 2037 3562 Obrechtus
2060 3505 2269 3558 reduxit
2289 3522 2428 3562 vete-

1417 3607 1530 3644 rem
1575 3590 1904 3659 scripturam.
1960 3584 2221 3657 Equidem
2269 3588 2424 3639 istam

1419 3669 1732 3738 scripturam
1773 3664 2046 3738 quomodo
2081 3668 2395 3739 interpreter
2408 3705 2426 3734 ,

1417 3745 1575 3817 plane
1612 3764 1721 3798 non
1758 3744 1950 3796 habeo.
1994 3747 2133 3796 Inest
2173 3760 2426 3817 praeterea

1419 3842 1512 3875 sua
1529 3822 1811 3876 difficultas
1831 3824 2071 3874 etiamn-o
2088 3835 2302 3890 vertere,
2323 3841 2425 3897 pro

1421 3921 1528 3973 quo
1549 3904 1779 3973 conjecit
1794 3899 2021 3952 Gallaeus
2042 3901 2249 3966 veritas,
2271 3905 2426 3972 signi·

1419 3982 1580 4034 ficatu
1600 3998 1758 4051 quem
1774 3979 2068 4046 vidimus1.,
2087 3980 2148 4046 6,
2168 3981 2234 4033 32
2248 4001 2429 4053 ‚··mag

1419 4068 1620 4132 nopere
1642 4058 1927 4132 plaudente
1949 4059 2213 4111 Gesnero·
2200 4081 2215 4123 3
2249 4074 2303 4128 et
2324 4060 2425 4114 ha-

1420 4139 1512 4192 bet
1534 4157 1692 4204 sane,
1722 4156 1828 4208 quo
1852 4136 2183 4205 blandiatur,
2206 4144 2425 4213 conjec-

1421 4233 1555 4273 tura.
1582 4220 1775 4275 Sensus
1794 4230 1971 4271 tamen
1988 4216 2094 4270 loci
2110 4237 2261 4290 paene
2278 4232 2427 4274 totus
