<?xml version="1.0" encoding="UTF-8"?>
<!DOCTYPE html PUBLIC "-//W3C//DTD XHTML 1.0 Transitional//EN"
    "http://www.w3.org/TR/xhtml1/DTD/xhtml1-transitional.dtd">
<html xmlns="http://www.w3.org/1999/xhtml" xml:lang="en" lang="en">
 <head>
  <title>
</title>
<meta http-equiv="Content-Type" content="text/html;charset=utf-8" />
  <meta name='ocr-system' content='tesseract 3.04.00' />
  <meta name='ocr-capabilities' content='ocr_page ocr_carea ocr_par ocr_line ocrx_word'/>
</head>
<body>
  <div class='ocr_page' id='page_1' title='image "./deinstitutioneo12quingoog_0354.png"; bbox 0 0 3200 5150; ppageno 0'>
   <div class='ocr_carea' id='block_1_1' title="bbox 839 465 2347 552">
    <p class='ocr_par' dir='ltr' id='par_1_1' title="bbox 839 465 2347 552">
     <span class='ocr_line' id='line_1_1' title="bbox 839 465 2347 552; baseline 0.003 -23"><span class='ocrx_word' id='word_1_1' title='bbox 839 465 964 530; x_wconf 83' lang='lat'><strong>328</strong></span> <span class='ocrx_word' id='word_1_2' title='bbox 1397 470 1489 533; x_wconf 87' lang='lat' dir='ltr'><strong>M.</strong></span> <span class='ocrx_word' id='word_1_3' title='bbox 1530 469 1758 533; x_wconf 85' lang='lat' dir='ltr'>FABII</span> <span class='ocrx_word' id='word_1_4' title='bbox 1794 467 2347 552; x_wconf 84' lang='lat' dir='ltr'><strong>QUINTILIANI</strong></span> 
     </span>
    </p>
   </div>
   <div class='ocr_carea' id='block_1_2' title="bbox 729 575 2904 2059">
    <p class='ocr_par' dir='ltr' id='par_1_2' title="bbox 734 575 2904 1383">
     <span class='ocr_line' id='line_1_2' title="bbox 734 575 2897 693; baseline 0.002 -31"><span class='ocrx_word' id='word_1_5' title='bbox 734 598 796 651; x_wconf 84' lang='lat'><strong>16</strong></span> <span class='ocrx_word' id='word_1_6' title='bbox 834 602 1131 663; x_wconf 83' lang='lat' dir='ltr'><strong>constat¹</strong></span> <span class='ocrx_word' id='word_1_7' title='bbox 1154 617 1260 663; x_wconf 86' lang='lat' dir='ltr'><strong>ars</strong></span> <span class='ocrx_word' id='word_1_8' title='bbox 1278 589 1576 664; x_wconf 88' lang='lat' dir='ltr'><strong>dicendi.</strong></span> <span class='ocrx_word' id='word_1_9' title='bbox 1599 592 1735 664; x_wconf 87' lang='lat' dir='ltr'><strong>Sed</strong></span> <span class='ocrx_word' id='word_1_10' title='bbox 1754 591 2118 692; x_wconf 85' lang='lat' dir='ltr'><strong>adjuvatur</strong></span> <span class='ocrx_word' id='word_1_11' title='bbox 2139 592 2246 664; x_wconf 81' lang='lat' dir='ltr'><strong>his</strong></span> <span class='ocrx_word' id='word_1_12' title='bbox 2265 616 2580 693; x_wconf 87' lang='lat' dir='ltr'><strong>quoque,</strong></span> <span class='ocrx_word' id='word_1_13' title='bbox 2604 575 2659 664; x_wconf 88' lang='lat' dir='ltr'><strong>si</strong></span> <span class='ocrx_word' id='word_1_14' title='bbox 2679 612 2897 666; x_wconf 87' lang='lat' dir='ltr'><strong>tamen</strong></span> 
     </span>
     <span class='ocr_line' id='line_1_3' title="bbox 835 708 2898 808; baseline 0.001 -31"><span class='ocrx_word' id='word_1_15' title='bbox 835 727 1090 779; x_wconf 88' lang='lat' dir='ltr'><strong>rectam</strong></span> <span class='ocrx_word' id='word_1_16' title='bbox 1116 708 1336 796; x_wconf 85' lang='lat' dir='ltr'><strong>viam,</strong></span> <span class='ocrx_word' id='word_1_17' title='bbox 1375 735 1518 780; x_wconf 87' lang='lat' dir='ltr'><strong>non</strong></span> <span class='ocrx_word' id='word_1_18' title='bbox 1560 735 1780 779; x_wconf 86' lang='lat' dir='ltr'><strong>unam</strong></span> <span class='ocrx_word' id='word_1_19' title='bbox 1820 708 2151 800; x_wconf 86' lang='lat' dir='ltr'><strong>orbitam,</strong></span> <span class='ocrx_word' id='word_1_20' title='bbox 2191 709 2618 797; x_wconf 76' lang='lat' dir='ltr'><strong>monstrent3&#39;</strong></span> <span class='ocrx_word' id='word_1_21' title='bbox 2655 735 2695 780; x_wconf 88' lang='lat' dir='ltr'><strong>a</strong></span> <span class='ocrx_word' id='word_1_22' title='bbox 2730 719 2898 808; x_wconf 84' lang='lat' dir='ltr'><strong>qua²</strong></span> 
     </span>
     <span class='ocr_line' id='line_1_4' title="bbox 833 820 2902 921; baseline 0 -29"><span class='ocrx_word' id='word_1_23' title='bbox 833 820 1189 894; x_wconf 85' lang='lat' dir='ltr'><strong>declinare</strong></span> <span class='ocrx_word' id='word_1_24' title='bbox 1219 822 1339 921; x_wconf 92' lang='lat' dir='ltr'><strong>qui</strong></span> <span class='ocrx_word' id='word_1_25' title='bbox 1389 821 1803 895; x_wconf 80' lang='lat' dir='ltr'><strong>crediderit³</strong></span> <span class='ocrx_word' id='word_1_26' title='bbox 1847 824 2075 912; x_wconf 75' lang='lat' dir='ltr'><strong>nefaS,</strong></span> <span class='ocrx_word' id='word_1_27' title='bbox 2119 820 2461 921; x_wconf 79' lang='lat' dir='ltr'><strong>patiatur4</strong></span> <span class='ocrx_word' id='word_1_28' title='bbox 2505 849 2777 894; x_wconf 82' lang='lat' dir='ltr'><strong>necesse</strong></span> <span class='ocrx_word' id='word_1_29' title='bbox 2816 842 2902 892; x_wconf 76' lang='lat' dir='ltr'><strong>est</strong></span> 
     </span>
     <span class='ocr_line' id='line_1_5' title="bbox 818 934 2900 1036; baseline 0 -31"><span class='ocrx_word' id='word_1_30' title='bbox 818 934 1023 1007; x_wconf 84' lang='lat' dir='ltr'><strong>&#39;illam</strong></span> <span class='ocrx_word' id='word_1_31' title='bbox 1043 964 1169 1035; x_wconf 88' lang='lat' dir='ltr'><strong>per</strong></span> <span class='ocrx_word' id='word_1_32' title='bbox 1184 939 1389 1010; x_wconf 81' lang='lat' dir='ltr'><strong>funes</strong></span> <span class='ocrx_word' id='word_1_33' title='bbox 1411 937 1950 1036; x_wconf 78' lang='lat' dir='ltr'><strong>ingredientium</strong></span> <span class='ocrx_word' id='word_1_34' title='bbox 1974 937 2395 1024; x_wconf 81' lang='lat' dir='ltr'><strong>tarditatem3</strong></span> <span class='ocrx_word' id='word_1_35' title='bbox 2419 937 2650 1035; x_wconf 88' lang='lat' dir='ltr'><strong>itaque</strong></span> <span class='ocrx_word' id='word_1_36' title='bbox 2675 958 2742 1007; x_wconf 88' lang='lat' dir='ltr'><strong>et</strong></span> <span class='ocrx_word' id='word_1_37' title='bbox 2757 949 2900 1007; x_wconf 80' lang='lat' dir='ltr'><strong>stra‘-</strong></span> 
     </span>
     <span class='ocr_line' id='line_1_6' title="bbox 828 1049 2899 1151; baseline 0 -31"><span class='ocrx_word' id='word_1_38' title='bbox 828 1069 981 1121; x_wconf 87' lang='lat' dir='ltr'><strong>tum</strong></span> <span class='ocrx_word' id='word_1_39' title='bbox 1030 1052 1309 1124; x_wconf 88' lang='lat' dir='ltr'><strong>militari</strong></span> <span class='ocrx_word' id='word_1_40' title='bbox 1356 1051 1593 1124; x_wconf 80' lang='lat' dir='ltr'><strong>labore</strong></span> <span class='ocrx_word' id='word_1_41' title='bbox 1638 1053 1763 1125; x_wconf 89' lang='lat' dir='ltr'><strong>iter</strong></span> <span class='ocrx_word' id='word_1_42' title='bbox 1803 1080 1980 1151; x_wconf 83' lang='lat' dir='ltr'><strong>saepe</strong></span> <span class='ocrx_word' id='word_1_43' title='bbox 2029 1052 2410 1125; x_wconf 73' lang='lat' dir='ltr'><strong>deserimus</strong></span> <span class='ocrx_word' id='word_1_44' title='bbox 2431 1091 2460 1142; x_wconf 50' lang='lat'><strong>‚1</strong></span> <span class='ocrx_word' id='word_1_45' title='bbox 2499 1049 2899 1149; x_wconf 82' lang='lat' dir='ltr'><strong>compendio</strong></span> 
     </span>
     <span class='ocr_line' id='line_1_7' title="bbox 831 1164 2900 1267; baseline 0 -32"><span class='ocrx_word' id='word_1_46' title='bbox 831 1164 1059 1255; x_wconf 83' lang='lat' dir='ltr'><strong>ducti3</strong></span> <span class='ocrx_word' id='word_1_47' title='bbox 1106 1187 1210 1256; x_wconf 89' lang='lat' dir='ltr'><strong>et,</strong></span> <span class='ocrx_word' id='word_1_48' title='bbox 1253 1168 1307 1240; x_wconf 90' lang='lat' dir='ltr'><strong>si</strong></span> <span class='ocrx_word' id='word_1_49' title='bbox 1350 1188 1613 1241; x_wconf 86' lang='lat' dir='ltr'><strong>rectum</strong></span> <span class='ocrx_word' id='word_1_50' title='bbox 1659 1168 1956 1240; x_wconf 87' lang='lat' dir='ltr'><strong>limitem</strong></span> <span class='ocrx_word' id='word_1_51' title='bbox 1996 1168 2178 1267; x_wconf 88' lang='lat' dir='ltr'><strong>rupti</strong></span> <span class='ocrx_word' id='word_1_52' title='bbox 2216 1167 2633 1240; x_wconf 81' lang='lat' dir='ltr'><strong>torrentibus</strong></span> <span class='ocrx_word' id='word_1_53' title='bbox 2676 1185 2900 1264; x_wconf 82' lang='lat' dir='ltr'><strong>pontes</strong></span> 
     </span>
     <span class='ocr_line' id='line_1_8' title="bbox 824 1278 2904 1383; baseline 0 -34"><span class='ocrx_word' id='word_1_54' title='bbox 824 1278 1233 1370; x_wconf 81' lang='lat' dir='ltr'><strong>inciderint,</strong></span> <span class='ocrx_word' id='word_1_55' title='bbox 1269 1282 1635 1355; x_wconf 86' lang='lat' dir='ltr'><strong>circumire</strong></span> <span class='ocrx_word' id='word_1_56' title='bbox 1671 1310 2048 1383; x_wconf 55' lang='lat' dir='ltr'><strong>cogentum</strong></span> <span class='ocrx_word' id='word_1_57' title='bbox 2095 1303 2197 1371; x_wconf 89' lang='lat' dir='ltr'><strong>et,</strong></span> <span class='ocrx_word' id='word_1_58' title='bbox 2241 1283 2297 1354; x_wconf 88' lang='lat' dir='ltr'><strong>si</strong></span> <span class='ocrx_word' id='word_1_59' title='bbox 2320 1282 2548 1383; x_wconf 65' lang='lat' dir='ltr'><strong>janua·</strong></span> <span class='ocrx_word' id='word_1_60' title='bbox 2573 1281 2904 1354; x_wconf 84' lang='lat' dir='ltr'><strong>tenebitur</strong></span> 
     </span>
    </p>

    <p class='ocr_par' dir='ltr' id='par_1_3' title="bbox 729 1393 2904 1959">
     <span class='ocr_line' id='line_1_9' title="bbox 729 1393 2900 1495; baseline 0 -32"><span class='ocrx_word' id='word_1_61' title='bbox 729 1410 789 1463; x_wconf 89' lang='lat'><strong>¹7</strong></span> <span class='ocrx_word' id='word_1_62' title='bbox 828 1393 1184 1486; x_wconf 85' lang='lat' dir='ltr'><strong>incendio,</strong></span> <span class='ocrx_word' id='word_1_63' title='bbox 1219 1421 1345 1494; x_wconf 90' lang='lat' dir='ltr'><strong>per</strong></span> <span class='ocrx_word' id='word_1_64' title='bbox 1366 1398 1699 1495; x_wconf 87' lang='lat' dir='ltr'><strong>parietem</strong></span> <span class='ocrx_word' id='word_1_65' title='bbox 1727 1399 2092 1471; x_wconf 77' lang='lat' dir='ltr'><strong>exibimus,</strong></span> <span class='ocrx_word' id='word_1_66' title='bbox 2122 1401 2289 1470; x_wconf 86' lang='lat' dir='ltr'><strong>Late</strong></span> <span class='ocrx_word' id='word_1_67' title='bbox 2321 1398 2562 1468; x_wconf 86' lang='lat' dir='ltr'><strong>fusum</strong></span> <span class='ocrx_word' id='word_1_68' title='bbox 2588 1422 2764 1494; x_wconf 87' lang='lat' dir='ltr'><strong>opus</strong></span> <span class='ocrx_word' id='word_1_69' title='bbox 2786 1414 2900 1482; x_wconf 75' lang='lat' dir='ltr'><strong>est,</strong></span> 
     </span>
     <span class='ocr_line' id='line_1_10' title="bbox 827 1508 2904 1613; baseline 0 -33"><span class='ocrx_word' id='word_1_70' title='bbox 827 1530 895 1580; x_wconf 87' lang='lat' dir='ltr'><strong>et</strong></span> <span class='ocrx_word' id='word_1_71' title='bbox 922 1508 1317 1608; x_wconf 83' lang='lat' dir='ltr'><strong>multiplex,</strong></span> <span class='ocrx_word' id='word_1_72' title='bbox 1350 1532 1417 1583; x_wconf 90' lang='lat' dir='ltr'><strong>et</strong></span> <span class='ocrx_word' id='word_1_73' title='bbox 1450 1539 1664 1612; x_wconf 89' lang='lat' dir='ltr'><strong>prope</strong></span> <span class='ocrx_word' id='word_1_74' title='bbox 1693 1513 1999 1613; x_wconf 87' lang='lat' dir='ltr'><strong>quotidie</strong></span> <span class='ocrx_word' id='word_1_75' title='bbox 2031 1537 2292 1586; x_wconf 86' lang='lat' dir='ltr'><strong>novum</strong></span> <span class='ocrx_word' id='word_1_76' title='bbox 2310 1570 2329 1602; x_wconf 85' lang='lat'><strong>,</strong></span> <span class='ocrx_word' id='word_1_77' title='bbox 2360 1532 2425 1584; x_wconf 88' lang='lat' dir='ltr'><strong>et</strong></span> <span class='ocrx_word' id='word_1_78' title='bbox 2450 1511 2536 1583; x_wconf 91' lang='lat' dir='ltr'><strong>de</strong></span> <span class='ocrx_word' id='word_1_79' title='bbox 2564 1537 2709 1610; x_wconf 88' lang='lat' dir='ltr'><strong>quo</strong></span> <span class='ocrx_word' id='word_1_80' title='bbox 2737 1535 2904 1582; x_wconf 91' lang='lat' dir='ltr'><strong>nun-</strong></span> 
     </span>
     <span class='ocr_line' id='line_1_11' title="bbox 826 1620 2904 1727; baseline -0 -33"><span class='ocrx_word' id='word_1_81' title='bbox 826 1650 1041 1721; x_wconf 86' lang='lat' dir='ltr'><strong>quam</strong></span> <span class='ocrx_word' id='word_1_82' title='bbox 1065 1623 1244 1696; x_wconf 84' lang='lat' dir='ltr'><strong>dicta</strong></span> <span class='ocrx_word' id='word_1_83' title='bbox 1264 1646 1470 1699; x_wconf 89' lang='lat' dir='ltr'><strong>erunt</strong></span> <span class='ocrx_word' id='word_1_84' title='bbox 1487 1630 1728 1699; x_wconf 88' lang='lat' dir='ltr'><strong>omnia</strong></span> <span class='ocrx_word' id='word_1_85' title='bbox 1749 1655 1764 1699; x_wconf 89' lang='lat'><strong>:</strong></span> <span class='ocrx_word' id='word_1_86' title='bbox 1793 1655 1946 1727; x_wconf 83' lang='lat' dir='ltr'><strong>quae</strong></span> <span class='ocrx_word' id='word_1_87' title='bbox 1966 1626 2169 1700; x_wconf 79' lang='lat' dir='ltr'><strong>sunt⁵</strong></span> <span class='ocrx_word' id='word_1_88' title='bbox 2190 1643 2426 1699; x_wconf 85' lang='lat' dir='ltr'><strong>tamen</strong></span> <span class='ocrx_word' id='word_1_89' title='bbox 2447 1624 2693 1697; x_wconf 85' lang='lat' dir='ltr'><strong>tradita</strong></span> <span class='ocrx_word' id='word_1_90' title='bbox 2709 1681 2728 1715; x_wconf 87' lang='lat'><strong>,</strong></span> <span class='ocrx_word' id='word_1_91' title='bbox 2749 1620 2904 1723; x_wconf 83' lang='lat' dir='ltr'><strong>quid</strong></span> 
     </span>
     <span class='ocr_line' id='line_1_12' title="bbox 826 1738 2900 1842; baseline 0.001 -34"><span class='ocrx_word' id='word_1_92' title='bbox 826 1765 908 1810; x_wconf 88' lang='lat' dir='ltr'><strong>ex</strong></span> <span class='ocrx_word' id='word_1_93' title='bbox 943 1738 1050 1809; x_wconf 84' lang='lat' dir='ltr'><strong>his</strong></span> <span class='ocrx_word' id='word_1_94' title='bbox 1089 1740 1434 1838; x_wconf 89' lang='lat' dir='ltr'><strong>optimum</strong></span> <span class='ocrx_word' id='word_1_95' title='bbox 1460 1797 1478 1830; x_wconf 86' lang='lat'><strong>,</strong></span> <span class='ocrx_word' id='word_1_96' title='bbox 1517 1764 1620 1832; x_wconf 86' lang='lat' dir='ltr'><strong>et,</strong></span> <span class='ocrx_word' id='word_1_97' title='bbox 1665 1745 1720 1815; x_wconf 88' lang='lat' dir='ltr'><strong>si</strong></span> <span class='ocrx_word' id='word_1_98' title='bbox 1753 1743 1921 1842; x_wconf 91' lang='lat' dir='ltr'><strong>quid</strong></span> <span class='ocrx_word' id='word_1_99' title='bbox 1963 1742 2216 1815; x_wconf 86' lang='lat' dir='ltr'><strong>mutari</strong></span> <span class='ocrx_word' id='word_1_100' title='bbox 2232 1741 2290 1832; x_wconf 75' lang='lat'><strong>⁶,</strong></span> <span class='ocrx_word' id='word_1_101' title='bbox 2334 1741 2574 1842; x_wconf 85' lang='lat' dir='ltr'><strong>adjici,</strong></span> <span class='ocrx_word' id='word_1_102' title='bbox 2615 1738 2900 1828; x_wconf 79' lang='lat' dir='ltr'><strong>detrahi,</strong></span> 
     </span>
     <span class='ocr_line' id='line_1_13' title="bbox 826 1852 2082 1959; baseline 0.003 -34"><span class='ocrx_word' id='word_1_103' title='bbox 826 1852 1080 1926; x_wconf 82' lang='lat' dir='ltr'><strong>melius</strong></span> <span class='ocrx_word' id='word_1_104' title='bbox 1102 1854 1470 1944; x_wconf 86' lang='lat' dir='ltr'><strong>videbitur,</strong></span> <span class='ocrx_word' id='word_1_105' title='bbox 1497 1857 1724 1931; x_wconf 88' lang='lat' dir='ltr'><strong>dicere</strong></span> <span class='ocrx_word' id='word_1_106' title='bbox 1755 1859 2082 1959; x_wconf 82' lang='lat' dir='ltr'><strong>experiar.</strong></span> 
     </span>
    </p>

    <p class='ocr_par' dir='ltr' id='par_1_4' title="bbox 759 1970 2902 2059">
     <span class='ocr_line' id='line_1_14' title="bbox 759 1970 2902 2059; baseline 0 -20"><span class='ocrx_word' id='word_1_107' title='bbox 759 1979 783 2017; x_wconf 83' lang='lat'>¹</span> <span class='ocrx_word' id='word_1_108' title='bbox 916 1970 1095 2041; x_wconf 62' lang='lat' dir='ltr'><strong>‘CAR</strong></span> <span class='ocrx_word' id='word_1_109' title='bbox 1118 1971 1308 2043; x_wconf 89' lang='lat' dir='ltr'><strong>XIV.</strong></span> <span class='ocrx_word' id='word_1_110' title='bbox 1336 1972 1750 2046; x_wconf 83' lang='lat' dir='ltr'><strong>Rhetoricen</strong></span> <span class='ocrx_word' id='word_1_111' title='bbox 1777 1975 1849 2046; x_wconf 90' lang='lat' dir='ltr'><strong>in</strong></span> <span class='ocrx_word' id='word_1_112' title='bbox 1874 1975 2206 2046; x_wconf 88' lang='lat' dir='ltr'><strong>Latinum</strong></span> <span class='ocrx_word' id='word_1_113' title='bbox 2226 1971 2743 2059; x_wconf 79' lang='lat' dir='ltr'><strong>transferentes,</strong></span> <span class='ocrx_word' id='word_1_114' title='bbox 2768 1989 2902 2040; x_wconf 87' lang='lat' dir='ltr'><strong>tum</strong></span> 
     </span>
    </p>
   </div>
   <div class='ocr_carea' id='block_1_3' title="bbox 1909 2144 2906 3477">
    <p class='ocr_par' dir='ltr' id='par_1_5' title="bbox 1909 2144 2906 3477">
     <span class='ocr_line' id='line_1_15' title="bbox 1915 2144 2903 2211; baseline -0.008 -14"><span class='ocrx_word' id='word_1_115' title='bbox 1915 2149 1969 2197; x_wconf 90' lang='lat' dir='ltr'><strong>in</strong></span> <span class='ocrx_word' id='word_1_116' title='bbox 1989 2145 2091 2197; x_wconf 87' lang='lat' dir='ltr'><strong>hac</strong></span> <span class='ocrx_word' id='word_1_117' title='bbox 2111 2157 2220 2197; x_wconf 83' lang='lat' dir='ltr'><strong>arte</strong></span> <span class='ocrx_word' id='word_1_118' title='bbox 2235 2144 2552 2195; x_wconf 85' lang='lat' dir='ltr'><strong>mentionem</strong></span> <span class='ocrx_word' id='word_1_119' title='bbox 2566 2179 2582 2206; x_wconf 85' lang='lat'><strong>,</strong></span> <span class='ocrx_word' id='word_1_120' title='bbox 2600 2155 2903 2211; x_wconf 84' lang='lat' dir='ltr'><strong>quamquam</strong></span> 
     </span>
     <span class='ocr_line' id='line_1_16' title="bbox 1916 2219 2903 2293; baseline -0.012 -14"><span class='ocrx_word' id='word_1_121' title='bbox 1916 2223 2198 2279; x_wconf 78' lang='lat' dir='ltr'><strong>Salmasius</strong></span> <span class='ocrx_word' id='word_1_122' title='bbox 2250 2224 2317 2276; x_wconf 89' lang='lat' dir='ltr'><strong>ad</strong></span> <span class='ocrx_word' id='word_1_123' title='bbox 2363 2223 2581 2293; x_wconf 81' lang='lat' dir='ltr'><strong>Vopisci</strong></span> <span class='ocrx_word' id='word_1_124' title='bbox 2629 2219 2868 2271; x_wconf 82' lang='lat' dir='ltr'><strong>Carinum</strong></span> <span class='ocrx_word' id='word_1_125' title='bbox 2889 2252 2903 2281; x_wconf 84' lang='lat'>‚</span> 
     </span>
     <span class='ocr_line' id='line_1_17' title="bbox 1915 2297 2902 2375; baseline -0.008 -20"><span class='ocrx_word' id='word_1_126' title='bbox 1915 2323 1961 2355; x_wconf 85' lang='lat' dir='ltr'><strong>o.</strong></span> <span class='ocrx_word' id='word_1_127' title='bbox 1988 2320 2077 2372; x_wconf 82' lang='lat'><strong>19,</strong></span> <span class='ocrx_word' id='word_1_128' title='bbox 2097 2324 2151 2375; x_wconf 74' lang='lat' dir='ltr'><strong>p.</strong></span> <span class='ocrx_word' id='word_1_129' title='bbox 2169 2304 2228 2356; x_wconf 79' lang='lat'><strong>81</strong></span> <span class='ocrx_word' id='word_1_130' title='bbox 2242 2321 2405 2373; x_wconf 58' lang='lat' dir='ltr'><strong>7,‚eos</strong></span> <span class='ocrx_word' id='word_1_131' title='bbox 2425 2303 2582 2352; x_wconf 79' lang='lat' dir='ltr'><strong>etiam</strong></span> <span class='ocrx_word' id='word_1_132' title='bbox 2599 2297 2803 2352; x_wconf 69' lang='lat' dir='ltr'><strong>saltasse</strong></span> <span class='ocrx_word' id='word_1_133' title='bbox 2817 2298 2902 2357; x_wconf 61' lang='lat' dir='ltr'><strong>aiu</strong></span> 
     </span>
     <span class='ocr_line' id='line_1_18' title="bbox 1917 2375 2906 2452; baseline -0.008 -19"><span class='ocrx_word' id='word_1_134' title='bbox 1917 2384 2037 2433; x_wconf 86' lang='lat' dir='ltr'><strong>etin</strong></span> <span class='ocrx_word' id='word_1_135' title='bbox 2052 2384 2213 2432; x_wconf 84' lang='lat' dir='ltr'><strong>veteri</strong></span> <span class='ocrx_word' id='word_1_136' title='bbox 2227 2382 2599 2452; x_wconf 77' lang='lat' dir='ltr'><strong>epigrammate</strong></span> <span class='ocrx_word' id='word_1_137' title='bbox 2617 2398 2629 2427; x_wconf 78' lang='lat' dir='ltr'><strong>t</strong></span> <span class='ocrx_word' id='word_1_138' title='bbox 2660 2399 2684 2422; x_wconf 67' lang='lat' dir='ltr'><strong>a</strong></span> <span class='ocrx_word' id='word_1_139' title='bbox 2704 2379 2800 2428; x_wconf 80' lang='lat' dir='ltr'><strong>vix</strong></span> <span class='ocrx_word' id='word_1_140' title='bbox 2816 2375 2906 2425; x_wconf 73' lang='lat' dir='ltr'><strong>avi·</strong></span> 
     </span>
     <span class='ocr_line' id='line_1_19' title="bbox 1923 2454 2899 2511; baseline -0.007 0"><span class='ocrx_word' id='word_1_141' title='bbox 1923 2482 1945 2506; x_wconf 75' lang='grc' dir='ltr'><strong>α</strong></span> <span class='ocrx_word' id='word_1_142' title='bbox 1963 2459 2065 2511; x_wconf 88' lang='lat' dir='ltr'><strong>bus</strong></span> <span class='ocrx_word' id='word_1_143' title='bbox 2097 2459 2239 2511; x_wconf 79' lang='lat' dir='ltr'><strong>facili</strong></span> <span class='ocrx_word' id='word_1_144' title='bbox 2272 2460 2476 2509; x_wconf 82' lang='lat' dir='ltr'><strong>tramite</strong></span> <span class='ocrx_word' id='word_1_145' title='bbox 2504 2456 2666 2508; x_wconf 78' lang='lat' dir='ltr'><strong>currit</strong></span> <span class='ocrx_word' id='word_1_146' title='bbox 2686 2454 2859 2507; x_wconf 88' lang='lat' dir='ltr'><strong>homo.</strong></span> <span class='ocrx_word' id='word_1_147' title='bbox 2878 2476 2899 2498; x_wconf 68' lang='grc' dir='ltr'><strong>ο</strong></span> 
     </span>
     <span class='ocr_line' id='line_1_20' title="bbox 1915 2534 2905 2593; baseline -0.009 0"><span class='ocrx_word' id='word_1_148' title='bbox 1915 2542 1992 2593; x_wconf 90' lang='lat' dir='ltr'><strong>De</strong></span> <span class='ocrx_word' id='word_1_149' title='bbox 2022 2537 2223 2592; x_wconf 84' lang='lat' dir='ltr'><strong>difficili</strong></span> <span class='ocrx_word' id='word_1_150' title='bbox 2251 2537 2320 2593; x_wconf 79' lang='lat' dir='ltr'><strong>ad</strong></span> <span class='ocrx_word' id='word_1_151' title='bbox 2348 2538 2568 2589; x_wconf 81' lang='lat' dir='ltr'><strong>oratoris</strong></span> <span class='ocrx_word' id='word_1_152' title='bbox 2596 2534 2808 2589; x_wconf 86' lang='lat' dir='ltr'><strong>laudem</strong></span> <span class='ocrx_word' id='word_1_153' title='bbox 2831 2534 2905 2585; x_wconf 78' lang='lat' dir='ltr'><strong>via</strong></span> 
     </span>
     <span class='ocr_line' id='line_1_21' title="bbox 1915 2613 2902 2688; baseline -0.009 -17"><span class='ocrx_word' id='word_1_154' title='bbox 1915 2619 2098 2671; x_wconf 90' lang='lat' dir='ltr'><strong>eadem</strong></span> <span class='ocrx_word' id='word_1_155' title='bbox 2144 2620 2367 2688; x_wconf 76' lang='lat' dir='ltr'><strong>imagine</strong></span> <span class='ocrx_word' id='word_1_156' title='bbox 2406 2621 2569 2669; x_wconf 86' lang='lat' dir='ltr'><strong>utitur</strong></span> <span class='ocrx_word' id='word_1_157' title='bbox 2603 2617 2817 2667; x_wconf 86' lang='lat' dir='ltr'><strong>Lucian.</strong></span> <span class='ocrx_word' id='word_1_158' title='bbox 2854 2613 2902 2661; x_wconf 76' lang='lat' dir='ltr'><strong>in</strong></span> 
     </span>
     <span class='ocr_line' id='line_1_22' title="bbox 1913 2694 2902 2768; baseline -0.006 -20"><span class='ocrx_word' id='word_1_159' title='bbox 1913 2697 2172 2749; x_wconf 77' lang='lat' dir='ltr'><strong>rhetorum</strong></span> <span class='ocrx_word' id='word_1_160' title='bbox 2207 2706 2445 2768; x_wconf 78' lang='lat' dir='ltr'><strong>proecept.</strong></span> <span class='ocrx_word' id='word_1_161' title='bbox 2468 2733 2483 2759; x_wconf 86' lang='lat'><strong>,</strong></span> <span class='ocrx_word' id='word_1_162' title='bbox 2528 2714 2581 2766; x_wconf 87' lang='lat' dir='ltr'><strong>p.</strong></span> <span class='ocrx_word' id='word_1_163' title='bbox 2625 2694 2730 2745; x_wconf 80' lang='lat'><strong>228</strong></span> <span class='ocrx_word' id='word_1_164' title='bbox 2768 2694 2902 2762; x_wconf 84' lang='lat' dir='ltr'><strong>Bip.,</strong></span> 
     </span>
     <span class='ocr_line' id='line_1_23' title="bbox 1910 2768 2900 2842; baseline -0.01 -15"><span class='ocrx_word' id='word_1_165' title='bbox 1910 2775 2014 2827; x_wconf 81' lang='lat' dir='ltr'><strong>vol.</strong></span> <span class='ocrx_word' id='word_1_166' title='bbox 2035 2778 2155 2842; x_wconf 85' lang='lat' dir='ltr'><strong>vn,</strong></span> <span class='ocrx_word' id='word_1_167' title='bbox 2177 2771 2311 2841; x_wconf 65' lang='lat' dir='ltr'><strong>qiu·</strong></span> <span class='ocrx_word' id='word_1_168' title='bbox 2332 2768 2587 2838; x_wconf 60' lang='grc' dir='ltr'><strong>εὐδαίμονά</strong></span> <span class='ocrx_word' id='word_1_169' title='bbox 2603 2792 2653 2822; x_wconf 71' lang='grc' dir='ltr'><strong>σι</strong></span> <span class='ocrx_word' id='word_1_170' title='bbox 2675 2770 2900 2823; x_wconf 63' lang='lat' dir='ltr'><strong>inodo...</strong></span> 
     </span>
     <span class='ocr_line' id='line_1_24' title="bbox 1911 2847 2906 2923; baseline -0.007 -18"><span class='ocrx_word' id='word_1_171' title='bbox 1911 2852 1950 2905; x_wconf 70' lang='lat' dir='ltr'><strong>ti</strong></span> <span class='ocrx_word' id='word_1_172' title='bbox 1980 2850 2110 2905; x_wconf 73' lang='lat' dir='ltr'><strong>mai</strong></span> <span class='ocrx_word' id='word_1_173' title='bbox 2135 2854 2253 2923; x_wconf 66' lang='lat' dir='ltr'><strong>(eei-&#39;v</strong></span> <span class='ocrx_word' id='word_1_174' title='bbox 2284 2853 2368 2904; x_wconf 60' lang='lat' dir='ltr'><strong>*roff</strong></span> <span class='ocrx_word' id='word_1_175' title='bbox 2402 2849 2712 2916; x_wconf 66' lang='lat' dir='ltr'><strong>Amoeflt&#39;vovc</strong></span> <span class='ocrx_word' id='word_1_176' title='bbox 2735 2848 2811 2900; x_wconf 68' lang='grc' dir='ltr'><strong>καὶ</strong></span> <span class='ocrx_word' id='word_1_177' title='bbox 2830 2847 2906 2899; x_wconf 66' lang='grc' dir='ltr'><strong>τοῦ</strong></span> 
     </span>
     <span class='ocr_line' id='line_1_25' title="bbox 1911 2922 2904 3004; baseline -0.009 -20"><span class='ocrx_word' id='word_1_178' title='bbox 1911 2930 2159 2988; x_wconf 60' lang='lat' dir='ltr'><strong>Hadrume</strong></span> <span class='ocrx_word' id='word_1_179' title='bbox 2196 2931 2363 3004; x_wconf 71' lang='grc' dir='ltr'><strong>ἷχνῶ)</strong></span> <span class='ocrx_word' id='word_1_180' title='bbox 2394 2928 2657 2991; x_wconf 55' lang='lat' dir='ltr'><strong>Muciana,</strong></span> <span class='ocrx_word' id='word_1_181' title='bbox 2687 2931 2836 2993; x_wconf 66' lang='grc' dir='ltr'><strong>ὅστις</strong></span> <span class='ocrx_word' id='word_1_182' title='bbox 2870 2922 2904 2977; x_wconf 78' lang='grc' dir='ltr'><strong>οἷ</strong></span> 
     </span>
     <span class='ocr_line' id='line_1_26' title="bbox 1913 3008 2904 3071; baseline -0.006 -8"><span class='ocrx_word' id='word_1_183' title='bbox 1913 3012 1993 3064; x_wconf 66' lang='lat' dir='ltr'><strong>ior}</strong></span> <span class='ocrx_word' id='word_1_184' title='bbox 2029 3012 2119 3064; x_wconf 61' lang='grc' dir='ltr'><strong><em>’τοῖν</em></strong></span> <span class='ocrx_word' id='word_1_185' title='bbox 2152 3008 2305 3065; x_wconf 64' lang='grc' dir='ltr'><strong>κάλον</strong></span> <span class='ocrx_word' id='word_1_186' title='bbox 2337 3009 2583 3071; x_wconf 71' lang='grc' dir='ltr'><strong>βαίνοντίς.</strong></span> <span class='ocrx_word' id='word_1_187' title='bbox 2611 3010 2687 3059; x_wconf 82' lang='lat' dir='ltr'><strong>Et</strong></span> <span class='ocrx_word' id='word_1_188' title='bbox 2723 3008 2904 3060; x_wconf 81' lang='lat' dir='ltr'><strong>Plinius</strong></span> 
     </span>
     <span class='ocr_line' id='line_1_27' title="bbox 1912 3086 2904 3163; baseline -0.009 -19"><span class='ocrx_word' id='word_1_189' title='bbox 1912 3092 2076 3163; x_wconf 81' lang='lat' dir='ltr'><strong>Epist.</strong></span> <span class='ocrx_word' id='word_1_190' title='bbox 2104 3093 2204 3157; x_wconf 84' lang='lat' dir='ltr'><strong>IX,</strong></span> <span class='ocrx_word' id='word_1_191' title='bbox 2232 3090 2326 3156; x_wconf 82' lang='lat'><strong>26,</strong></span> <span class='ocrx_word' id='word_1_192' title='bbox 2351 3093 2413 3143; x_wconf 75' lang='lat'><strong>3:</strong></span> <span class='ocrx_word' id='word_1_193' title='bbox 2447 3086 2683 3153; x_wconf 67' lang='lat' dir='ltr'><strong>«Vides,</strong></span> <span class='ocrx_word' id='word_1_194' title='bbox 2710 3089 2800 3158; x_wconf 87' lang='lat' dir='ltr'><strong>qui</strong></span> <span class='ocrx_word' id='word_1_195' title='bbox 2817 3103 2904 3156; x_wconf 83' lang='lat' dir='ltr'><strong>per</strong></span> 
     </span>
     <span class='ocr_line' id='line_1_28' title="bbox 1919 3166 2899 3222; baseline -0.009 -2"><span class='ocrx_word' id='word_1_196' title='bbox 1919 3192 1942 3215; x_wconf 81' lang='grc' dir='ltr'><strong>ιι</strong></span> <span class='ocrx_word' id='word_1_197' title='bbox 1962 3171 2142 3221; x_wconf 83' lang='lat' dir='ltr'><strong>funem</strong></span> <span class='ocrx_word' id='word_1_198' title='bbox 2175 3173 2228 3222; x_wconf 90' lang='lat' dir='ltr'><strong>in</strong></span> <span class='ocrx_word' id='word_1_199' title='bbox 2262 3186 2465 3221; x_wconf 79' lang='lat' dir='ltr'><strong>summa</strong></span> <span class='ocrx_word' id='word_1_200' title='bbox 2492 3166 2777 3217; x_wconf 75' lang='lat' dir='ltr'><strong>nituntur»</strong></span> <span class='ocrx_word' id='word_1_201' title='bbox 2810 3177 2899 3215; x_wconf 81' lang='lat' dir='ltr'><strong>ete.</strong></span> 
     </span>
     <span class='ocr_line' id='line_1_29' title="bbox 1912 3243 2904 3320; baseline -0.009 -19"><span class='ocrx_word' id='word_1_202' title='bbox 1912 3250 1974 3300; x_wconf 83' lang='lat' dir='ltr'><strong>ln</strong></span> <span class='ocrx_word' id='word_1_203' title='bbox 1992 3262 2217 3320; x_wconf 88' lang='lat' dir='ltr'><strong>utroque</strong></span> <span class='ocrx_word' id='word_1_204' title='bbox 2236 3250 2359 3300; x_wconf 84' lang='lat' dir='ltr'><strong>loeo</strong></span> <span class='ocrx_word' id='word_1_205' title='bbox 2379 3250 2579 3309; x_wconf 84' lang='lat' dir='ltr'><strong>nitens,</strong></span> <span class='ocrx_word' id='word_1_206' title='bbox 2596 3258 2648 3295; x_wconf 90' lang='lat' dir='ltr'><strong>et</strong></span> <span class='ocrx_word' id='word_1_207' title='bbox 2670 3243 2904 3315; x_wconf 85' lang='lat' dir='ltr'><strong>pedeten-</strong></span> 
     </span>
     <span class='ocr_line' id='line_1_30' title="bbox 1909 3321 2900 3397; baseline -0.007 -18"><span class='ocrx_word' id='word_1_208' title='bbox 1909 3331 2004 3379; x_wconf 87' lang='lat' dir='ltr'><strong>tim</strong></span> <span class='ocrx_word' id='word_1_209' title='bbox 2036 3328 2318 3395; x_wconf 74' lang='lat' dir='ltr'><strong>incedenS,</strong></span> <span class='ocrx_word' id='word_1_210' title='bbox 2350 3328 2562 3397; x_wconf 78' lang='lat' dir='ltr'><strong>fingitur</strong></span> <span class='ocrx_word' id='word_1_211' title='bbox 2594 3321 2900 3375; x_wconf 80' lang='lat' dir='ltr'><strong>scboenoba-</strong></span> 
     </span>
     <span class='ocr_line' id='line_1_31' title="bbox 1909 3402 2901 3477; baseline -0.007 -19"><span class='ocrx_word' id='word_1_212' title='bbox 1909 3421 2004 3459; x_wconf 77' lang='lat' dir='ltr'><strong>teS.</strong></span> <span class='ocrx_word' id='word_1_213' title='bbox 2059 3407 2305 3459; x_wconf 80' lang='lat' dir='ltr'><strong>Patiatur</strong></span> <span class='ocrx_word' id='word_1_214' title='bbox 2349 3406 2641 3477; x_wconf 74' lang='lat' dir='ltr'><strong>significatu</strong></span> <span class='ocrx_word' id='word_1_215' title='bbox 2691 3402 2901 3465; x_wconf 80' lang='lat' dir='ltr'><strong>dicitur,</strong></span> 
     </span>
    </p>
   </div>
   <div class='ocr_carea' id='block_1_4' title="bbox 821 2138 1829 2613">
    <p class='ocr_par' dir='ltr' id='par_1_6' title="bbox 821 2138 1829 2613">
     <span class='ocr_line' id='line_1_32' title="bbox 864 2138 1824 2212; baseline 0.007 -23"><span class='ocrx_word' id='word_1_216' title='bbox 864 2138 973 2189; x_wconf 79' lang='lat' dir='ltr'><strong>rud.</strong></span> <span class='ocrx_word' id='word_1_217' title='bbox 991 2157 1136 2211; x_wconf 80' lang='lat' dir='ltr'><strong>proes.</strong></span> <span class='ocrx_word' id='word_1_218' title='bbox 1159 2161 1256 2212; x_wconf 85' lang='lat' dir='ltr'><strong>per</strong></span> <span class='ocrx_word' id='word_1_219' title='bbox 1273 2160 1531 2210; x_wconf 87' lang='lat' dir='ltr'><strong>errorem,</strong></span> <span class='ocrx_word' id='word_1_220' title='bbox 1552 2144 1648 2196; x_wconf 77' lang='lat' dir='ltr'><strong>sed</strong></span> <span class='ocrx_word' id='word_1_221' title='bbox 1665 2163 1824 2196; x_wconf 83' lang='lat' dir='ltr'><strong>masc.</strong></span> 
     </span>
     <span class='ocr_line' id='line_1_33' title="bbox 863 2218 1353 2274; baseline 0.008 -4"><span class='ocrx_word' id='word_1_222' title='bbox 863 2218 986 2270; x_wconf 80' lang='lat' dir='ltr'><strong>abet</strong></span> <span class='ocrx_word' id='word_1_223' title='bbox 1008 2222 1062 2270; x_wconf 90' lang='lat' dir='ltr'><strong>in</strong></span> <span class='ocrx_word' id='word_1_224' title='bbox 1086 2219 1353 2274; x_wconf 78' lang='lat' dir='ltr'><strong>altissima.</strong></span> 
     </span>
     <span class='ocr_line' id='line_1_34' title="bbox 902 2300 1829 2374; baseline 0.006 -26"><span class='ocrx_word' id='word_1_225' title='bbox 902 2313 946 2348; x_wconf 81' lang='grc' dir='ltr'><strong>ι.</strong></span> <span class='ocrx_word' id='word_1_226' title='bbox 982 2300 1203 2352; x_wconf 71' lang='lat' dir='ltr'><strong>constat.</strong></span> <span class='ocrx_word' id='word_1_227' title='bbox 1230 2302 1648 2371; x_wconf 72' lang='lat' dir='ltr'><strong>Significatione,</strong></span> <span class='ocrx_word' id='word_1_228' title='bbox 1670 2321 1829 2374; x_wconf 86' lang='lat' dir='ltr'><strong>quam</strong></span> 
     </span>
     <span class='ocr_line' id='line_1_35' title="bbox 821 2375 1386 2450; baseline 0.009 -24"><span class='ocrx_word' id='word_1_229' title='bbox 821 2375 1047 2427; x_wconf 78' lang='lat' dir='ltr'><strong>vidimus</strong></span> <span class='ocrx_word' id='word_1_230' title='bbox 1072 2379 1138 2428; x_wconf 87' lang='lat' dir='ltr'><strong>ad</strong></span> <span class='ocrx_word' id='word_1_231' title='bbox 1162 2381 1234 2444; x_wconf 87' lang='lat'><strong>11,</strong></span> <span class='ocrx_word' id='word_1_232' title='bbox 1260 2398 1311 2450; x_wconf 88' lang='lat'><strong>7,</strong></span> <span class='ocrx_word' id='word_1_233' title='bbox 1345 2398 1386 2431; x_wconf 81' lang='grc' dir='ltr'><strong>ι.</strong></span> 
     </span>
     <span class='ocr_line' id='line_1_36' title="bbox 896 2455 1829 2533; baseline 0.008 -27"><span class='ocrx_word' id='word_1_234' title='bbox 896 2472 945 2506; x_wconf 77' lang='lat'><strong>2.</strong></span> <span class='ocrx_word' id='word_1_235' title='bbox 979 2455 1031 2507; x_wconf 84' lang='lat' dir='ltr'><em>A</em></span> <span class='ocrx_word' id='word_1_236' title='bbox 1061 2476 1181 2527; x_wconf 83' lang='lat' dir='ltr'><strong>qua.</strong></span> <span class='ocrx_word' id='word_1_237' title='bbox 1216 2458 1391 2511; x_wconf 86' lang='lat' dir='ltr'><strong>Guelf.</strong></span> <span class='ocrx_word' id='word_1_238' title='bbox 1425 2472 1477 2511; x_wconf 89' lang='lat' dir='ltr'><strong>et</strong></span> <span class='ocrx_word' id='word_1_239' title='bbox 1501 2463 1677 2512; x_wconf 84' lang='lat' dir='ltr'><strong>Turic.</strong></span> <span class='ocrx_word' id='word_1_240' title='bbox 1711 2479 1829 2533; x_wconf 82' lang='lat' dir='ltr'><strong>quoe</strong></span> 
     </span>
     <span class='ocr_line' id='line_1_37' title="bbox 821 2534 1824 2613; baseline 0.006 -27"><span class='ocrx_word' id='word_1_241' title='bbox 821 2551 945 2587; x_wconf 83' lang='lat' dir='ltr'><strong>cum</strong></span> <span class='ocrx_word' id='word_1_242' title='bbox 974 2534 1110 2586; x_wconf 64' lang='lat' dir='ltr'><strong>alm.</strong></span> <span class='ocrx_word' id='word_1_243' title='bbox 1137 2535 1296 2590; x_wconf 88' lang='lat' dir='ltr'><strong>Goth.</strong></span> <span class='ocrx_word' id='word_1_244' title='bbox 1323 2536 1455 2609; x_wconf 80' lang='lat' dir='ltr'><strong>(tac.</strong></span> <span class='ocrx_word' id='word_1_245' title='bbox 1481 2539 1675 2612; x_wconf 55' lang='grc' dir='ltr'><strong>(ἔθει.)</strong></span> <span class='ocrx_word' id='word_1_246' title='bbox 1701 2559 1824 2613; x_wconf 81' lang='lat' dir='ltr'><strong>qua.</strong></span> 
     </span>
    </p>
   </div>
   <div class='ocr_carea' id='block_1_5' title="bbox 812 2611 1825 3466">
    <p class='ocr_par' dir='ltr' id='par_1_7' title="bbox 812 2611 1825 3238">
     <span class='ocr_line' id='line_1_38' title="bbox 819 2611 1825 2687; baseline 0.006 -22"><span class='ocrx_word' id='word_1_247' title='bbox 819 2611 1069 2665; x_wconf 83' lang='lat' dir='ltr'><strong>Gothano</strong></span> <span class='ocrx_word' id='word_1_248' title='bbox 1095 2616 1446 2687; x_wconf 83' lang='lat' dir='ltr'><strong>astipulantur</strong></span> <span class='ocrx_word' id='word_1_249' title='bbox 1463 2622 1616 2671; x_wconf 81' lang='lat' dir='ltr'><strong>Voss.</strong></span> <span class='ocrx_word' id='word_1_250' title='bbox 1643 2633 1748 2671; x_wconf 87' lang='lat' dir='ltr'><strong>tres</strong></span> <span class='ocrx_word' id='word_1_251' title='bbox 1774 2633 1825 2671; x_wconf 87' lang='lat' dir='ltr'><strong>et</strong></span> 
     </span>
     <span class='ocr_line' id='line_1_39' title="bbox 819 2690 1824 2769; baseline 0.009 -28"><span class='ocrx_word' id='word_1_252' title='bbox 819 2690 939 2742; x_wconf 84' lang='lat' dir='ltr'><strong>edd.</strong></span> <span class='ocrx_word' id='word_1_253' title='bbox 967 2710 1094 2744; x_wconf 76' lang='lat' dir='ltr'><strong>meae</strong></span> <span class='ocrx_word' id='word_1_254' title='bbox 1118 2708 1239 2745; x_wconf 87' lang='lat' dir='ltr'><strong>ante</strong></span> <span class='ocrx_word' id='word_1_255' title='bbox 1262 2695 1459 2769; x_wconf 77' lang='lat' dir='ltr'><strong>Gryph.</strong></span> <span class='ocrx_word' id='word_1_256' title='bbox 1487 2713 1702 2762; x_wconf 56' lang='lat' dir='ltr'><strong>omnes,</strong></span> <span class='ocrx_word' id='word_1_257' title='bbox 1726 2712 1824 2750; x_wconf 82' lang='lat' dir='ltr'><strong>ne-</strong></span> 
     </span>
     <span class='ocr_line' id='line_1_40' title="bbox 818 2771 1823 2843; baseline 0.007 -22"><span class='ocrx_word' id='word_1_258' title='bbox 818 2787 922 2840; x_wconf 83' lang='lat' dir='ltr'><strong>que</strong></span> <span class='ocrx_word' id='word_1_259' title='bbox 937 2771 1161 2824; x_wconf 85' lang='lat' dir='ltr'><strong>fortasse</strong></span> <span class='ocrx_word' id='word_1_260' title='bbox 1176 2775 1357 2843; x_wconf 75' lang='lat' dir='ltr'><strong>ignota</strong></span> <span class='ocrx_word' id='word_1_261' title='bbox 1371 2775 1637 2827; x_wconf 80' lang='lat' dir='ltr'><strong>veteribus</strong></span> <span class='ocrx_word' id='word_1_262' title='bbox 1652 2790 1823 2827; x_wconf 88' lang='lat' dir='ltr'><strong>struc-</strong></span> 
     </span>
     <span class='ocr_line' id='line_1_41' title="bbox 814 2849 1822 2925; baseline 0.009 -27"><span class='ocrx_word' id='word_1_263' title='bbox 814 2849 1212 2902; x_wconf 74' lang='lat' dir='ltr'><strong>tura‘declinare</strong></span> <span class='ocrx_word' id='word_1_264' title='bbox 1227 2852 1407 2925; x_wconf 83' lang='lat' dir='ltr'><strong>aliqua</strong></span> <span class='ocrx_word' id='word_1_265' title='bbox 1429 2857 1624 2918; x_wconf 71' lang='lat' dir='ltr'><strong>oe,·etsi</strong></span> <span class='ocrx_word' id='word_1_266' title='bbox 1646 2874 1822 2907; x_wconf 82' lang='lat' dir='ltr'><strong>exem-</strong></span> 
     </span>
     <span class='ocr_line' id='line_1_42' title="bbox 812 2925 1824 2997; baseline 0.01 -21"><span class='ocrx_word' id='word_1_267' title='bbox 812 2925 906 2997; x_wconf 85' lang='lat' dir='ltr'><strong>plo</strong></span> <span class='ocrx_word' id='word_1_268' title='bbox 953 2926 1246 2993; x_wconf 77' lang='lat' dir='ltr'><strong>destituor-3</strong></span> <span class='ocrx_word' id='word_1_269' title='bbox 1289 2934 1389 2983; x_wconf 78' lang='lat' dir='ltr'><strong>nisi</strong></span> <span class='ocrx_word' id='word_1_270' title='bbox 1430 2934 1569 2986; x_wconf 83' lang='lat' dir='ltr'><strong>forte</strong></span> <span class='ocrx_word' id='word_1_271' title='bbox 1612 2934 1824 2986; x_wconf 66' lang='lat' dir='ltr'><strong>evanuit</strong></span> 
     </span>
     <span class='ocr_line' id='line_1_43' title="bbox 813 3009 1821 3083; baseline 0.008 -26"><span class='ocrx_word' id='word_1_272' title='bbox 813 3024 981 3078; x_wconf 86' lang='lat' dir='ltr'><strong>apex,</strong></span> <span class='ocrx_word' id='word_1_273' title='bbox 1013 3020 1071 3058; x_wconf 86' lang='lat' dir='ltr'><strong>ut</strong></span> <span class='ocrx_word' id='word_1_274' title='bbox 1103 3009 1262 3061; x_wconf 86' lang='lat' dir='ltr'><strong>fuerit</strong></span> <span class='ocrx_word' id='word_1_275' title='bbox 1294 3026 1451 3083; x_wconf 78' lang='lat' dir='ltr'><strong>quam</strong></span> <span class='ocrx_word' id='word_1_276' title='bbox 1466 3032 1486 3073; x_wconf 75' lang='lat'><strong>‚⁰</strong></span> <span class='ocrx_word' id='word_1_277' title='bbox 1511 3028 1637 3064; x_wconf 86' lang='lat' dir='ltr'><strong>nam</strong></span> <span class='ocrx_word' id='word_1_278' title='bbox 1665 3026 1717 3064; x_wconf 88' lang='lat' dir='ltr'><strong>et</strong></span> <span class='ocrx_word' id='word_1_279' title='bbox 1747 3014 1821 3064; x_wconf 74' lang='lat' dir='ltr'><strong>sio</strong></span> 
     </span>
     <span class='ocr_line' id='line_1_44' title="bbox 816 3088 1818 3157; baseline 0.011 -23"><span class='ocrx_word' id='word_1_280' title='bbox 816 3088 1047 3137; x_wconf 78' lang='lat' dir='ltr'><strong>struitur.</strong></span> <span class='ocrx_word' id='word_1_281' title='bbox 1082 3117 1156 3127; x_wconf 95' lang='lat'><strong>—</strong></span> <span class='ocrx_word' id='word_1_282' title='bbox 1182 3090 1290 3141; x_wconf 83' lang='lat' dir='ltr'><strong>RR.</strong></span> <span class='ocrx_word' id='word_1_283' title='bbox 1336 3108 1353 3142; x_wconf 86' lang='lat'>1</span> <span class='ocrx_word' id='word_1_284' title='bbox 1377 3128 1394 3157; x_wconf 86' lang='lat'><strong>,</strong></span> <span class='ocrx_word' id='word_1_285' title='bbox 1434 3108 1496 3157; x_wconf 80' lang='lat'><strong>2,</strong></span> <span class='ocrx_word' id='word_1_286' title='bbox 1536 3090 1567 3143; x_wconf 83' lang='grc'>5</span> <span class='ocrx_word' id='word_1_287' title='bbox 1606 3105 1658 3144; x_wconf 91' lang='lat' dir='ltr'><strong>et</strong></span> <span class='ocrx_word' id='word_1_288' title='bbox 1695 3092 1818 3145; x_wconf 85' lang='lat' dir='ltr'><strong>edit.</strong></span> 
     </span>
     <span class='ocr_line' id='line_1_45' title="bbox 813 3164 1391 3238; baseline 0.009 -23"><span class='ocrx_word' id='word_1_289' title='bbox 813 3164 975 3216; x_wconf 59' lang='lat' dir='ltr'><strong>cin».</strong></span> <span class='ocrx_word' id='word_1_290' title='bbox 993 3203 1008 3230; x_wconf 89' lang='lat'><strong>,</strong></span> <span class='ocrx_word' id='word_1_291' title='bbox 1033 3183 1153 3238; x_wconf 83' lang='lat' dir='ltr'><strong>qua.</strong></span> <span class='ocrx_word' id='word_1_292' title='bbox 1179 3169 1391 3222; x_wconf 77' lang='lat' dir='ltr'><strong>Eur-roa.</strong></span> 
     </span>
    </p>

    <p class='ocr_par' dir='ltr' id='par_1_8' title="bbox 814 3245 1824 3391">
     <span class='ocr_line' id='line_1_46' title="bbox 885 3245 1824 3324; baseline 0.006 -29"><span class='ocrx_word' id='word_1_293' title='bbox 885 3245 934 3296; x_wconf 85' lang='lat'><strong>3.</strong></span> <span class='ocrx_word' id='word_1_294' title='bbox 966 3245 1258 3298; x_wconf 62' lang='lat' dir='ltr'><strong>crediderit.</strong></span> <span class='ocrx_word' id='word_1_295' title='bbox 1283 3246 1443 3301; x_wconf 79' lang='lat' dir='ltr'><strong>Goth.</strong></span> <span class='ocrx_word' id='word_1_296' title='bbox 1470 3248 1602 3320; x_wconf 88' lang='lat' dir='ltr'><strong>(tac.</strong></span> <span class='ocrx_word' id='word_1_297' title='bbox 1630 3250 1824 3324; x_wconf 79' lang='lat' dir='ltr'><strong>Gesn.)</strong></span> 
     </span>
     <span class='ocr_line' id='line_1_47' title="bbox 814 3324 1758 3391; baseline 0.008 -20"><span class='ocrx_word' id='word_1_298' title='bbox 814 3324 977 3388; x_wconf 86' lang='lat' dir='ltr'><strong>miro,</strong></span> <span class='ocrx_word' id='word_1_299' title='bbox 1002 3337 1053 3374; x_wconf 90' lang='lat' dir='ltr'><strong>et</strong></span> <span class='ocrx_word' id='word_1_300' title='bbox 1077 3324 1249 3391; x_wconf 78' lang='lat' dir='ltr'><strong>solus,</strong></span> <span class='ocrx_word' id='word_1_301' title='bbox 1275 3346 1478 3379; x_wconf 84' lang='lat' dir='ltr'><strong>errore:</strong></span> <span class='ocrx_word' id='word_1_302' title='bbox 1506 3327 1758 3381; x_wconf 75' lang='lat' dir='ltr'><strong>didicerit.</strong></span> 
     </span>
    </p>

    <p class='ocr_par' dir='ltr' id='par_1_9' title="bbox 884 3401 1820 3466">
     <span class='ocr_line' id='line_1_48' title="bbox 884 3401 1820 3466; baseline 0.01 -15"><span class='ocrx_word' id='word_1_303' title='bbox 884 3401 935 3466; x_wconf 77' lang='grc'><strong>4.</strong></span> <span class='ocrx_word' id='word_1_304' title='bbox 964 3402 1260 3453; x_wconf 74' lang='lat' dir='ltr'><strong>Patiamr...</strong></span> <span class='ocrx_word' id='word_1_305' title='bbox 1288 3407 1598 3458; x_wconf 67' lang='lat' dir='ltr'><strong>tarditatem.</strong></span> <span class='ocrx_word' id='word_1_306' title='bbox 1629 3408 1710 3459; x_wconf 85' lang='lat' dir='ltr'><strong>De</strong></span> <span class='ocrx_word' id='word_1_307' title='bbox 1737 3410 1820 3459; x_wconf 86' lang='lat' dir='ltr'><strong>fu-</strong></span> 
     </span>
    </p>
   </div>
   <div class='ocr_carea' id='block_1_6' title="bbox 810 3478 1820 3618">
    <p class='ocr_par' dir='ltr' id='par_1_10' title="bbox 810 3478 1820 3618">
     <span class='ocr_line' id='line_1_49' title="bbox 810 3478 1820 3555; baseline 0.011 -26"><span class='ocrx_word' id='word_1_308' title='bbox 810 3478 1076 3531; x_wconf 74' lang='lat' dir='ltr'><strong>nambulis</strong></span> <span class='ocrx_word' id='word_1_309' title='bbox 1128 3484 1299 3551; x_wconf 77' lang='lat' dir='ltr'><strong>agitur</strong></span> <span class='ocrx_word' id='word_1_310' title='bbox 1346 3487 1607 3555; x_wconf 81' lang='lat' dir='ltr'><strong>profecto.</strong></span> <span class='ocrx_word' id='word_1_311' title='bbox 1657 3485 1820 3555; x_wconf 89' lang='lat' dir='ltr'><strong>Quod</strong></span> 
     </span>
     <span class='ocr_line' id='line_1_50' title="bbox 810 3558 1818 3618; baseline 0.011 -12"><span class='ocrx_word' id='word_1_312' title='bbox 810 3570 989 3608; x_wconf 81' lang='lat' dir='ltr'><strong>autem</strong></span> <span class='ocrx_word' id='word_1_313' title='bbox 1008 3558 1305 3612; x_wconf 76' lang='lat' dir='ltr'><strong>tarditatem</strong></span> <span class='ocrx_word' id='word_1_314' title='bbox 1323 3564 1377 3614; x_wconf 88' lang='lat' dir='ltr'><strong>in</strong></span> <span class='ocrx_word' id='word_1_315' title='bbox 1399 3565 1459 3615; x_wconf 83' lang='lat' dir='ltr'><strong>iis</strong></span> <span class='ocrx_word' id='word_1_316' title='bbox 1476 3579 1818 3618; x_wconf 86' lang='lat' dir='ltr'><strong>memoratam</strong></span> 
     </span>
    </p>
   </div>
   <div class='ocr_carea' id='block_1_7' title="bbox 803 3638 1816 3953">
    <p class='ocr_par' dir='ltr' id='par_1_11' title="bbox 803 3638 1816 3953">
     <span class='ocr_line' id='line_1_51' title="bbox 806 3638 1816 3714; baseline 0.011 -28"><span class='ocrx_word' id='word_1_317' title='bbox 806 3638 1026 3688; x_wconf 88' lang='lat' dir='ltr'><strong>miratur</strong></span> <span class='ocrx_word' id='word_1_318' title='bbox 1041 3638 1306 3692; x_wconf 80' lang='lat' dir='ltr'><strong>Gesnerus</strong></span> <span class='ocrx_word' id='word_1_319' title='bbox 1317 3679 1333 3706; x_wconf 89' lang='lat'><strong>,</strong></span> <span class='ocrx_word' id='word_1_320' title='bbox 1348 3644 1461 3714; x_wconf 83' lang='lat' dir='ltr'><strong>ipsa</strong></span> <span class='ocrx_word' id='word_1_321' title='bbox 1477 3646 1692 3695; x_wconf 86' lang='lat' dir='ltr'><strong>nomina</strong></span> <span class='ocrx_word' id='word_1_322' title='bbox 1712 3642 1816 3697; x_wconf 86' lang='lat' dir='ltr'><strong>ho—</strong></span> 
     </span>
     <span class='ocr_line' id='line_1_52' title="bbox 805 3719 1809 3794; baseline 0.01 -28"><span class='ocrx_word' id='word_1_323' title='bbox 805 3732 923 3767; x_wconf 82' lang='lat' dir='ltr'><strong>rum</strong></span> <span class='ocrx_word' id='word_1_324' title='bbox 946 3719 1382 3788; x_wconf 69' lang='lat' dir='ltr'><strong>praestigiatorum</strong></span> <span class='ocrx_word' id='word_1_325' title='bbox 1409 3723 1550 3794; x_wconf 87' lang='lat' dir='ltr'><strong>apud</strong></span> <span class='ocrx_word' id='word_1_326' title='bbox 1572 3737 1773 3776; x_wconf 76' lang='lat' dir='ltr'><strong>veteres</strong></span> <span class='ocrx_word' id='word_1_327' title='bbox 1797 3746 1809 3776; x_wconf 69' lang='grc' dir='ltr'><em>τ</em></span> 
     </span>
     <span class='ocr_line' id='line_1_53' title="bbox 804 3791 1814 3875; baseline 0.011 -31"><span class='ocrx_word' id='word_1_328' title='bbox 804 3791 1104 3860; x_wconf 63' lang='grc' dir='ltr'><strong>σχοινοέαίτιις</strong></span> <span class='ocrx_word' id='word_1_329' title='bbox 1116 3835 1134 3863; x_wconf 89' lang='grc'>,</span> <span class='ocrx_word' id='word_1_330' title='bbox 1146 3797 1495 3869; x_wconf 76' lang='lat' dir='ltr'><strong>fitnambulus</strong></span> <span class='ocrx_word' id='word_1_331' title='bbox 1512 3800 1814 3875; x_wconf 73' lang='lat' dir='ltr'><strong>(funinepus</strong></span> 
     </span>
     <span class='ocr_line' id='line_1_54' title="bbox 803 3874 1805 3953; baseline 0.01 -30"><span class='ocrx_word' id='word_1_332' title='bbox 803 3874 961 3924; x_wconf 88' lang='lat' dir='ltr'><strong>etiam</strong></span> <span class='ocrx_word' id='word_1_333' title='bbox 984 3874 1229 3947; x_wconf 82' lang='lat' dir='ltr'><strong>Appulei.</strong></span> <span class='ocrx_word' id='word_1_334' title='bbox 1255 3876 1449 3931; x_wconf 86' lang='lat' dir='ltr'><strong>Florid.</strong></span> <span class='ocrx_word' id='word_1_335' title='bbox 1481 3900 1534 3953; x_wconf 87' lang='lat' dir='ltr'><strong>p.</strong></span> <span class='ocrx_word' id='word_1_336' title='bbox 1566 3881 1805 3933; x_wconf 85' lang='lat' dir='ltr'><strong>Elmenh.</strong></span> 
     </span>
    </p>
   </div>
   <div class='ocr_carea' id='block_1_8' title="bbox 794 3950 2895 4265">
    <p class='ocr_par' dir='ltr' id='par_1_12' title="bbox 794 3950 2895 4265">
     <span class='ocr_line' id='line_1_55' title="bbox 800 3950 1812 4022; baseline 0.01 -20"><span class='ocrx_word' id='word_1_337' title='bbox 800 3950 971 4022; x_wconf 84' lang='lat'><strong>359),</strong></span> <span class='ocrx_word' id='word_1_338' title='bbox 1016 3953 1222 4005; x_wconf 84' lang='lat' dir='ltr'><strong>tardum</strong></span> <span class='ocrx_word' id='word_1_339' title='bbox 1265 3959 1527 4010; x_wconf 81' lang='lat' dir='ltr'><strong>incessum</strong></span> <span class='ocrx_word' id='word_1_340' title='bbox 1563 3959 1812 4012; x_wconf 81' lang='lat' dir='ltr'><strong>videntur</strong></span> 
     </span>
     <span class='ocr_line' id='line_1_56' title="bbox 796 4031 2895 4110; baseline 0.005 -29"><span class='ocrx_word' id='word_1_341' title='bbox 796 4031 1091 4100; x_wconf 70' lang='lat' dir='ltr'><strong>significare</strong></span> <span class='ocrx_word' id='word_1_342' title='bbox 1111 4071 1127 4098; x_wconf 86' lang='lat'><strong>,</strong></span> <span class='ocrx_word' id='word_1_343' title='bbox 1170 4050 1475 4106; x_wconf 84' lang='lat' dir='ltr'><strong>comparata</strong></span> <span class='ocrx_word' id='word_1_344' title='bbox 1516 4042 1806 4109; x_wconf 80' lang='lat' dir='ltr'><strong>praesertim</strong></span> <span class='ocrx_word' id='word_1_345' title='bbox 1895 4037 2056 4090; x_wconf 85' lang='lat' dir='ltr'><strong>Goth.</strong></span> <span class='ocrx_word' id='word_1_346' title='bbox 2077 4037 2211 4108; x_wconf 84' lang='lat' dir='ltr'><strong>(tac.</strong></span> <span class='ocrx_word' id='word_1_347' title='bbox 2231 4037 2426 4109; x_wconf 81' lang='lat' dir='ltr'><strong>Gesn.)</strong></span> <span class='ocrx_word' id='word_1_348' title='bbox 2444 4038 2488 4090; x_wconf 78' lang='lat' dir='ltr'><strong>si</strong></span> <span class='ocrx_word' id='word_1_349' title='bbox 2504 4056 2609 4110; x_wconf 82' lang='lat' dir='ltr'><strong>qua</strong></span> <span class='ocrx_word' id='word_1_350' title='bbox 2626 4045 2756 4087; x_wconf 73' lang='lat' dir='ltr'><strong>mut·</strong></span> <span class='ocrx_word' id='word_1_351' title='bbox 2782 4049 2895 4084; x_wconf 76' lang='lat' dir='ltr'><strong>cnm</strong></span> 
     </span>
     <span class='ocr_line' id='line_1_57' title="bbox 797 4111 2893 4190; baseline 0.002 -32"><span class='ocrx_word' id='word_1_352' title='bbox 797 4126 920 4159; x_wconf 89' lang='lat' dir='ltr'><strong>cum</strong></span> <span class='ocrx_word' id='word_1_353' title='bbox 966 4122 1146 4162; x_wconf 81' lang='lat' dir='ltr'><strong>nostra</strong></span> <span class='ocrx_word' id='word_1_354' title='bbox 1190 4113 1583 4184; x_wconf 85' lang='lat' dir='ltr'><strong>appellatione;</strong></span> <span class='ocrx_word' id='word_1_355' title='bbox 1631 4136 1822 4187; x_wconf 87' lang='lat' dir='ltr'><strong>neque.</strong></span> <span class='ocrx_word' id='word_1_356' title='bbox 1896 4115 2005 4169; x_wconf 80' lang='lat' dir='ltr'><strong>Bal.</strong></span> <span class='ocrx_word' id='word_1_357' title='bbox 2036 4129 2090 4168; x_wconf 90' lang='lat' dir='ltr'><strong>et</strong></span> <span class='ocrx_word' id='word_1_358' title='bbox 2116 4116 2236 4170; x_wconf 86' lang='lat' dir='ltr'><strong>edd.</strong></span> <span class='ocrx_word' id='word_1_359' title='bbox 2271 4129 2393 4170; x_wconf 83' lang='lat' dir='ltr'><strong>ante</strong></span> <span class='ocrx_word' id='word_1_360' title='bbox 2420 4115 2620 4190; x_wconf 74' lang='lat' dir='ltr'><strong>Gryph.</strong></span> <span class='ocrx_word' id='word_1_361' title='bbox 2656 4111 2893 4167; x_wconf 77' lang='lat' dir='ltr'><strong>omnibus</strong></span> 
     </span>
     <span class='ocr_line' id='line_1_58' title="bbox 794 4187 2043 4265; baseline 0.008 -29"><span class='ocrx_word' id='word_1_362' title='bbox 794 4187 1011 4238; x_wconf 87' lang='lat' dir='ltr'><strong>memini</strong></span> <span class='ocrx_word' id='word_1_363' title='bbox 1033 4188 1261 4241; x_wconf 70' lang='lat' dir='ltr'><strong>mirifice</strong></span> <span class='ocrx_word' id='word_1_364' title='bbox 1280 4190 1502 4265; x_wconf 74' lang='lat' dir='ltr'><strong>alicujus</strong></span> <span class='ocrx_word' id='word_1_365' title='bbox 1523 4194 1803 4247; x_wconf 78' lang='lat' dir='ltr'><strong>celeritatis</strong></span> <span class='ocrx_word' id='word_1_366' title='bbox 1895 4197 2043 4248; x_wconf 84' lang='lat' dir='ltr'><strong>meis.</strong></span> 
     </span>
    </p>
   </div>
   <div class='ocr_carea' id='block_1_9' title="bbox 1901 3484 2900 4031">
    <p class='ocr_par' dir='ltr' id='par_1_13' title="bbox 1911 3484 2588 3557">
     <span class='ocr_line' id='line_1_59' title="bbox 1911 3484 2588 3557; baseline -0.006 -18"><span class='ocrx_word' id='word_1_367' title='bbox 1911 3504 2068 3557; x_wconf 87' lang='lat' dir='ltr'><strong>quem</strong></span> <span class='ocrx_word' id='word_1_368' title='bbox 2092 3486 2315 3540; x_wconf 84' lang='lat' dir='ltr'><strong>vidimus</strong></span> <span class='ocrx_word' id='word_1_369' title='bbox 2339 3486 2388 3549; x_wconf 87' lang='lat'><strong>1,</strong></span> <span class='ocrx_word' id='word_1_370' title='bbox 2415 3504 2474 3551; x_wconf 69' lang='grc' dir='ltr'><strong>α,</strong></span> <span class='ocrx_word' id='word_1_371' title='bbox 2501 3484 2588 3537; x_wconf 85' lang='lat'><strong>31.</strong></span> 
     </span>
    </p>

    <p class='ocr_par' dir='ltr' id='par_1_14' title="bbox 1901 3556 2900 3950">
     <span class='ocr_line' id='line_1_60' title="bbox 1981 3556 2898 3637; baseline -0.009 -19"><span class='ocrx_word' id='word_1_372' title='bbox 1981 3563 2029 3618; x_wconf 85' lang='lat'><strong>5.</strong></span> <span class='ocrx_word' id='word_1_373' title='bbox 2060 3566 2188 3637; x_wconf 83' lang='lat' dir='ltr'><strong>Quoe</strong></span> <span class='ocrx_word' id='word_1_374' title='bbox 2203 3574 2339 3619; x_wconf 75' lang='lat' dir='ltr'><strong>sunt.</strong></span> <span class='ocrx_word' id='word_1_375' title='bbox 2358 3556 2534 3616; x_wconf 78' lang='lat' dir='ltr'><strong>Turie&#39;.</strong></span> <span class='ocrx_word' id='word_1_376' title='bbox 2561 3563 2622 3632; x_wconf 84' lang='lat' dir='ltr'><strong>Q.</strong></span> <span class='ocrx_word' id='word_1_377' title='bbox 2639 3562 2768 3625; x_wconf 77' lang='lat' dir='ltr'><strong>sint,</strong></span> <span class='ocrx_word' id='word_1_378' title='bbox 2790 3578 2898 3611; x_wconf 85' lang='lat' dir='ltr'><strong>cum</strong></span> 
     </span>
     <span class='ocr_line' id='line_1_61' title="bbox 1906 3640 2900 3696; baseline -0.007 0"><span class='ocrx_word' id='word_1_379' title='bbox 1906 3644 2025 3696; x_wconf 89' lang='lat' dir='ltr'><strong>edd.</strong></span> <span class='ocrx_word' id='word_1_380' title='bbox 2047 3640 2174 3696; x_wconf 66' lang='lat' dir='ltr'><strong>&#39;ante</strong></span> <span class='ocrx_word' id='word_1_381' title='bbox 2199 3646 2313 3696; x_wconf 79' lang='lat' dir='ltr'><strong>Bas.</strong></span> <span class='ocrx_word' id='word_1_382' title='bbox 2341 3641 2587 3694; x_wconf 77' lang='lat' dir='ltr'><strong>omnibus</strong></span> <span class='ocrx_word' id='word_1_383' title='bbox 2612 3654 2668 3693; x_wconf 91' lang='lat' dir='ltr'><strong>et</strong></span> <span class='ocrx_word' id='word_1_384' title='bbox 2689 3656 2900 3692; x_wconf 79' lang='lat' dir='ltr'><strong>revoca—</strong></span> 
     </span>
     <span class='ocr_line' id='line_1_62' title="bbox 1902 3720 2900 3788; baseline -0.008 -14"><span class='ocrx_word' id='word_1_385' title='bbox 1902 3725 1975 3774; x_wconf 76' lang='lat' dir='ltr'><strong>vit</strong></span> <span class='ocrx_word' id='word_1_386' title='bbox 2008 3723 2135 3777; x_wconf 89' lang='lat' dir='ltr'><strong>Ohr.</strong></span> <span class='ocrx_word' id='word_1_387' title='bbox 2162 3752 2234 3762; x_wconf 93' lang='lat'><strong>—-</strong></span> <span class='ocrx_word' id='word_1_388' title='bbox 2258 3722 2365 3774; x_wconf 85' lang='lat' dir='ltr'><strong>RR.</strong></span> <span class='ocrx_word' id='word_1_389' title='bbox 2404 3739 2424 3773; x_wconf 87' lang='lat'>1</span> <span class='ocrx_word' id='word_1_390' title='bbox 2447 3760 2464 3787; x_wconf 83' lang='lat'><strong>,</strong></span> <span class='ocrx_word' id='word_1_391' title='bbox 2492 3721 2559 3788; x_wconf 73' lang='grc'><strong>4,</strong></span> <span class='ocrx_word' id='word_1_392' title='bbox 2586 3729 2724 3770; x_wconf 80' lang='lat' dir='ltr'><strong>sunt.</strong></span> <span class='ocrx_word' id='word_1_393' title='bbox 2751 3720 2810 3769; x_wconf 79' lang='lat' dir='ltr'><strong>R.</strong></span> <span class='ocrx_word' id='word_1_394' title='bbox 2844 3732 2900 3779; x_wconf 81' lang='lat'><strong>2,</strong></span> 
     </span>
     <span class='ocr_line' id='line_1_63' title="bbox 1902 3792 2899 3870; baseline -0.008 -17"><span class='ocrx_word' id='word_1_395' title='bbox 1902 3801 2060 3853; x_wconf 72' lang='lat' dir='ltr'><strong>Cam».</strong></span> <span class='ocrx_word' id='word_1_396' title='bbox 2075 3840 2092 3867; x_wconf 85' lang='lat'><strong>,</strong></span> <span class='ocrx_word' id='word_1_397' title='bbox 2105 3801 2222 3853; x_wconf 80' lang='lat' dir='ltr'><strong>sint.</strong></span> <span class='ocrx_word' id='word_1_398' title='bbox 2240 3800 2542 3870; x_wconf 77' lang='lat' dir='ltr'><strong>Elegantius</strong></span> <span class='ocrx_word' id='word_1_399' title='bbox 2557 3810 2697 3850; x_wconf 84' lang='lat' dir='ltr'><strong>certe</strong></span> <span class='ocrx_word' id='word_1_400' title='bbox 2712 3792 2816 3848; x_wconf 76' lang='lat' dir='ltr'><strong>lioe</strong></span> <span class='ocrx_word' id='word_1_401' title='bbox 2827 3794 2899 3845; x_wconf 89' lang='lat' dir='ltr'><strong>lo-</strong></span> 
     </span>
     <span class='ocr_line' id='line_1_64' title="bbox 1901 3877 2844 3950; baseline -0.011 -18"><span class='ocrx_word' id='word_1_402' title='bbox 1901 3899 1966 3932; x_wconf 89' lang='lat' dir='ltr'><strong>co</strong></span> <span class='ocrx_word' id='word_1_403' title='bbox 1986 3880 2249 3932; x_wconf 86' lang='lat' dir='ltr'><strong>diceretur</strong></span> <span class='ocrx_word' id='word_1_404' title='bbox 2265 3880 2395 3946; x_wconf 72' lang='lat' dir='ltr'><strong>sint,</strong></span> <span class='ocrx_word' id='word_1_405' title='bbox 2419 3897 2575 3950; x_wconf 84' lang='lat' dir='ltr'><strong>quam</strong></span> <span class='ocrx_word' id='word_1_406' title='bbox 2595 3886 2732 3929; x_wconf 78' lang='lat' dir='ltr'><strong>sunt.</strong></span> <span class='ocrx_word' id='word_1_407' title='bbox 2755 3877 2844 3927; x_wconf 79' lang='lat' dir='ltr'><strong>En.</strong></span> 
     </span>
    </p>

    <p class='ocr_par' dir='ltr' id='par_1_15' title="bbox 1970 3953 2896 4031">
     <span class='ocr_line' id='line_1_65' title="bbox 1970 3953 2896 4031; baseline -0.009 -21"><span class='ocrx_word' id='word_1_408' title='bbox 1970 3958 2020 4010; x_wconf 82' lang='lat'><strong>6.</strong></span> <span class='ocrx_word' id='word_1_409' title='bbox 2051 3960 2109 4010; x_wconf 76' lang='lat' dir='ltr'><strong>Si</strong></span> <span class='ocrx_word' id='word_1_410' title='bbox 2134 3959 2264 4031; x_wconf 78' lang='lat' dir='ltr'><strong>quid</strong></span> <span class='ocrx_word' id='word_1_411' title='bbox 2289 3968 2419 4009; x_wconf 82' lang='lat' dir='ltr'><strong>mut.</strong></span> <span class='ocrx_word' id='word_1_412' title='bbox 2441 3959 2614 4011; x_wconf 80' lang='lat' dir='ltr'><strong>Turio.</strong></span> <span class='ocrx_word' id='word_1_413' title='bbox 2645 3953 2821 4008; x_wconf 86' lang='lat' dir='ltr'><strong>Guelf.</strong></span> <span class='ocrx_word' id='word_1_414' title='bbox 2850 3963 2896 4003; x_wconf 88' lang='lat' dir='ltr'><strong>et</strong></span> 
     </span>
    </p>
   </div>
  </div>
 </body>
</html>
