3200 5150
752 406 1403 475 INSTITUTIONIS
1438 404 1695 473 ORAT.
1736 406 1898 474 LIB.
1940 412 2004 488 1,
2053 430 2151 475 12.
2370 412 2495 499 247

403 530 480 606 in
514 528 748 605 labore
781 559 925 604 uno
958 557 1426 630 perseverare,
1462 529 1619 602 ideo
1640 544 1659 575 ¹
1708 551 1773 603 et
1810 531 2036 631 stylus
2062 531 2357 606 lectione
2397 560 2501 606 re-

405 646 693 746 quiescit
714 703 735 738 ,
781 668 848 719 et
898 645 1110 745 ipsius
1161 644 1474 718 lectionis
1520 644 1805 717 taedium
1858 645 2166 718 vicibus²
2219 646 2497 719 levatur.

403 759 815 853 Quamlibet
847 759 1068 832 multa
1101 760 1486 859 egerimuS,
1521 758 1831 860 quodam
1865 779 2101 832 tamen
2140 760 2349 833 modo
2386 789 2498 834 re-

400 895 630 947 centes
654 902 898 947 sumus
931 875 1018 947 ad
1061 875 1130 946 id
1165 875 1355 975 quod
1396 873 1794 974 incipimus,
1823 875 2004 966 Quis
2032 903 2175 948 non
2203 876 2501 951 obtundi

398 990 644 1088 possit,
697 989 753 1062 si
795 1017 918 1088 per
954 1010 1178 1062 totum
1227 990 1413 1061 diem
1462 987 2018 1091 cujuscumque-’⁹
2061 989 2218 1062 artis
2269 1017 2497 1063 unum

397 1098 808 1203 magistrum
836 1104 1053 1176 ferat?
1085 1103 1466 1176 mutatione
1497 1103 1939 1192 recreabitur,
1977 1104 2151 1176 sicut
2183 1103 2255 1174 in
2287 1103 2496 1196 cibis,

395 1245 700 1319 quorum
723 1218 1103 1290 diversitate
1125 1218 1426 1291 reficitur
1445 1218 1877 1306 stomachus,
1899 1238 1966 1290 et
1989 1217 2341 1318 pluribuS,
2365 1218 2498 1290 mi-

395 1359 566 1405 nore
597 1331 908 1420 fastidio,
945 1331 1170 1403 alitur.
1205 1334 1347 1403 Aut
1380 1329 1614 1404 dicant
1647 1331 1753 1403 isti
1782 1332 1957 1404 mihi
1972 1330 2029 1421 4,
2059 1359 2214 1434 quae
2248 1334 2332 1405 sit
2363 1333 2499 1405 alia

396 1446 565 1519 ratio
592 1445 939 1519 discendi?
969 1448 1437 1518 Grammatico
1455 1443 1483 1491 5
1509 1445 1637 1519 soli
1662 1445 2213 1520 deserviamus5?
2243 1447 2499 1520 deinde

395 1578 758 1662 qeometroe
780 1582 1053 1634 tantum
1074 1618 1093 1651 ,
1129 1561 1530 1634 omittamus
1554 1560 1832 1633 interim
1867 1561 2059 1658 quod
2088 1561 2502 1634 didicimus?

395 1705 560 1750 mox
578 1699 1007 1751 transeamus
1028 1680 1115 1751 ad
1138 1684 1502 1766 musicum,
1525 1676 1842 1750 excidant
1861 1674 2124 1775 priora?
2147 1695 2244 1764 et,
2268 1704 2496 1776 quum

391 1794 659 1867 Latinis
699 1793 1134 1866 studebimus
1174 1792 1447 1881 litteris,
1491 1818 1637 1863 non
1680 1790 2126 1888 respiciamus
2160 1789 2247 1862 ad
2294 1792 2494 1864 Groe-

392 1907 558 1981 cas?
589 1928 690 1999 et,
724 1930 802 1982 ut
833 1909 1048 1982 semel
1086 1909 1329 1981 finiam
1350 1962 1371 1998 ,
1407 1906 1582 1978 nihil
1616 1905 1995 1995 faciamus,
2031 1904 2162 1977 nisi
2197 1905 2493 1977 novissi-

393 2021 649 2095 mum?
670 2025 816 2096 Cur
846 2052 991 2097 non
1023 2024 1211 2098 idem
1227 2037 1264 2097 ⁷,
1289 2020 1666 2095 suademus
1693 2019 2049 2120 agricolis,
2089 2047 2178 2092 ne
2211 2046 2372 2093 arva
2404 2019 2493 2092 si-

393 2221 570 2272 matici
624 2220 806 2274 Graeci.
863 2223 1085 2293 Insignis
1139 2224 1195 2274 in
1248 2221 1394 2274 hunc

393 2318 607 2354 sensum
650 2304 832 2356 Nostri
877 2302 1026 2354 locus
1070 2305 1137 2369 V,
1184 2320 1236 2373 7,
1285 2301 1350 2368 24
1377 2323 1389 2352 =

398 2381 636 2434 -multos
672 2395 830 2454 atque
866 2381 1121 2435 honestos
1162 2380 1395 2452 (testes)

397 2480 421 2505 α
446 2460 814 2513 comendare
845 2460 1119 2534 aliquanto
1149 2473 1229 2513 est
1259 2461 1393 2511 faci·

395 2560 419 2586 α
439 2538 540 2592 lius
560 2563 583 2589 ιι
619 2559 777 2611 quam
804 2543 860 2594 in
885 2543 1071 2612 paucis
1099 2552 1151 2595 et
1177 2538 1394 2593 humili-

390 2619 491 2673 bus
526 2622 754 2692 gloriari.
789 2622 948 2695 Apud
982 2625 1289 2676 Ciceronem
1326 2619 1393 2674 de

390 2699 537 2752 Orat.
576 2701 653 2767 11,
693 2701 757 2767 24
783 2722 797 2751 2
847 2700 1049 2754 «iidem
1090 2701 1167 2753 ini
1205 2700 1392 2753 melius

397 2797 419 2823 ο
440 2776 713 2850 aliquanto
731 2779 994 2847 dicerent,
1017 2784 1098 2834 si·
1126 2794 1225 2833 etc.
1249 2783 1390 2833 Brut.

393 2854 459 2925 78
482 2877 494 2906 z
540 2878 564 2902 ιι
584 2860 676 2928 qui
717 2858 901 2912 melius
946 2859 1221 2931 aliquanto
1261 2876 1393 2929 pos-

394 2953 418 2980 ·
438 2948 610 2987 sent...
635 2935 826 2990 dicere.
848 2961 872 2985 ι
900 2937 1001 2990 Sed
1025 2950 1150 2988 nota
1173 2955 1271 2988 res.

465 3030 508 3065 1.
535 3012 716 3066 Ideo...
739 3014 1017 3087 nquiescit.
1043 3015 1120 3064 Ita
1139 3013 1313 3065 Guelf.
1339 3026 1391 3065 et

385 3090 546 3144 Goth.
572 3090 697 3162 (tac.
723 3092 908 3164 Gesn.)
933 3111 1056 3144 cum
1077 3094 1231 3143 Voss.
1265 3109 1310 3157 1,
1341 3109 1388 3142 2.

385 3171 617 3242 Recepta
650 3170 879 3243 ideoque.
918 3170 1124 3223 Praetuji
1155 3182 1392 3222 nostram

385 3248 545 3320 (cum
567 3248 801 3323 Gryphio
834 3248 1025 3320 1544),
1051 3252 1173 3320 quia
1196 3248 1394 3300 indica-

388 3332 525 3381 tivus
536 3368 554 3395 ‚
569 3330 857 3403 requiescit,
877 3328 1105 3382 ostendit
1120 3328 1223 3380 hoc
1244 3347 1392 3379 com·

389 3427 474 3461 ma
488 3409 556 3461 ad
569 3428 732 3482 quum
747 3426 856 3461 non
872 3408 1098 3480 amplius
1111 3408 1387 3480 pertinere.

388 3515 461 3527 -—
481 3490 543 3540 R.
577 3505 624 3553 ι,
651 3506 709 3554 2,
734 3488 794 3554 3,
817 3489 1009 3552 Caum,
1034 3486 1147 3537 ideo
1175 3495 1240 3536 et.
1271 3485 1389 3537 Cu».

390 3579 443 3616 et
464 3564 549 3618 ed.
574 3565 768 3633 Hac-lm,
794 3563 1008 3639 ideoque
1032 3575 1097 3616 et.
1122 3564 1214 3616 En.

463 3662 510 3697 2.
559 3645 788 3717 Stylus...
839 3647 1040 3698 vicibus.
1094 3643 1269 3716 Stylus
1314 3656 1394 3695 est

391 3722 655 3776 scribendi
682 3723 863 3788 labor3
896 3725 1113 3788 vicibus,
1143 3725 1286 3776 varia
1314 3721 1393 3774 le-

387 3801 582 3872 gendo.
629 3806 815 3874 Neque
865 3807 1007 3857 enim
1053 3817 1187 3876 puto
1203 3840 1221 3870 ,
1268 3821 1392 3853 cum

389 3881 644 3954 Gedoyno
670 3895 722 3933 et
745 3882 1200 3954 Capperonnerio,
1225 3882 1395 3949 Quin-

389 3960 629 4014 tilianum
662 3960 848 4013 vicibus
879 3961 1068 4014 dixisse
1095 3980 1193 4033 pro
1223 3961 1393 4013 denuo

392 4041 603 4112 repetito
643 4039 890 4094 scribendi
926 4040 1109 4096 labore.
1152 4043 1393 4113 Jejunius

391 4117 497 4172 boc
512 4158 531 4188 ,
553 4134 607 4176 et
630 4120 806 4175 obstat
831 4119 1000 4192 ipsius.

1554 2220 1605 2273 3.
1633 2221 2036 2292 cujuscumque,
2056 2218 2141 2271 vel
2162 2216 2496 2290 jucundissi-

1481 2318 1577 2351 mae
1601 2322 1614 2350 :
1640 2302 1951 2351 monotonia
1976 2297 2187 2351 taidium
2210 2301 2363 2371 parit.
2394 2302 2488 2352 Eo.

1553 2378 1606 2444 4.
1635 2377 1747 2429 Aut
1774 2378 1856 2430 isti
1882 2377 2063 2428 dicant
2087 2376 2235 2429 mihi.
2274 2380 2358 2431 An
2390 2380 2493 2430 ista

1484 2455 1584 2509 alia
1609 2457 1743 2507 ratio
1768 2454 2007 2508 discendi
2032 2457 2156 2522 erit,
2177 2458 2219 2508 si
2237 2474 2491 2526 gramma-

1483 2538 1589 2589 tico
1630 2535 1729 2588 soli
1766 2535 2151 2602 deserviamus,
2187 2550 2287 2589 etc.
2330 2538 2490 2590 Rom..

1555 2614 1605 2666 5.
1648 2614 1934 2666 Discendi?
1969 2616 2329 2686 qrammatico.
2375 2617 2452 2667 Ita
2470 2653 2492 2683 ,

1483 2712 1605 2745 cum
1621 2706 1701 2744 tot
1715 2692 1857 2758 aliis,
1875 2692 2050 2744 Guelf.
2068 2706 2119 2745 et
2131 2694 2306 2745 Turio.
2325 2713 2492 2766 quum

1481 2771 1641 2842 vulgo
1688 2773 1948 2823 inseratur
1991 2771 2050 2823 Si
2067 2809 2084 2835 ,
2131 2786 2451 2843 praepostere
2470 2810 2491 2839 ‚

1483 2849 1632 2921 quod
1646 2851 1874 2901 sentiens
1892 2868 2029 2900 unus
2045 2851 2306 2902 Gesnerus
2327 2850 2493 2903 inclu-

1482 2931 1548 2981 sit
1565 2928 1638 2981 Si.
1661 2925 1826 2979 Malui
1847 2945 2161 2998 expungere.
2183 2957 2255 2968 --
2272 2931 2333 2981 R.
2363 2947 2406 2995 ι,
2430 2949 2456 2982 2
2471 2967 2492 2996 ‚

1482 3006 1514 3059 3
1527 3046 1544 3074 ,
1564 3006 1625 3073 4,
1645 3017 1953 3077 expungunt
1969 3001 2023 3056 τό
2040 3005 2098 3056 si.
2124 3006 2338 3058 Servant
2357 3005 2490 3060 illud

1479 3087 1541 3137 R.
1576 3102 1622 3150 1,
1644 3085 1805 3136 Cim».
1831 3097 1882 3135 et
1907 3083 1990 3134 ed.
2017 3081 2180 3134 Hack.
2204 3113 2277 3123 --
2299 3084 2488 3137 Melius

1481 3179 1659 3216 autem
1683 3182 1804 3215 cum
1827 3168 1889 3217 V.
1915 3164 1972 3215 C.
1999 3162 2251 3234 Spalding
2271 3167 2485 3217 omissio

1481 3244 1875 3316 conjunctionis
1908 3242 1950 3295 ςί
1970 3264 1985 3291 .·
2021 3255 2132 3293 tum
2164 3243 2305 3293 enim
2334 3243 2490 3297 facile

1479 3323 1795 3378 subauditur
1817 3342 1903 3374 an.
1934 3324 2026 3373 Eo.

1551 3405 1602 3458 6.
1644 3403 2053 3454 Deserviamus...
2082 3401 2365 3474 faciamus.
2400 3405 2489 3457 ln·-

1482 3495 1655 3548 stant,
1690 3494 1741 3533 et
1770 3480 2125 3534 adversarium
2151 3496 2370 3552 urgent,
2397 3503 2490 3554 ge-

1482 3565 1691 3614 minatae
1727 3558 1807 3613 hie
1845 3562 2193 3631 quoestiones‚
2232 3581 2343 3615 non
2374 3565 2488 3624 aine

1482 3642 1649 3694 multa
1672 3640 1947 3711 elegantia.
1973 3641 2215 3712 Explices
2237 3663 2249 3692 :
2283 3666 2305 3689 ιι
2325 3642 2491 3695 Jube-

1488 3746 1512 3770 ιι
1531 3723 1734 3774 buntne
1758 3741 1857 3774 nos
1882 3721 2179 3775 deservire?
2198 3746 2220 3770 ι
2251 3735 2351 3774 ete.

1555 3822 1603 3874 7.
1636 3805 1740 3856 Cur
1760 3820 1866 3853 non
1896 3801 2049 3853 idem.
2078 3801 2263 3854 Malim
2285 3803 2394 3854 fere
2419 3801 2487 3853 ii·

1480 3882 1598 3935 dem
1615 3921 1632 3948 ,
1657 3882 1740 3934 vel
1768 3883 1889 3933 item
1905 3903 1924 3942 ,-
1951 3899 2075 3933 nam
2104 3879 2237 3931 idem
2252 3919 2271 3947 ,
2303 3881 2489 3935 subse-

1484 3960 1769 4032 quentibus
1806 3961 1919 4011 istis
1955 3978 2077 4010 ne...
2115 3973 2292 4009 curam
2329 3958 2486 4032 (quae

1484 4053 1609 4092 sunt
1636 4043 1751 4111 ipsa
1780 4057 1874 4104 ea,
1903 4055 2017 4109 quae
2046 4036 2364 4113 suadentur)
2392 4041 2487 4094 fn·-

1482 4133 1603 4190 get,
1626 4120 1727 4173 nisi
1748 4118 1920 4171 fallor.
1945 4116 2115 4171 codd.
2142 4118 2313 4173 silent.
