3200 5150
653 473 1298 543 INSTITUTIONIS
1332 475 1587 541 ORAT.
1627 476 1788 541 LlB.
1830 478 1924 555 ΙΙ,
1974 478 2072 544 15.
2283 481 2412 547 333

329 600 570 673 borum
590 599 920 673 dissensio
943 620 1062 673 est.
1082 600 1318 671 Prima
1336 627 1414 672 ac
1435 599 1784 698 praecipua
1798 600 2214 699 opinionum
2234 604 2418 677 circa

326 714 460 787 hoc
485 716 907 805 differentia,
927 714 1119 816 quod
1143 715 1258 787 alii
1284 714 1504 787 malos
1527 739 1812 816 quoque
1836 716 2015 789 viros
2040 744 2236 815 posse
2264 746 2418 790 ora-

324 850 503 903 tores
550 831 683 902 dici
727 850 1011 929 putant3
1053 829 1167 901 alii
1207 833 1547 928 (quorum
1588 856 1717 903 nos
1763 831 2114 903 sententiae
2153 831 2422 903 accedi-

322 946 525 1042 mus)
562 972 822 1018 nomen
863 946 994 1017 hoc
1018 1000 1037 1033 ‚
1077 964 1474 1042 artemque,
1510 944 1594 1016 de
1629 971 1770 1044 qua
1801 943 2183 1044 loquimur,
2218 944 2425 1018 bonis

323 1057 619 1132 demum
642 1074 659 1104 ¹
685 1059 909 1131 tribui
944 1058 1208 1131 volunt.
1244 1061 1510 1131 Eorum
1544 1080 1816 1149 autem,
1852 1060 1974 1158 qui
2009 1059 2286 1133 dicendi
2319 1061 2427 1132 fa-

323 1172 654 1245 cultatem
681 1201 721 1244 a
743 1173 1007 1274 majore
1033 1200 1111 1245 ac
1138 1173 1362 1273 magis
1387 1174 1770 1273 expetenda
1792 1174 1943 1246 vitae
1968 1172 2175 1246 laude
2205 1200 2427 1247 secer-

322 1307 545 1375 nunt,
587 1286 875 1384 quidam
915 1286 1301 1359 rhetoricen
1344 1293 1486 1359 vim
1523 1307 1798 1361 tantum
1822 1343 1842 1377 ,
1872 1288 2173 1387 quidam
2213 1295 2429 1362 scien·

327 1406 532 1488 tiam,
569 1400 688 1473 sed
721 1428 865 1473 non
897 1401 1257 1491 virtutem,
1296 1402 1587 1502 quidam
1625 1429 1858 1492 usum,
1891 1403 2182 1501 quidam
2209 1421 2427 1477 artem

323 1515 654 1616 quidem,
694 1517 815 1589 sed
850 1544 891 1588 a
926 1518 1212 1591 scientia
1246 1538 1313 1591 et
1346 1518 1592 1591 virtute
1623 1518 2057 1620 dijunctam²
2081 1577 2100 1610 ,
2134 1519 2425 1621 quidam

324 1632 538 1704 etiam
559 1638 974 1731 pravitatem
1000 1632 1382 1732 quamdam
1408 1638 1609 1722 artis,
1638 1632 1710 1704 id
1739 1655 1869 1724 est,
1895 1647 2231 1723 κακοτεχνίαν
2248 1633 2276 1678 ³
2302 1662 2430 1707 no-

323 1746 792 1820 minaverunt.
817 1747 911 1818 Hi
931 1749 1107 1836 fere,
1131 1767 1253 1820 aut
1280 1754 1350 1819 in
1375 1749 1882 1847 persuadendO,
1906 1753 2118 1819 autin
2142 1749 2427 1821 dicendo

325 1856 681 1961 apposite4
695 1863 1368 1962 adpersuadendum,
1389 1863 1696 1961 positum
1718 1860 1961 1941 orandi
1983 1889 2246 1934 munus
2266 1886 2431 1936 sunt

326 1973 676 2065 arbitrati3
708 1976 779 2049 id
809 1978 1000 2049 enim
1034 1977 1183 2049 fieri
1212 1997 1433 2078 potest
1459 1977 1547 2049 ab
1578 2004 1662 2049 eo
1686 2002 2004 2075 quoque,
2031 1976 2153 2073 qui
2180 1977 2283 2049 vir
2308 1977 2428 2051 bo·

323 2116 468 2163 nus
491 2116 636 2161 non
666 2091 784 2162 sit:
816 2113 915 2163 est
939 2090 1146 2191 igitur
1168 2090 1768 2191 frequentissimus
1773 2092 1948 2193 finis
1963 2087 2018 2177 ⁵,
2047 2088 2431 2164 rhetoricen

326 2233 468 2281 esse
495 2209 636 2278 vim
654 2207 1109 2305 persuadendi
1122 2205 1153 2252 ⁶
1168 2239 1195 2295 ,·
1224 2208 1418 2308 quod
1444 2233 1573 2305 ego
1600 2210 1746 2278 vim
1769 2203 2047 2304 appello
2064 2260 2085 2295 ,
2111 2203 2427 2306 plerique

407 2390 430 2426 1
444 2413 458 2426 .
500 2374 658 2427 Bonis
693 2375 921 2429 demum.
958 2380 1082 2431 Hoec
1123 2380 1339 2432 Catonis

327 2470 553 2526 quoque
575 2453 813 2507 Censorii
837 2460 1096 2510 sententia
1123 2458 1256 2524 fuit,
1284 2459 1340 2508 in

324 2531 472 2586 libro
489 2529 555 2584 de
570 2534 790 2587 Oratore
810 2533 879 2586 ad
897 2534 1089 2603 filium,
1104 2549 1163 2589 ut
1183 2535 1341 2588 refert

327 2612 536 2666 Seneca
555 2624 707 2682 pater
722 2614 867 2684 praef.
890 2613 957 2665 ad
974 2615 1225 2667 Controv.
1246 2614 1282 2667 l.
1298 2617 1341 2706 Ι,

327 2710 387 2763 p.
416 2688 518 2755 62,
541 2687 663 2739 loco
686 2691 967 2761 praeclaro,
993 2706 1046 2745 et
1063 2693 1225 2764 (ligno
1251 2696 1342 2763 qui

330 2770 544 2838 legatur
578 2786 610 2818 a
648 2767 914 2843 studiosis.
956 2774 1191 2825 «Orator
1227 2784 1306 2823 est
1325 2810 1343 2840 ‚

337 2846 567 2898 «Marce
586 2844 686 2912 fili,
710 2847 790 2898 vir
807 2848 992 2915 bonus,
1018 2849 1228 2903 dicendi
1250 2869 1346 2922 pe·-

338 2926 537 2976 «ritus.
560 2924 844 2996 nSejungit
861 2931 1028 2980 virum
1050 2929 1252 2981 bonum
1275 2928 1344 2981 ab

336 3014 555 3056 oratore
582 3001 727 3073 apud
754 3005 1063 3059 Ciceronem
1083 3009 1344 3059 Antonius

335 3082 410 3136 de
436 3083 581 3134 Orat.
607 3083 683 3148 ΙΙ,
716 3098 814 3148 20,
844 3096 896 3135 et
922 3087 1036 3156 ipse
1064 3088 1262 3137 Invent.
1293 3088 1346 3152 1,

338 3164 397 3229 3,
418 3160 470 3228 4.
483 3159 616 3212 Vide
632 3160 777 3232 apud
789 3164 941 3215 Nost.
957 3163 1080 3230 ΧΠ,
1099 3182 1145 3231 1,
1163 3181 1180 3214 1
1193 3185 1207 3227 ;
1220 3165 1350 3216 item

336 3244 567 3294 Prooem.
607 3242 768 3291 totius
808 3259 895 3312 op.
934 3260 985 3311 9.
1023 3244 1102 3296 De
1138 3242 1347 3294 demum

337 3317 466 3372 vide
488 3320 802 3371 Prooemium
826 3320 876 3372 3.

421 3413 471 3448 2.
507 3396 827 3469 Dzjunctam.
861 3399 1036 3452 Guelf.
1069 3402 1352 3473 sty‘unctam

344 3494 475 3529 cum
495 3474 811 3545 quibusdam
832 3477 1000 3530 Codd.
1022 3478 1200 3531 Plures
1224 3478 1354 3531 dant

341 3554 656 3624 disjunctam
676 3592 694 3620 ,
730 3549 931 3627 aliquot
968 3571 1175 3624 tamen,
1209 3559 1352 3630 iique

345 3632 568 3703 optimi,
585 3647 852 3704 receptam
871 3650 1078 3689 extrusa
1096 3637 1138 3688 S
1154 3635 1352 3704 littera,

348 3727 517 3781 quam
538 3712 795 3763 rationem
812 3714 921 3766 fere
939 3716 1223 3786 praeferunt
1239 3719 1350 3769 VV-

347 3790 469 3844 DI).
494 3789 726 3861 quippe
711 3792 765 3841 in
790 3796 1160 3864 antiquissimis
1183 3792 1354 3852 Codd.

347 3872 652 3934 inventam,
698 3884 882 3923 contra
925 3871 1137 3924 decreta
1181 3887 1359 3928 tamen

349 3946 832 4000 Grammaticorum
901 3950 1355 4004 Putschianorum.

352 4023 494 4078 vide
511 4022 775 4077 Drakenb.
794 4026 861 4078 ad
879 4028 988 4081 Liv.
1009 4031 1172 4096 XLII,
1194 4029 1288 4100 59,
1309 4031 1358 4097 4.

356 4104 511 4156 -R.1
521 4140 539 4170 ,
548 4106 846 4177 seiunctam.
857 4106 940 4159 Al.
952 4107 1059 4179 diju
1066 4118 1255 4161 netum.
1267 4112 1360 4163 En.

436 4182 487 4235 3.
522 4184 847 4251 Καπιχνίαν.
875 4185 1220 4262 Appellamus
1249 4206 1366 4246 eam

1428 2390 1622 2444 artem,
1642 2392 1757 2449 qum
1779 2394 1890 2428 non
1913 2375 1984 2429 ad
2003 2376 2234 2439 bonum,
2253 2374 2345 2426 sed
2366 2373 2437 2427 acl

1427 2456 1628 2510 malum
1651 2467 1730 2508 est
1753 2468 2086 2527 comparata;
2112 2457 2265 2524 cujus
2289 2452 2438 2505 modi

1430 2547 1510 2589 est
1532 2552 1616 2587 ars
1635 2534 1856 2604 magica.
1877 2535 2040 2586 Porro
2058 2531 2302 2586 nonnulli
2322 2531 2438 2584 rhe-

1429 2614 1591 2666 torica
1610 2613 1680 2666 ad
1702 2613 1978 2666 hominum
2000 2613 2290 2685 perniciem
2312 2610 2439 2665 abn-

1431 2705 1630 2745 tuntur.
1652 2694 1819 2743 Tutus.

1453 2815 1460 2822 .
1503 2771 1553 2837 4.
1607 2771 1871 2842 Apposite.
1923 2773 2101 2822 Turic.
2153 2768 2328 2822 Guelf.
2387 2782 2443 2821 et

1431 2848 1593 2903 Goth.
1618 2846 1753 2920 (tac.
1778 2847 1964 2918 Gesn.)
1986 2858 2132 2919 apte,
2156 2847 2303 2920 quod
2326 2849 2443 2918 qui-

1432 2928 1556 2980 dem
1571 2926 1725 2980 facile
1739 2927 1897 2992 feras,
1909 2924 1995 2977 alii
2005 2937 2177 2998 aperte
2186 2924 2443 2996 (utJens.‚

1435 3020 1539 3059 tac.
1558 3006 1720 3059 Gesn.
1734 3043 1751 3072 ,
1771 3018 1824 3057 et
1841 3003 2039 3074 Tarm),
2060 3004 2214 3056 male.
2240 3005 2442 3076 Recep-

1436 3097 1500 3136 tae
1540 3082 1734 3135 vindex
1774 3082 1952 3134 nullus
1986 3082 2193 3134 videtur
2230 3081 2448 3149 Codex,

1435 3180 1561 3213 nam
1576 3160 1717 3215 Alm.
1743 3173 1795 3212 et
1817 3163 1969 3212 Bern.
1993 3163 2083 3231 qui
2102 3160 2338 3227 silentur,
2357 3179 2445 3214 so-

1439 3241 1551 3293 lent
1578 3241 1883 3311 conspirare
1912 3258 2034 3291 cum
2057 3240 2231 3294 Guelf.
2258 3253 2312 3291 et
2331 3243 2445 3293 Tu-

1438 3323 1530 3372 rie.
1550 3341 1566 3384 ;
1589 3316 1757 3372 Aldus
1780 3321 1989 3392 primus?
2003 3318 2166 3370 habet
2187 3319 2448 3391 apposite,

1442 3397 1588 3470 quod
1612 3400 1776 3452 suasit
1793 3399 1987 3468 Regius
1999 3435 2015 3463 ,
2037 3411 2096 3449 ut
2113 3410 2167 3450 et
2182 3408 2319 3470 apte.
2344 3397 2448 3451 sed

1439 3489 1656 3550 recepta
1680 3495 1736 3529 se
1760 3489 1937 3527 tuetur
1958 3477 2302 3530 Ciceroniana
2325 3476 2451 3529 defi-

1440 3559 1642 3609 nitione
1671 3554 1739 3607 de
1765 3556 1875 3606 Inv.
1904 3556 1959 3622 1,
1989 3553 2020 3607 5
2037 3594 2054 3623 ,
2084 3553 2175 3606 ubi
2201 3553 2284 3608 bis
2314 3578 2337 3602 ιι
2354 3574 2447 3626 ap-

1447 3635 1653 3708 «posite
1688 3632 1758 3685 ad
1793 3635 2267 3706 persuasionem»,
2305 3655 2329 3679 α
2348 3652 2448 3705 ap·-

1449 3716 1653 3787 «posite
1680 3715 1749 3767 ad
1777 3714 2131 3767 sanandum.»
2165 3712 2299 3767 Vide
2325 3730 2450 3765 mox

1444 3796 1490 3863 S.
1517 3792 1579 3860 5,
1601 3792 1697 3846 ubi
1718 3792 1863 3845 nulla
1887 3796 2127 3846 varietas.

1519 3871 1570 3926 5.
1590 3874 1748 3925 Finis.
1770 3876 2007 3925 Potestas
2026 3869 2273 3922 vocabuli
2292 3888 2451 3942 appa-

1447 3965 1544 4004 ret.
1580 3954 1663 4005 Sic
1697 3965 1749 4004 et
1779 3950 2084 4004 Aristoteles
2123 3961 2175 4001 et
2205 3949 2452 4001 Euclides

1449 4044 1674 4084 utuntur
1692 4030 1764 4098 τᾷ
1785 4049 1867 4099 opp
1888 4026 1992 4082 ἀντὶ
2009 4029 2098 4079 *τοῦ
2066 4025 2303 4094 eipso-pub*
2305 4068 2316 4079 .
2341 4030 2450 4081 Cic.

1453 4109 1667 4182 quidem
1675 4106 2239 4181 haecfim'ssignificatio
2252 4111 2455 4179 ignota.

1522 4187 1575 4242 6.
1606 4187 1965 4242 libetur-icen...
1990 4187 2350 4260 persuadendi.
2374 4190 2457 4250 Ita
