3200 5150
599 526 1255 596 INSTITUTIONIS
1293 526 1552 592 ORAT.
1596 527 1760 591 LIB.
1800 527 1934 604 111,
1984 550 2082 591 11.

284 649 799 751 Clytaemnestra
836 653 1428 750 Aqamemnonem
1470 651 1815 722 occiderit.
1857 649 2084 722 Iidem
2113 648 2397 750 judica·-

282 766 551 840 tionem
580 788 647 840 et
670 787 927 840 statum
958 766 1347 839 consentire
1377 791 1658 865 semper
1680 764 2164 840 existimarunt
2183 779 2238 854 ¹;
2275 791 2400 838 ne-

283 909 423 981 que
460 884 697 955 enim²
729 883 923 955 aliud
957 910 1203 956 eorum
1240 881 1489 957 rationi
1523 882 1947 956 conveniens
1977 881 2238 955 fuisset.
2259 883 2401 952 Ve-
2438 911 2497 946 21

286 1023 446 1070 rum
493 997 640 1070 haee
685 1000 1005 1071 affectata
1041 996 1383 1072 subtilitas
1422 998 1605 1071 circa
1638 998 1935 1071 nomina
1975 1023 2210 1070 rerum
2249 1022 2400 1067 am-

282 1113 525 1186 bitiose
560 1114 828 1187 laboret
844 1111 900 1203 ³,
936 1141 977 1186 a
1022 1115 1226 1187 nobis
1267 1115 1342 1186 in
1386 1114 1520 1186 hoc
1565 1111 1968 1214 assump1a4
2006 1111 2273 1200 solum,
2307 1138 2399 1183 ne

285 1255 540 1328 parum
571 1228 940 1329 diligenter
962 1229 1327 1331 inquisisse
1354 1229 1440 1302 de
1465 1256 1677 1329 opere
1693 1286 1712 1319 ‚
1737 1228 1930 1328 quod
1964 1226 2262 1327 aggressi
2285 1252 2401 1298 su-

287 1369 481 1433 mus»,
509 1345 945 1434 videremur;
978 1343 1412 1446 simplicius⁵
1442 1357 1680 1418 aute‘m
1710 1341 2097 1418 instituenti
2125 1368 2273 1415 non
2303 1360 2404 1413 est

287 1486 565 1532 necesse
591 1487 717 1562 per
738 1481 887 1533 tam
911 1461 1221 1534 minutas
1248 1487 1483 1533 rerum
1510 1458 1881 1560 particulas
1907 1457 2248 1529 rationem
2280 1456 2404 1529 do-

287 1573 541 1647 cendi⁶
571 1574 975 1665 concidere3
1006 1603 1150 1676 quo
1181 1575 1346 1648 vitio
1387 1574 1593 1648 multi
1629 1571 1922 1675 quidem
1953 1571 2401 1662 laborarunt,
2442 1612 2505 1647 υ

2267 523 2386 614 571

277 1794 439 1868 plecti
471 1794 632 1847 Goth.
662 1798 807 1849 Jens.
842 1794 939 1862 (de
966 1794 1157 1867 compl.
1188 1809 1292 1848 tac.
1387 1795 1564 1848 cunda
1600 1814 1763 1848 mann
1802 1796 1821 1845 i
1857 1796 2218 1867 superscripta
2248 1795 2306 1864 «τῇ
2344 1813 2397 1847 u.

280 1874 467 1940 Gesn.)
506 1892 629 1926 cum
661 1878 814 1926 Voss.
861 1892 888 1926 2
922 1888 976 1926 et
1009 1873 1130 1926 edd.
1168 1876 1295 1926 meis
1384 1874 1552 1942 Illud,
1576 1877 1632 1927 in
1663 1894 1782 1928 meo
1810 1877 1955 1927 JenS.
1982 1874 2256 1946 exemplo,
2279 1893 2400 1926 cor-

281 1969 403 2009 ante
434 1955 636 2027 Gryph.
669 1955 935 2008 omnihus.
967 1956 1066 2007 Hic
1093 1957 1295 2028 primus
1385 1954 1610 2026 rigendo
1631 1956 1826 2008 invexit
1847 1956 2064 2023 antiqua
2084 1971 2288 2006 manus.
2306 1955 2403 2006 Re-

280 2035 428 2087 Hi...
470 2033 785 2086 videntur...
826 2034 1113 2108 complexi,
1149 2034 1297 2105 quod

277 2114 530 2184 deinceps
581 2128 897 2187 receperunt
948 2132 1132 2167 omnes
1178 2132 1289 2166 exc.

202 2215 207 2224 ⁴
279 2192 410 2246 Obr.
436 2222 509 2231 -
529 2193 592 2245 R.
620 2192 652 2245 5
676 2207 729 2245 et
751 2194 943 2258 Cium,
970 2193 1185 2244 Hoc....
1215 2193 1295 2244 vi-

278 2269 543 2321 dentum..
581 2269 855 2343 complexi.
888 2273 952 2323 R:
994 2288 1050 2337 1,
1087 2270 1290 2323 Πρω...

281 2348 597 2402 videntum...
628 2347 920 2421 complecti.
950 2349 1100 2403 Car».
1131 2364 1184 2404 et
1207 2349 1291 2402 ed.

280 2427 477 2493 Hack,
502 2429 653 2481 HL...
678 2428 994 2481 videntum...
1016 2427 1291 2502 complexi.

279 2509 372 2561 En.
402 2538 476 2547 -
501 2508 634 2561 Hoc.
758 2520 1036 2583 utramque
1066 2528 1291 2562 causam.

279 2591 460 2640 Potest
493 2589 685 2640 mirum
716 2588 881 2642 videri
919 2587 1097 2660 quod,
1131 2607 1297 2661 quum

280 2669 379 2719 tria
407 2670 536 2734 ista,
562 2679 679 2722 stat.
711 2680 849 2720 cont.
866 2669 1127 2742 judicat„
1152 2669 1297 2721 idem

278 2746 424 2799 dieta
454 2759 638 2812 ⁸narret
670 2747 740 2800 ab
772 2750 869 2815 iis,
901 2766 1035 2819 quos
1068 2747 1295 2820 probat,

282 2839 461 2879 tamen
474 2825 787 2879 continentis
800 2827 1020 2879 seorsim
1033 2828 1292 2878 rationem

282 2903 471 2956 reddit.
507 2903 611 2958 Sed
646 2923 810 2975 quum
843 2905 984 2956 idem
1018 2920 1134 2956 esse
1165 2923 1294 2976 pro—

279 2986 564 3051 nunciant,
589 2986 754 3055 magis
779 2983 971 3037 eodem
992 2984 1191 3051 redire,
1216 2983 1293 3036 al·

281 3077 557 3134 terumque
567 3082 668 3136 pro
680 3063 846 3115 altero
860 3065 1102 3136 usurpari
1108 3080 1292 3135 posse,

280 3141 597 3212 significant,
614 3160 773 3213 quam
790 3144 1000 3194 omnem
1014 3143 1292 3194 nominum

274 3221 633 3274 differentiam
656 3221 864 3274 tollunt.
882 3224 959 3273 Ita
975 3221 1041 3274 de
1060 3230 1223 3275 status
1240 3235 1293 3274 et

261 3299 609 3372 judicationis
645 3318 911 3353 consensu
947 3300 1292 3353 nihilominus

278 3377 483 3450 aliquid
504 3379 801 3451 subjicitur,
827 3392 878 3432 et
903 3398 1025 3431 mox
1054 3379 1132 3451 (5.
1163 3380 1287 3451 24):

286 3480 310 3504 a·
330 3476 485 3510 causa
507 3458 589 3510 vel
613 3458 882 3512 continens
909 3458 1120 3525 dreitur,
1147 3457 1315 3530 quod-

287 3560 311 3582 α
330 3537 477 3589 litem
505 3538 666 3591 faciat
684 3562 707 3587 a
736 3537 832 3591 ubi
864 3538 1061 3591 itidem‘
1082 3536 1293 3591 additur

287 3639 311 3663 οι
330 3615 472 3670 idem
512 3637 626 3670 esse
665 3637 727 3669 ac
763 3617 1098 3692 q'uoestionem
1136 3631 1190 3670 et
1228 3618 1293 3669 de

286 3718 308 3742 u
329 3714 433 3768 quo
454 3694 692 3769 judicari
727 3708 972 3767 oporteat.
996 3722 1019 3746 ι
1063 3697 1292 3769 Utraque

279 3793 436 3829 causa
460 3793 574 3845 quae
597 3777 692 3841 sit,
714 3774 835 3826 vide
861 3775 904 3845 §.
934 3774 982 3828 5.
1108 3782 1113 3789 ’

359 3870 378 3904 ι
391 3894 402 3905 .
417 3853 814 3907 Existimarunt.
826 3853 987 3906 Goth.
1005 3868 1060 3906 et
1068 3859 1221 3908 Voss.
1239 3872 1288 3923 2,

276 3934 577 3986 existimant
592 3972 610 4000 ‚
655 3953 778 3986 eum
820 3932 940 3986 edd.
990 3936 1117 3987 meis
1165 3948 1288 3989 ante

277 4011 400 4064 Ald.
418 4030 522 4065 sec.
541 4012 787 4067 omnibus
803 4031 915 4065 exe.
935 4012 1055 4066 Ald.
1078 4032 1160 4085 pr.
1181 4016 1289 4067 Re-

276 4094 486 4143 vocavit
506 4109 737 4164 praesens
760 4091 1042 4166 GryphiuS.
1072 4093 1289 4146 Falsum

282 4187 424 4238 esse,
444 4169 676 4223 ostendit
696 4170 842 4242 quod
860 4171 1140 4244 subjicitur
1148 4172 1288 4245 fuis-

281 4260 368 4301 set.
386 4253 559 4305 Turic.
582 4250 1031 4317 existimaverunt,
1049 4250 1144 4305 sed
1162 4269 1192 4305 a
1213 4269 1290 4305 se·

1386 2045 1597 2105 ceptam
1629 2033 1721 2085 dat
1748 2031 1925 2086 Guelf.
1958 2050 2192 2102 quocum
2222 2034 2400 2085 facere

1387 2125 1513 2165 sunt
1534 2112 1789 2184 putandi,
1816 2130 2043 2183 quorum
2072 2110 2217 2185 nulla
2248 2131 2399 2164 men-

1384 2194 1480 2244 tio.
1498 2191 1582 2245 Sic
1602 2210 1764 2265 supra
1783 2190 1852 2262 (5.
1877 2191 1964 2262 19)
1977 2190 2285 2256 noberunt,
2307 2210 2399 2244 ne-

1386 2290 1490 2344 que
1510 2284 1591 2324 est
1606 2272 1755 2343 quod
1773 2283 1995 2344 propter
2012 2269 2124 2324 haec
2138 2273 2401 2343 praeterita

1383 2350 1582 2404 haereas
1607 2354 1662 2403 in
1685 2352 1748 2403 iis
1778 2373 1802 2397 α
1821 2349 1885 2403 lis
1910 2367 2024 2402 esse
2049 2367 2159 2402 non
2174 2350 2337 2421 possit
2348 2374 2397 2416 n,

1382 2450 1484 2503 pro
1523 2449 1630 2502 quo
1664 2429 1816 2483 malis
1856 2451 1879 2475 ιι
2006 2438 2187 2500 posset.
2211 2453 2235 2478 a
2264 2429 2431 2482 Vide.

1386 2510 1478 2561 lib.
1506 2512 1602 2577 111,
1627 2527 1743 2582 cap.
1771 2507 1834 2574 6,
1858 2506 1903 2580 §.
1931 2507 2017 2562 38.
2398 2535 2405 2544 ·

1461 2609 1509 2644 2.
1527 2591 1714 2663 Neque
1729 2590 1889 2642 enirn.
1917 2586 2001 2640 Sic
2020 2589 2197 2640 Turio.
2219 2587 2395 2642 Guelf.

1385 2667 1470 2722 ed.
1502 2669 1656 2721 Basil.
1689 2678 1945 2739 utraque,
1974 2669 2148 2719 caeteri
2176 2669 2287 2721 Nec
2312 2687 2395 2721 en.

1383 2747 1520 2800 Vide
1545 2747 1636 2799 lib.
1664 2748 1761 2813 111,
1785 2766 1905 2819 cap.
1933 2748 1993 2814 8,
2016 2749 2066 2816 5.
2093 2747 2178 2814 44.

1455 2825 1507 2879 3.
1538 2825 1822 2878 Ambitiose
1848 2825 2055 2876 laboret.
2087 2828 2165 2877 lta
2190 2826 2361 2879 codd.
2379 2866 2396 2893 ‚

1383 2917 1443 2956 ut
1477 2902 1692 2976 quidem
1722 2903 1971 2956 videntur
2006 2922 2207 2956 omne&
2238 2908 2392 2958 Tarv.

1382 2983 1465 3036 ed.
1505 2982 1781 3055 (recedens
1817 3002 1848 3035 a
1884 2985 2028 3037 JenS.
2061 2984 2183 3037 vide
2221 2983 2266 3055 §.
2307 2986 2395 3055 19)

1383 3064 1610 3128 laborat,
1632 3081 1756 3115 cum
1779 3062 1900 3115 Ald.
1925 3077 2026 3115 utr.
2053 3063 2188 3116 Edd.
2217 3083 2343 3116 meae
2363 3084 2394 3117 a

1381 3143 1535 3197 Basil.
1580 3142 1651 3196 ad
1693 3143 2006 3197 Leidensem
2052 3162 2223 3214 nsque
2269 3163 2393 3197 oum

1381 3223 1587 3295 aliquot
1613 3236 1865 3295 praeterea
1892 3222 2160 3275 ambitioso
2190 3222 2388 3289 labore,

1382 3301 1528 3373 quod
1553 3320 1661 3373 quo
1686 3320 1814 3353 casu
1838 3303 2120 3353 correxerit
2142 3299 2393 3354 Schreve-

1380 3382 1510 3447 line,
1533 3381 1666 3434 Leid
1694 3380 1884 3445 editor,
1909 3378 2156 3449 equidem
2179 3382 2389 3450 ignoro.

1379 3490 1453 3500 —
1473 3460 1770 3511 Ambitiose.
1794 3457 1928 3512 Vide
1950 3460 2048 3523 111,
2075 3460 2136 3524 8,
2159 3457 2248 3525 45.

1452 3539 1503 3606 4.
1542 3539 1611 3590 In
1650 3538 1747 3589 hoc
1777 3548 2055 3611 assumpta.
2092 3538 2225 3591 Edd.
2263 3558 2392 3594 meae

1380 3615 1518 3669 ande
1553 3615 1674 3669 ΔΜ.
1713 3633 1820 3668 sec.
1860 3634 2045 3669 omnes
2084 3619 2117 3669 i.
2160 3617 2269 3670 hoec
2303 3638 2351 3670 α.
2375 3657 2393 3685 ,

1381 3709 1603 3769 excepto
1637 3695 1760 3751 Ald.
1792 3712 1873 3769 pr.
1912 3717 2010 3768 per
2043 3715 2276 3750 errorem
2312 3710 2393 3749 sat

1380 3793 1735 3828 communem.
1758 3775 1893 3827 Vide
1916 3777 1990 3841 ΙΙ,
2018 3792 2098 3845 17,
2124 3775 2209 3827 30.

1451 3854 1501 3907 5.
1524 3852 1903 3926 Simplicia-50..
1931 3853 2235 3905 instituenti.
2260 3852 2391 3906 Vide

1377 3935 1473 4000 111,
1494 3934 1557 4000 6,
1582 3932 1669 3987 83.
1690 3932 1993 4005 Simplicius
2013 3934 2286 3985 instituere
2311 3932 2392 3985 est

1378 4031 1501 4065 cum
1537 4013 1687 4065 nullo
1720 4012 1930 4065 lectoris
1958 4006 2250 4084 judicaturi
2281 4030 2392 4065 res-

1375 4104 1566 4165 pectu.,
1591 4090 1687 4143 sed
1707 4090 2000 4163 discipulos
2020 4090 2166 4143 solos
2187 4092 2394 4145 intuen-

1378 4185 1486 4225 tem
1498 4172 1712 4224 docere.
1730 4170 1863 4223 Vide
1876 4183 1992 4223 not.
2013 4170 2083 4222 ad
2095 4172 2170 4237 11,
2195 4188 2222 4222 α
2236 4209 2253 4237 ‚
2269 4170 2387 4224 5111.

1449 4252 1501 4304 6.
1534 4252 1813 4304 Rationem
1835 4249 2068 4304 docendi.
2102 4252 2187 4305 Sic
2210 4252 2384 4305 Guelf.
