3200 5150
787 524 875 591 90

1363 498 1456 562 M.
1499 497 1731 605 risu
1766 496 2328 581 QUINTILIAM

786 624 865 699 ni
884 637 904 668 ¹
952 620 1293 723 placuisse
1329 623 1503 693 Aiio
1547 623 2042 721 Maiiamque²
2086 618 2441 720 geminata
2479 617 2515 691 Ι
2555 618 2894 695 scribere:

785 816 949 872 bendi
965 818 1235 873 UULGUS
1257 830 1309 872 et
1327 818 1582 873 SERUUS
1596 858 1614 885 ,
1636 837 1802 890 quum

786 900 1078 969 antiquitus
1126 898 1446 951 scriberetur
1490 898 1764 952 UOLGUS
1783 936 1801 964 ,

786 980 1046 1032 SERUOS
1073 976 1258 1049 (quod
1285 977 1483 1031 docent
1510 990 1563 1030 ct
1586 979 1802 1042 Noster,

786 1079 834 1112 c.
859 1078 910 1130 7,
934 1059 1029 1126 26,
1048 1073 1101 1111 ct
1117 1061 1399 1123 Priscian.,
1418 1078 1471 1130 p.
1495 1056 1630 1124 554:
1664 1079 1685 1103 u
1702 1060 1804 1110 Ro-

791 1162 815 1186 «
835 1157 1171 1192 manorum...
1188 1140 1530 1192 vetustissimi
1547 1141 1603 1190 in
1622 1137 1801 1190 multis

790 1217 1195 1284 «dictionibus,
1233 1217 1357 1269 loco
1397 1216 1480 1271 τῖς
1518 1219 1582 1282 U,
1620 1218 1671 1269 Ο
1701 1235 1803 1288 Ρο-

791 1319 816 1342 a
836 1314 1005 1348 atussa
1046 1298 1441 1349 inveniuntur...
1487 1308 1541 1346 et
1577 1296 1804 1347 maximo

793 1398 817 1421 ι
837 1374 1101 1444 digamma
1125 1375 1528 1429 antecedente...
1558 1388 1618 1427 nt
1635 1391 1807 1427 seruos

792 1472 935 1525 apro
972 1472 1178 1521 semus,
1219 1453 1407 1527 nol-qus
1435 1452 1542 1525 'pro
1583 1450 1804 1525 uulqus,

792 1554 817 1579 α
836 1532 1014 1584 Dauos
1045 1552 1145 1604 pro
1175 1533 1374 1585 Dauus.
1398 1555 1420 1579 ιο
1451 1530 1570 1583 vid.
1608 1546 1662 1583 et
1692 1534 1807 1584 Do-

786 1623 974 1663 natum
1016 1611 1084 1663 ad
1120 1611 1414 1676 Andriam,
1454 1608 1560 1675 ΙΙΙ,
1602 1610 1675 1677 4,
1724 1627 1742 1661 1
1764 1609 1804 1680 ).

786 1691 966 1759 Quare
989 1694 1046 1744 in
1071 1691 1266 1744 talibus
1288 1692 1646 1761 grammaticis
1667 1704 1808 1742 vete-

787 1788 906 1821 rum
931 1770 1063 1822 locis
1087 1784 1221 1842 puto
1247 1769 1445 1842 duplex
1469 1773 1517 1822 U
1542 1788 1658 1822 esse
1683 1770 1808 1820 reti·

786 1850 1051 1915 nendum3
1074 1870 1198 1904 nam
1217 1870 1284 1904 ne
1305 1853 1576 1922 antiquius
1592 1850 1808 1922 quidem

785 1928 920 1983 illud
956 1934 1021 1995 V,
1060 1930 1208 2001 quod
1246 1930 1421 1983 solum
1459 1944 1663 1984 veteres
1702 1949 1807 1981 no-

787 2023 937 2075 rant,
960 2012 1086 2062 satis
1111 2029 1224 2063 rem
1247 2009 1578 2062 demonstret
1598 2009 1810 2081 nequali-

786 2087 890 2141 bus
928 2091 1154 2156 nostris,
1193 2090 1393 2160 quippe
1428 2107 1528 2160 pro
1566 2103 1810 2140 consona

792 2181 1075 2239 acceptum
1100 2168 1448 2240 plerumquc;
1478 2181 1540 2220 ut
1568 2182 1621 2220 ot
1642 2167 1730 2220 hic
1754 2181 1808 2220 et

792 2246 838 2318 §-
872 2264 901 2317 7
937 2248 992 2299 in
1024 2247 1353 2316 Quintiliano
1389 2249 1524 2311 feci3
1559 2261 1808 2301 caeterum

790 2346 1019 2399 sequens
1056 2330 1479 2382 recentissimum
1515 2342 1568 2382 ct
1611 2329 1807 2383 barba-

788 2425 908 2459 rum
945 2426 1073 2460 sane
1106 2424 1308 2459 morem
1337 2406 1462 2478 (ταῖν
1483 2411 1508 2480 j
1538 2419 1591 2460 et
1617 2406 1716 2479 v),
1748 2421 1809 2461 ut

788 2488 957 2555 magis
1006 2487 1367 2558 perspicuum.
1417 2490 1580 2540 Recte
1628 2501 1809 2541 autem

790 2583 892 2618 nos
914 2566 1290 2637 interpretatos
1316 2566 1371 2617 in
1398 2585 1450 2619 se
1478 2565 1612 2638 ipsas
1636 2566 1803 2633 coire,

788 2645 1133 2696 manifestum
1155 2656 1237 2698 est
1262 2643 1385 2697 loco
1415 2645 1578 2698 modo
1610 2647 1806 2712 citato,

789 2740 839 2776 c.
872 2741 923 2793 7,
958 2723 1055 2789 26,
1089 2723 1182 2776 ubi
1210 2742 1309 2795 pro
1340 2742 1405 2777 eo
1432 2737 1516 2777 cst
1547 2726 1603 2777 in
1638 2744 1806 2777 unum

790 2818 979 2856 sonum
1006 2802 1283 2855 coalescere
1310 2814 1361 2855 et
1385 2803 1675 2876 confundi,
1711 2824 1810 2858 cn-

784 2880 1024 2954 jusmodi
1055 2882 1183 2954 quid
1209 2883 1371 2935 habet
1403 2885 1563 2935 otiam
1594 2884 1809 2936 Cassio-

789 2960 957 3013 dorus
983 2980 1067 3035 ap.
1099 2963 1329 3030 Putsch,
1356 2983 1410 3035 p.
1445 2981 1599 3032 2292.
1631 2967 1806 3019 Omne

793 3041 1009 3112 quidem
1030 3042 1138 3095 hoc
1153 3081 1171 3110 ,
1195 3041 1345 3115 qnod
1365 3054 1563 3116 quoeret
1582 3043 1805 3114 diligens

786 3120 878 3172 ille
899 3120 1225 3188 Quintiliani
1252 3124 1658 3193 grammaticus),
1689 3122 1809 3194 pla-

791 3216 922 3250 num
946 3200 1066 3266 fiet,
1092 3203 1136 3252 si
1159 3201 1485 3272 reputaveris
1510 3215 1810 3253 consonan-

792 3291 874 3330 tes
898 3278 1010 3330 fieri
1034 3281 1056 3330 Ι
1080 3291 1133 3331 et
1156 3281 1223 3344 U,
1248 3277 1343 3330 sed
1365 3273 1420 3329 id
1442 3279 1620 3350 ipsum
1643 3278 1807 3331 modo

791 3356 814 3426 (
823 3358 871 3424 ς.
902 3357 995 3428 ιο)
1012 3375 1205 3428 parum
1220 3356 1499 3409 videbatur
1516 3376 1807 3429 agnoscere

793 3437 1174 3505 Quintilianus.

870 3532 916 3566 1.
949 3515 1235 3570 Cicemni...
1261 3525 1325 3567 ut
1348 3534 1650 3582 consonans.
1681 3518 1807 3586 Quo

793 3593 917 3645 loco
942 3593 1049 3646 hoc
1074 3593 1175 3647 sibi
1197 3594 1408 3667 placere
1438 3596 1696 3667 significet
1720 3597 1810 3650 Ci-

794 3687 953 3737 cero,
993 3673 1152 3742 qum-i
1187 3684 1366 3745 potest
1403 3687 1456 3725 et
1491 3673 1668 3727 debet.
1702 3677 1809 3727 Re-

796 3752 915 3820 gius
954 3750 1169 3822 quidem
1192 3774 1206 3802 :
1252 3775 1275 3798 α
1294 3754 1442 3820 Hoc,
1480 3756 1584 3820 ait,
1620 3755 1807 3807 Cicero

801 3852 825 3876 κ
842 3832 1081 3903 praecipit
1094 3834 1149 3885 in
1164 3835 1405 3887 Oratore.
1427 3858 1449 3881 a
1474 3833 1720 3886 Debcbat
1733 3853 1812 3887 rc-

795 3911 1093 3964 cantiorum
1113 3910 1376 3964 editorum
1394 3910 1612 3983 aliquis,
1632 3914 1808 3966 Bam.

796 3991 1021 4043 maxiano
1036 4028 1053 4055 ,
1082 4005 1172 4043 aut
1200 3990 1382 4044 locum
1414 3993 1644 4046 oratoris
1667 3993 1809 4046 indi·

796 4085 949 4136 caro,
992 4083 1085 4122 aut
1121 4073 1347 4141 Regium
1378 4073 1435 4123 in
1464 4073 1605 4124 viam
1635 4072 1810 4128 dedu-

795 4162 933 4200 core.
972 4147 1235 4220 Equidem
1271 4151 1469 4204 frustra
1506 4154 1716 4223 quoesivi
1754 4155 1810 4206 in

792 4225 1067 4282 Ciceronis
1088 4227 1262 4298 libro,
1290 4232 1389 4285 etsi
1412 4230 1597 4287 ulium
1620 4230 1809 4287 obser·

1891 818 2163 871 vationum
2184 818 2406 881 refert03
2431 814 2499 869 de
2519 815 2684 870 verbo
2706 818 2792 888 ajo
2816 816 2900 870 ni-

1891 896 1967 950 hil
1989 900 2262 951 inveniens
2289 898 2392 949 nisi
2416 895 2499 967 (c.
2530 894 2634 967 45)
2660 894 2766 947 ain’
2793 894 2903 951 dici

1892 996 1991 1050 pro
2031 978 2173 1029 aisne
2191 1014 2209 1043 ,
2251 976 2481 1029 alienum
2521 974 2664 1028 hinc.
2709 976 2903 1046 Neque

1892 1070 2025 1129 puto
2041 1092 2060 1123 ,
2093 1058 2137 1108 si
2167 1058 2221 1109 in
2251 1055 2388 1108 libro
2417 1052 2597 1126 aliquo
2629 1055 2901 1107 Ciceronis

1891 1134 1992 1188 hac
2007 1134 2074 1188 dc
2090 1153 2145 1187 ro
2159 1133 2429 1207 proditum
2444 1146 2610 1200 essct,
2625 1146 2716 1185 aut
2730 1134 2904 1202 Quin-

1891 1214 2136 1268 tilianum
2181 1216 2347 1267 fuisse
2401 1214 2666 1267 dicturum
2695 1234 2709 1265 ε
2761 1213 2906 1267 Sciat

1892 1293 2332 1366 (grammaticus)
2364 1293 2595 1348 eicmm·
2618 1292 2904 1364 placuisse,

1895 1375 2047 1443 quasi
2078 1372 2188 1424 haec
2227 1386 2366 1425 esset
2401 1371 2725 1425 reconditior
2757 1390 2906 1442 que-

1895 1451 2019 1504 dam
2036 1454 2281 1518 scientia,
2306 1465 2399 1504 aut
2417 1453 2743 1503 Priscianum
2766 1468 2906 1501 eam-

1894 1531 2017 1584 dem
2040 1551 2151 1584 rem
2173 1545 2486 1585 tractantem
2503 1531 2773 1584 Ciceronis
2791 1547 2908 1582 non

1893 1629 2116 1663 usurum
2138 1613 2469 1665 auctoritato.
2492 1608 2583 1662 me
2603 1608 2771 1675 enim,
2790 1610 2912 1661 sino

1892 1690 2002 1744 ulla
2025 1692 2296 1744 Ciceronis
2321 1693 2619 1755 montione,
2643 1702 2696 1741 et
2717 1708 2772 1761 p.
2800 1685 2906 1754 545

1896 1769 1964 1823 de
2014 1770 2272 1823 industria
2319 1771 2428 1840 agit
2476 1768 2543 1820 dc
2590 1764 2910 1837 geminanda

1895 1849 2070 1902 littera
2108 1851 2164 1915 1,
2203 1863 2258 1902 ot
2293 1869 2350 1921 p.
2397 1848 2499 1918 739
2535 1842 2648 1899 haec
2684 1845 2867 1918 prodit
2890 1867 2907 1896 ε

1902 1951 1926 1976 α
1945 1931 2001 1981 in
2026 1930 2392 1982 vetustissimis
2413 1928 2650 1981 invenies
2674 1929 2910 1997 scriptu-

1902 2030 1925 2055 ·
1946 2010 2072 2060 ris...
2095 2010 2255 2074 eiius,
2272 2010 2603 2081 pompeiius,
2617 2006 2912 2072 Vulteiius,

1902 2109 1926 2135 a
1944 2088 2138 2140 Caiius.
2157 2112 2179 2136 n
2207 2091 2341 2140 Puto
2367 2099 2546 2140 autem
2569 2085 2914 2139 observatum

1894 2164 2001 2219 hoc
2040 2165 2107 2219 de
2140 2166 2344 2240 duplici
2374 2170 2398 2219 1
2430 2185 2547 2219 esse
2581 2179 2672 2218 aut
2702 2168 2759 2218 in
2790 2167 2915 2236 ipsa

1894 2246 2165 2299 Ciceronis
2199 2265 2394 2312 manu,
2426 2248 2565 2300 sicut
2596 2258 2774 2297 narrat
2800 2245 2912 2314 Qu.

1895 2324 1961 2376 de
1981 2343 2136 2377 causa
2160 2338 2214 2377 et
2237 2324 2511 2389 divisione,
2538 2325 2588 2391 1,
2615 2341 2666 2394 7,
2693 2341 2791 2389 πο,
2816 2332 2918 2374 aut

1896 2404 1952 2457 in
1972 2407 2086 2475 ejus
2107 2422 2350 2456 sermone
2370 2402 2629 2455 familiari.
2651 2404 2916 2454 Caeterum

1896 2482 1962 2536 de
1995 2484 2266 2536 Ciceronis
2298 2485 2559 2535 sententia
2595 2482 2817 2535 consulo
2857 2492 2916 2532 et

1894 2577 2078 2616 notam
2098 2581 2208 2633 seq.
2231 2577 2359 2616 extr.
2383 2564 2503 2615 Haec
2522 2563 2786 2633 geminata
2807 2579 2914 2614 an·-

1894 2644 2116 2714 tiquitns
2149 2641 2322 2695 littera
2354 2644 2377 2692 1
2409 2640 2492 2693 vel
2524 2639 2648 2693 inde
2685 2649 2914 2712 apparet

1896 2722 2043 2794 quod
2070 2724 2094 2774 1
2120 2724 2257 2775 inter
2288 2721 2421 2774 duas
2454 2720 2666 2773 vocales
2700 2736 2914 2792 semper

1894 2804 2127 2874 priorem
2160 2801 2414 2875 syllabam
2443 2799 2693 2874 producit
2728 2801 2786 2851 in
2822 2817 2916 2850 eo-

1895 2880 2012 2932 dem
2058 2879 2321 2933 vocabulo
2337 2919 2355 2946 ,
2403 2897 2567 2951 quum
2612 2881 2669 2931 in
2712 2877 2915 2929 duobus

1893 2958 2067 3011 brevis
2087 2978 2202 3012 esse
2219 2961 2392 3031 possit
2411 2971 2532 3011 ante
2551 2960 2573 3008 l
2594 2975 2916 3023 consonam,

1893 3058 1944 3092 v.
1974 3058 2023 3092 o.
2057 3040 2197 3092 Ante
2221 3040 2407 3106 Jovqm
2441 3035 2581 3090 nulli
2609 3036 2918 3110 subiqebant

1896 3137 2022 3170 arva
2049 3117 2225 3171 coloni
2246 3117 2467 3190 (Georg.
2494 3119 2544 3182 l,
2577 3114 2735 3187 125);
2761 3114 2916 3184 quod

1897 3210 1950 3250 et
1978 3195 2273 3249 Priscianus
2303 3198 2469 3265 tangit
2497 3195 2531 3247 l.
2563 3213 2610 3246 c.
2628 3233 2647 3260 ,
2675 3207 2726 3247 et
2756 3192 2915 3246 multi

1896 3278 1954 3329 in'
1995 3294 2157 3347 opere
2201 3274 2542 3327 Pntschiano.
2587 3273 2916 3345 Ubicunque

1894 3373 2021 3409 vero
2049 3354 2403 3425 geminabitur
2433 3355 2457 3406 1
2487 3356 2544 3406 in
2575 3352 2769 3406 talibus
2785 3389 2803 3418 ‚
2829 3352 2913 3405 ibi

1895 3453 2008 3488 non
2031 3434 2297 3508 trisyllaba
2317 3447 2472 3487 erunt
2489 3432 2799 3504 hujusmodi
2816 3451 2913 3484 vo-

1895 3513 2121 3582 cabula,
2148 3513 2244 3568 sed
2270 3512 2525 3588 disyllaba
2541 3551 2559 3579 ,
2587 3524 2648 3565 ut
2680 3513 2914 3565 alterum

1896 3593 1921 3646 1
1945 3596 2012 3646 sit
2029 3611 2331 3646 consonans
2350 3595 2581 3665 priorem
2600 3592 2789 3644 finiens
2808 3591 2916 3665 syl-

1896 3670 2105 3738 labam,
2156 3671 2378 3726 alterum
2425 3673 2554 3723 item
2601 3688 2915 3724 consonans

1895 3751 2157 3804 inchoans
2171 3753 2547 3824 posteriorem3
2563 3751 2731 3822 possit
2746 3749 2920 3818 onim,

1899 3831 2127 3902 simplici
2143 3834 2193 3898 1,
2216 3833 2570 3905 pronunciare
2595 3832 2713 3903 quis
2734 3831 2783 3883 A
2800 3831 2822 3884 i
2839 3849 2879 3882 ο
2895 3867 2920 3898 ‚

1897 3914 1988 3965 Ma
2011 3914 2031 3965 i
2057 3930 2160 3965 am.

1973 3993 2157 4046 a.Ait‘o
2174 3994 2515 4068 Maiiamque.
2537 3990 2700 4045 Goth.
2719 3988 2916 4063 (paulo

1899 4074 2051 4128 aliter
2074 4091 2230 4145 quam
2248 4076 2409 4129 Gesn.
2430 4072 2723 4144 memorat)
2747 4069 2878 4124 Aiio
2893 4108 2916 4136 ,

1897 4153 2005 4220 aii,
2040 4154 2303 4227 aiiamque
2342 4152 2541 4227 (plane
2579 4165 2640 4204 ut
2673 4149 2920 4221 Joann.)

1897 4223 2074 4289 Guelf.
2105 4233 2214 4289 aiio
2246 4235 2443 4290 omisso
2466 4230 2706 4288 necundo
2727 4247 2924 4285 exem-
