3200 5150
774 499 897 542 1¹2

1334 474 1427 537 M.
1466 471 1695 538 FABII
1731 470 2290 556 QUINTILIANI

665 612 730 666 13
766 601 964 688 nimi,
1000 598 1269 698 poetico
1291 596 1454 698 jure
1484 593 1900 668 defenditur.
1943 593 2080 667 Sed
2113 595 2187 666 in
2217 618 2420 693 prosa
2454 619 2737 695 quoque
2770 616 2872 666 est

765 713 1089 813 quaedam
1109 712 1262 813 jam
1293 731 1565 809 recepta
1592 709 2007 781 immutatio.
2039 711 2223 781 Nam
2250 709 2494 783 Cicero
2523 723 2542 755 ¹
2574 710 2874 808 Canopi-

769 846 997 901 tarum
1031 826 1406 900 exercitum
1437 825 1638 915 dicit,
1687 823 1816 923 ipsi
1853 824 2185 897 Canobon
2211 844 2497 897 vocant:
2539 844 2608 896 et
2640 820 2875 894 Thar-

767 970 1120 1017 somenum
1145 968 1271 1041 pro
1303 944 1368 1014 T
1362 940 1771 1013 hrasumeno
1800 953 1829 985 ²
1860 938 2064 1011 multi
2089 959 2400 1010 auctores
2419 995 2438 1029 ,
2473 938 2740 1011 etiamsi
2775 958 2877 1009 est

767 1059 842 1131 in
868 1086 950 1131 eo
975 1054 1528 1146 transmutatio-²³,
1550 1054 2105 1128 vindicaverunt:
2137 1054 2454 1127 similiter
2477 1053 2645 1142 alia;
2671 1079 2872 1143 nam,

767 1217 946 1254 tamen
962 1200 1135 1253 solum
1154 1203 1388 1268 nomine,
1404 1198 1602 1252 codicis
1619 1201 1782 1272 scrip-

768 1296 887 1334 tura
902 1319 919 1345 ‚
944 1293 997 1332 et
1014 1282 1087 1332 ita
1108 1280 1369 1332 ordinavit
1381 1277 1584 1331 Merula
1603 1280 1659 1331 in
1673 1280 1781 1331 suis

766 1361 923 1413 Ennii
958 1360 1293 1429 fragmentis;
1334 1372 1518 1410 contra
1549 1357 1783 1408 frontem

766 1436 1056 1489 hexametri
1079 1434 1275 1488 debent
1296 1434 1535 1488 obtinere
1550 1473 1567 1501 ‚
1596 1436 1641 1486 si
1664 1433 1781 1487 bre-

770 1518 848 1569 vis
871 1527 1089 1587 putatur
1110 1514 1283 1566 littera
1305 1516 1349 1567 E
1375 1516 1431 1565 in
1457 1511 1748 1586 penultima
1763 1550 1780 1578 ,

771 1607 825 1647 et
859 1607 969 1645 tum
1001 1594 1169 1666 prima
1202 1595 1257 1644 in
1289 1592 1507 1655 Μοείεο,
1548 1591 1782 1643 secunda

736 1694 741 1699 ·
768 1687 949 1726 antem
973 1675 1026 1724 in
1050 1671 1314 1744 Fufetieo,
1341 1670 1500 1723 debet
1522 1670 1779 1743 produci:

772 1751 885 1805 hnic
915 1767 995 1805 est
1027 1751 1296 1805 Columnis
1327 1753 1496 1817 ratio,
1527 1752 1783 1802 verisimi-

765 1827 873 1881 lior
909 1848 969 1881 ea
990 1868 1007 1894 ‚
1050 1832 1170 1900 quia
1206 1828 1486 1882 inserenda
1521 1828 1693 1880 vocali
1729 1831 1783 1895 1,

770 1908 1011 1980 Melie-7⁸0,
1034 1907 1317 1981 Fufetiejo‚
1340 1910 1550 1960 tertium
1567 1905 1784 1978 aliquod

768 1989 956 2040 vitium
968 1985 1231 2038 videretur
1238 1990 1596 2039 commissum.
1613 1988 1783 2038 Etiam

772 2065 1071 2139 exemplum
1094 2064 1296 2136 Virgilii
1327 2064 1548 2118 dicentis
1571 2065 1784 2117 Andro-

768 2164 897 2219 yeo,
933 2146 1049 2196 AEn.
1072 2145 1169 2208 vl,
1205 2160 1302 2209 20,
1340 2144 1521 2195 itidem
1552 2146 1784 2215 genitivo

771 2242 932 2289 casu,
961 2221 1270 2294 hujusmodi
1307 2224 1654 2293 quantitatem
1689 2241 1783 2294 pe·

772 2302 1004 2355 nultimae
1022 2299 1356 2374 probabilem
1372 2300 1515 2352 facit.
1535 2299 1783 2369 Virgilius

773 2394 950 2433 tamen
972 2382 1086 2452 ipse
1110 2379 1264 2430 Metii
1284 2381 1505 2451 primam
1529 2377 1784 2452 syllabam

771 2461 1005 2532 corripit.
1042 2461 1157 2511 AEn.
1183 2459 1334 2523 vm,
1370 2457 1492 2524 642.
1527 2459 1785 2510 Coeterum

773 2535 919 2610 quod
937 2540 1046 2589 W.
1069 2538 1183 2590 DD.
1207 2534 1274 2588 ad
1291 2534 1428 2588 hanc
1448 2536 1674 2589 formam
1689 2554 1783 2607 ge-

771 2619 919 2669 nitivi
933 2617 1125 2668 Μετίου
1138 2613 1501 2667 illustrandam
1521 2614 1588 2667 ad
1607 2629 1783 2688 partes

770 2708 964 2747 vocant
986 2696 1274 2746 lonismum
1305 2713 1369 2746 ex
1398 2695 1639 2764 genitivis
1672 2697 1784 2767 pri-

771 2793 867 2827 mae
882 2773 1247 2825 declinationis
1263 2792 1314 2822 ου
1328 2773 1612 2825 facientem
1628 2792 1706 2835 w,
1726 2772 1783 2824 id

772 2852 987 2924 quidem
1001 2871 1111 2903 non
1124 2852 1364 2925 procedit
1377 2872 1391 2914 3
1408 2853 1626 2903 Metiam
1643 2854 1784 2904 enim

772 2930 1062 3003 Fufetium,
1089 2933 1257 3003 prima
1282 2930 1637 2983 declinatione
1652 2969 1669 2996 ‚
1694 2933 1786 3002 qui

769 3009 970 3063 diceret
990 3028 1149 3061 nemo
1173 3011 1415 3062 inventus
1441 3023 1536 3062 est.
1563 3012 1644 3062 Ne
1668 3012 1785 3082 ipsa

773 3090 988 3162 quidem
1020 3089 1262 3160 analogia
1290 3091 1581 3155 Atticismi,
1616 3088 1782 3160 qualis

771 3182 852 3221 est
886 3171 942 3221 in
976 3168 1281 3241 Androgeo,
1340 3171 1464 3220 satis
1504 3169 1785 3220 manifesta

772 3262 851 3300 est
862 3287 879 3315 ‚
899 3262 959 3300 ut
971 3247 1212 3301 videatur
1225 3248 1323 3300 sibi
1339 3250 1557 3300 nimium
1570 3249 1682 3301 fere
1697 3250 1781 3300 in·
1793 3259 1798 3269 ·

771 3327 994 3380 dulsisse
1016 3326 1191 3379 bonus
1209 3329 1597 3399 paterEnnius.‚
1624 3345 1783 3398 quem

773 3406 1019 3477 equidem
1038 3404 1159 3457 rudi
1171 3422 1265 3456 sua
1280 3418 1431 3455 aetate
1451 3416 1503 3455 et
1518 3406 1628 3456 istis
1647 3423 1782 3476 poe-

772 3503 891 3536 seos
914 3486 1107 3536 Latinae
1140 3484 1298 3534 initiis
1322 3482 1569 3534 libentius
1594 3482 1782 3535 defen-

772 3562 937 3615 derim
954 3601 970 3628 ‚
989 3580 1154 3633 quam
1170 3560 1371 3633 poetico
1379 3563 1518 3633 jure.

796 3665 801 3670 ·
851 3658 895 3692 ι.
923 3642 1109 3694 Cicero.
1130 3641 1331 3691 Locum
1349 3638 1588 3689 nondum
1608 3640 1783 3692 inveni

773 3739 872 3772 nec
894 3733 1028 3793 puto
1057 3736 1171 3771 esse
1194 3720 1251 3769 in
1283 3720 1489 3789 scriptis
1512 3719 1781 3770 Ciceronis

773 3800 935 3853 hodie
961 3798 1299 3851 exstantibus.
1327 3799 1552 3849 Mutatio
1577 3798 1674 3849 ista
1705 3797 1784 3849 lit·

774 3893 894 3932 terae
918 3881 959 3931 B
980 3881 1034 3930 in
1057 3881 1114 3944 P,
1137 3880 1191 3929 in
1216 3877 1318 3928 hac
1337 3894 1495 3942 voce,
1521 3876 1588 3926 ah
1614 3879 1782 3928 omni-

771 3957 927 4012 nibus
941 3958 1051 4009 fere
1063 3954 1404 4028 scriptoribus
1414 3956 1609 4006 Latinis
1620 3953 1685 4005 ad
1691 3974 1783 4027 op-

773 4050 881 4089 tata
893 4038 1010 4089 fuit.
1022 4034 1300 4088 Debebant
1317 4047 1492 4086 autem
1507 4032 1666 4085 verba
1680 4037 1781 4086 ista

769 4115 1115 4168 Ciceroniana
1135 4115 1271 4166 inter
1283 4114 1577 4183 fragmenta
1596 4115 1777 4184 recipi.

848 4211 894 4246 2.
921 4194 1384 4249 Thammenum...
1407 4191 1776 4270 Thmgumeno.

1871 1199 2042 1252 Satius
2078 1198 2203 1249 duxi
2239 1210 2505 1269 receptam
2550 1195 2843 1267 relinquere
2857 1234 2876 1262 ‚

1872 1295 2032 1348 quam
2056 1276 2343 1347 quidquam
2365 1293 2562 1327 novare
2582 1276 2638 1326 in
2661 1287 2770 1325 tam
2791 1272 2877 1324 lu-

1871 1354 2016 1407 brica
2041 1369 2092 1407 et
2116 1354 2403 1407 fluctuante
2432 1355 2706 1425 scriptura.
2740 1351 2882 1404 Nuk

1870 1432 1952 1485 lus
1985 1446 2160 1484 tamen
2195 1431 2309 1484 haec
2345 1430 2437 1483 dat
2474 1429 2674 1497 codex,
2723 1444 2874 1503 puto.

1868 1513 2062 1581 Regius
2084 1513 2139 1563 in
2171 1510 2474 1563 Florentino
2496 1508 2637 1561 hanc
2669 1511 2742 1561 ait
2764 1526 2879 1564 esse

1871 1592 2207 1662 scripturam:
2230 1589 2700 1642 Thmsumenum...
2721 1586 2883 1639 Thur·-

1869 1688 2109 1735 sumeno,
2131 1687 2245 1740 quae
2265 1670 2421 1721 etiam
2442 1680 2520 1719 est
2536 1668 2884 1733 Joannensis,

1871 1746 1974 1800 levi
2010 1747 2338 1801 differentia:
2386 1746 2878 1798 Trasumennum....

1878 1827 2307 1880 Tarsumennum.
2340 1826 2492 1876 Hanc
2525 1823 2770 1895 equidem
2791 1842 2882 1876 ve-

1872 1925 1984 1957 ram
2007 1920 2139 1979 puto
2156 1945 2173 1973 ‚
2205 1919 2264 1958 ut
2286 1904 2598 1975 Quintiliani
2622 1906 2884 1956 sententia

1871 1986 2061 2052 fuerit,
2096 2003 2274 2037 veram
2296 1998 2348 2037 et
2373 2001 2674 2054 germanam
2706 1985 2883 2036 nomi-

1872 2066 1953 2116 nis
1977 2065 2202 2116 formam
2222 2081 2337 2115 esse
2361 2082 2508 2129 eam,
2541 2061 2633 2114 ubi
2656 2064 2702 2114 R
2723 2064 2883 2134 poni-

1873 2155 1960 2194 tur
1976 2156 2101 2215 post
2118 2146 2195 2205 A;
2219 2140 2500 2193 invaluisse
2523 2154 2699 2193 autem
2720 2159 2883 2214 prop·

1872 2234 1953 2272 ter
1987 2220 2378 2273 multitudinem
2416 2222 2489 2271 ita
2525 2232 2882 2271 transmutan-

1873 2301 2036 2366 tium‚
2075 2301 2469 2352 Trasumenum.
2503 2299 2678 2352 Guelf.
2709 2297 2844 2351 male
2867 2321 2883 2350 :

1873 2379 2286 2431 trasimenum...
2325 2388 2670 2430 trasumenno.
2716 2377 2880 2431 Goth.

1872 2457 2019 2529 (non
2051 2461 2192 2510 enim
2227 2455 2385 2531 plane
2419 2461 2533 2528 ejus
2570 2460 2882 2529 scripturam

2534 2565 2571 2598 u

1874 2620 2128 2691 expressit
2149 2617 2346 2691 Gesn.)
2376 2616 2772 2670 Transimenum
2804 2616 2881 2689 (u

1873 2700 2286 2770 superscriptum
2304 2716 2334 2749 a
2350 2716 2509 2750 manu
2528 2696 2681 2750 valde
2695 2716 2879 2750 recen-

1873 2780 1946 2843 ti,
1968 2789 2027 2827 ut
2043 2790 2093 2828 et
2107 2790 2367 2849 punctum
2385 2777 2685 2850 subjectum
2696 2778 2760 2846 τξῖ
2770 2775 2878 2846 1)...

1875 2854 2403 2908 Tmnsomenno.Vid.
2415 2855 2678 2908 Drakenb.
2693 2855 2759 2907 ad
2769 2856 2875 2906 Liv.

1873 2935 2051 2999 XXII,
2074 2934 2135 3000 4.,
2171 2950 2214 2986 1.
2241 2934 2522 2987 Salmasius
2546 2933 2614 2986 ad
2637 2934 2775 2986 Flor.
2801 2935 2880 3001 11,

1872 3013 1936 3078 6,
1966 3013 2061 3079 13,
2093 3012 2196 3084 legi
2222 3013 2335 3065 vult
2362 3012 2755 3065 Tarsumem'um
2778 3031 2876 3084 pro

1876 3092 2239 3157 Trasumenio,
2268 3091 2353 3144 vel
2378 3092 2753 3144 Tarsumenum
2779 3109 2877 3162 pro

1875 3170 2219 3231 Trasumeno‚
2248 3168 2394 3240 quod
2417 3168 2544 3221 mihi
2568 3187 2720 3221 secus
2741 3168 2879 3222 vide-

1872 3263 1973 3300 tur.
1998 3250 2178 3317 Quum
2190 3247 2352 3301 hodie
2365 3248 2524 3319 vulgo
2539 3251 2594 3300 in
2620 3251 2880 3321 scriptori-

1871 3327 2003 3394 bus,
2027 3329 2185 3378 etiam
2204 3346 2289 3400 ap.
2312 3327 2494 3380 Silium
2511 3365 2529 3392 ‚
2553 3329 2876 3379 inveniamus

1875 3405 1995 3456 Tra.
2021 3424 2130 3456 non
2157 3405 2278 3456 Tar.
2311 3405 2442 3457 illud
2473 3425 2571 3478 pro
2598 3405 2703 3458 hoc
2737 3405 2877 3458 obti-

1871 3487 2048 3536 nuisse
2067 3483 2362 3556 putandum
2381 3497 2486 3550 est,
2506 3502 2616 3536 non
2634 3486 2876 3536 vicissim.

1870 3593 1943 3602 —
1964 3564 2157 3632 Magna
2179 3561 2234 3613 h.
2262 3562 2296 3613 l.
2323 3561 2576 3615 dissentio
2599 3565 2737 3616 inter
2761 3581 2879 3615 nos-

1872 3654 1981 3694 tros
2005 3641 2171 3694 Codd.
2203 3641 2442 3713 plerique
2474 3653 2650 3694 tamen
2683 3641 2880 3695 habent

1876 3720 2282 3772 Thai-somenam
2295 3742 2314 3781 ,·
2348 3720 2495 3792 quod
2534 3740 2644 3773 non
2686 3724 2875 3776 mirum

1871 3813 1950 3852 est
1977 3802 2030 3851 in
2061 3817 2203 3851 nom.
2229 3803 2457 3872 propriis
2480 3800 2787 3854 scribendis.

1943 3879 1991 3931 3.
2014 3877 2415 3950 Τναηεηιμτατίο.
2431 3882 2580 3932 Hanc
2591 3899 2706 3933 esse
2721 3892 2879 3933 trans·

1865 3958 2173 4030 positionem
2194 3958 2354 4010 modo
2375 3957 2681 4024 didicimus,
2708 3958 2754 4029 §.
2787 3975 2847 4009 12
2860 3997 2880 4026 ,

1868 4046 1918 4088 et
1934 4036 2349 4089 immutatt‘one...
2366 4048 2417 4089 et
2430 4038 2872 4090 transmutatione.

1868 4112 1985 4165 Vid.
2014 4115 2170 4165 etiam
2192 4115 2333 4187 infr„
2359 4114 2405 4189 5.
2433 4118 2534 4189 39,
2568 4139 2591 4164 α
2612 4135 2718 4189 qua
2741 4115 2875 4169 ordo

1873 4214 1898 4240 ι
1917 4191 2171 4247 turbatur.
2193 4216 2217 4246 a
2653 4245 2660 4250 .
