3200 5150
949 484 1082 576 49⁶

1389 460 1399 475 '
1518 480 1613 547 M.
1655 478 1881 549 mm
1917 476 2479 566 Qnm'rltum

946 605 1223 682 lationis
1243 617 1310 676 ¹:
1343 624 1514 677 sunt
1542 604 1736 677 enim
1772 604 2096 706 quaedam
2131 631 2277 677 non
2310 604 2723 681 laudabilia¹
2753 632 2964 703 natura,

947 722 1070 796 sed
1084 721 1245 824 jure
1270 745 1628 810 concessa;
1656 740 1735 792 ut
1757 719 1829 792 in
1855 722 1989 792 XII
2016 719 2273 793 tabulis
2301 720 2628 796 debitoris
2653 751 2870 826 corpus
2886 728 2966 799 in·

947 860 1052 912 ter
1073 836 1442 912 creditores
1471 834 1727 908 dividi³
1762 834 1996 926 licuit3
2028 862 2244 936 quam
2270 835 2500 935 legem
2534 865 2684 911 mos
2715 834 2967 940 publicus

946 952 1369 1054 repudiavit;
1406 973 1477 1025 et
1511 948 1824 1052 aliquid4
1856 975 2178 1051 aequum,
2218 951 2339 1024 sed
2380 951 2796 1052 prohibitum
2823 956 2966 1056 jure,

841 1083 910 1139 85
947 1089 1025 1142 ut
1053 1067 1335 1142 libertas
1360 1086 1936 1141 testamentorum
1954 1065 2007 1139 ⁵.
2037 1068 2436 1139 Accusatori
2459 1067 2677 1142 nihilo
2698 1069 2870 1169 plura
2891 1069 2969 1141 in·

944 1182 1210 1259 tuenda
1255 1203 1455 1275 sunt,
1498 1209 1718 1283 quam
1758 1179 2175 1282 utprobet⁶
2200 1183 2481 1284 factum
2530 1210 2700 1273 esse,
2739 1183 2851 1257 hoc
2881 1211 2971 1257 esse

926 1302 1235 1402 factum,
1272 1325 1410 1372 non
1452 1315 1630 1373 recte
1654 1300 1964 1399 factum,
1992 1300 2160 1396 jure
2188 1323 2258 1371 se
2299 1298 2687 1371 intendere:
2728 1298 2811 1371 ita
2845 1298 2971 1370 cirea

945 1414 1205 1514 species
1238 1414 1519 1487 easdem
1557 1412 1643 1485 lis
1681 1413 1912 1487 omnis
1946 1411 2352 1501 versabitur,
2396 1412 2733 1486 translatis
2763 1434 2970 1486 tantum

944 1529 1324 1630 aliquando
1349 1529 1698 1630 partibus:
1723 1550 1803 1602 ut
1826 1529 1901 1600 in
1929 1528 2187 1620 causis,
2214 1527 2286 1600 in
2311 1527 2613 1626 quibus⁷
2651 1528 2734 1602 de
2758 1528 2971 1630 praemio

842 1653 914 1710 86
948 1645 1195 1746 agitur,
1227 1666 1406 1718 recte
1438 1648 1705 1718 factum
1740 1645 1995 1745 petitor
2025 1643 2296 1745 probat.
2331 1645 2501 1716 Haec
2536 1664 2823 1744 quatuor
2839 1641 2972 1714 velut

946 1759 1295 1862 proposita
1319 1760 1704 1860 formaeque
1734 1758 2057 1852 actionis,
2087 1782 2245 1857 quoe
2272 1778 2427 1830 tum
2457 1756 2801 1857 generales
2824 1777 2970 1829 status

946 1901 1132 1974 Gesn.)
1164 1902 1382 1974 aliisque
1419 1900 1541 1954 edd.
1576 1920 1724 1955 mero
1758 1920 1953 1954 errore.

948 1983 1149 2035 —Item
1157 1983 1329 2034 nostri
1337 1980 1506 2034 codd.
1518 1981 1719 2034 habent
1730 1980 1789 2033 H
1786 1982 1847 2033 ic.
1860 1983 1953 2034 En.

1028 2078 1072 2113 1.
1106 2059 1415 2113 Actionis...
1449 2058 1816 2112 translationis.
1850 2061 1958 2111 Eo-

949 2141 1073 2192 dem
1095 2152 1271 2192 errore
1289 2152 1394 2191 tres
1415 2139 1766 2209 antiquissimi
1784 2136 1952 2190 Codd.

950 2218 1229 2271 actiones...
1256 2216 1618 2271 translationes
1638 2216 1776 2270 Alm.
1802 2216 1952 2270 Bodl.

949 2299 1128 2350 Turic.

1023 2391 1074 2428 2.
1099 2373 1410 2427 laudabilia
1437 2383 1644 2427 naham.
1669 2376 1845 2427 Turic.
1870 2375 1958 2425 in-

953 2457 1076 2508 serit
1119 2473 1224 2506 non
1237 2493 1255 2520 ‚
1302 2473 1426 2506 cum
1468 2454 1607 2507 Alm.
1657 2453 1772 2507 solo
1813 2453 1955 2525 (vide

950 2532 995 2608 §.
1024 2533 1114 2607 70)
1135 2551 1246 2586 non
1270 2533 1481 2606 quidem
1504 2534 1654 2587 nullo
1679 2552 1854 2588 seusu.

1023 2615 1073 2669 3.
1100 2616 1346 2686 Corpus...
1366 2611 1547 2666 dividi.
1567 2614 1700 2667 Tab.
1722 2617 1792 2667 111
1809 2613 1953 2688 apud

948 2692 1203 2746 Baebium
1243 2695 1299 2745 in
1339 2695 1471 2745 nist.
1507 2694 1732 2766 Jurispr.
1770 2695 1954 2761 Rom„

948 2791 1003 2843 p.
1030 2770 1116 2838 34.
1141 2771 1196 2824 Si
1217 2772 1441 2822 maxime
1463 2789 1585 2823 vera
1608 2785 1687 2824 est
1707 2769 1956 2846 Bynkers·

948 2849 1109 2904 hoekii
1126 2849 1203 2921 (in
1221 2849 1694 2904 observationibus
1702 2853 1838 2922 juris
1853 2853 1955 2903 Ro-

950 2931 1119 2996 mani,
1140 2928 1233 2982 lib.
1258 2932 1307 2995 1,
1333 2947 1379 2981 c.
1408 2928 1458 3000 ι)
1476 2929 1808 3001 aliorumque
1830 2947 1954 2983 sen-

948 3011 1114 3062 tentia
1144 3027 1357 3062 omnem
1392 3007 1681 3060 dilaniandi
1716 3011 1955 3080 eorporis

949 3090 1196 3141 sevitiam
1218 3088 1287 3140 ab
1308 3087 1412 3140 hac
1434 3087 1550 3159 lege
1573 3090 1956 3141 removendum

948 3181 1002 3220 et
1027 3165 1096 3219 de
1128 3165 1430 3218 venditione
1462 3165 1745 3233 debitoris,
1772 3168 1956 3239 pretii-

952 3263 1054 3317 que
1067 3244 1324 3297 divisione
1334 3282 1351 3310 ,
1365 3247 1850 3317 interpretantium,
1865 3263 1954 3316 ag-

949 3341 1170 3375 noscere
1207 3334 1383 3373 tamen
1419 3325 1686 3393 cogimur,
1721 3323 1789 3375 ab
1826 3326 1955 3395 ipsis

950 3401 1232 3467 veteribus,
1243 3413 1302 3452 ut
1313 3403 1527 3468 Nostro,
1541 3401 1714 3456 Gellio
1726 3401 1867 3474 (XX,
1887 3401 1954 3473 ι),

949 3478 1274 3533 Tertulliano
1290 3517 1308 3545 ,
1345 3492 1625 3551 acceptum
1654 3480 1817 3533 fuisse
1847 3479 1954 3532 hoc

951 3557 1019 3611 de
1049 3576 1171 3610 vera
1203 3562 1443 3630 corporis
1476 3558 1811 3611 dissectione.
1846 3562 1957 3612 Ne-

953 3656 1059 3710 que
1080 3637 1184 3690 hoc
1209 3651 1366 3709 negat
1384 3636 1846 3712 Bynkershoekius,
1865 3639 1957 3710 qui

951 3715 1281 3769 validissimis
1305 3720 1625 3786 argumentis
1648 3716 1792 3770 hune
1813 3732 1956 3786 vete-

951 3816 1072 3851 rum
1101 3811 1156 3850 et
1186 3798 1351 3869 ipsius
1381 3795 1695 3866 Quintiliani
1726 3814 1956 3849 errorem

954 3878 1200 3940 revincit,
1219 3875 1490 3946 ingeniose
1509 3877 1857 3948 interpretans
1877 3894 1959 3928 ea-

951 3968 1052 4029 put
1065 3968 1259 4009 sortem
1274 3967 1458 4006 mutuo
1475 3967 1767 4027 acceptam,
1781 3972 1960 4026 poenas

957 4052 1196 4101 usuram,
1217 4050 1382 4085 secare
1402 4046 1579 4085 autem
1598 4034 1859 4085 auctionis
1880 4032 1960 4085 le-

955 4128 1020 4181 ge
1042 4110 1283 4163 vendere.
1314 4111 1436 4179 Quo
1465 4113 1695 4183 ineptior
1723 4124 1803 4163 est
1822 4111 1960 4182 Cap-

959 4193 1259 4264 peronnerii
1283 4190 1535 4244 sedulitas
1563 4204 1768 4245 tantum
1792 4192 1958 4243 virum

1635 4343 1664 4410 ⁴

2044 1899 2178 1953 locis
2214 1898 2284 1952 ab
2318 1902 2438 1971 ipso
2476 1898 2777 1953 doctissime
2806 1899 2970 1951 menan

2045 1979 2361 2050 redarguere
2383 1982 2659 2047 conantis,
2677 1982 2842 2033 merito
2857 1995 2972 2048 repre·

2043 2058 2212 2112 hensa
2236 2061 2568 2126 Bur-manno,
2595 2079 2650 2131 p.
2676 2060 2764 2130 78,
2784 2053 2969 2131 Epist.sd

2044 2139 2270 2211 Capper.
2290 2137 2536 2191 Dukerus
2557 2138 2627 2190 ad
2644 2141 2745 2191 Liv.
2764 2141 2846 2203 vl,
2866 2134 2969 2202 n‚82

2046 2236 2076 2270 e
2103 2219 2178 2269 M.
2205 2217 2390 2270 Manlii
2410 2216 2728 2289 Capitolini,
2752 2216 2919 2290 plebea
2934 2215 2968 2264 ia

2040 2295 2383 2349 foeneratores
2402 2296 2784 2363 exacerbantis,
2804 2294 2970 2353 silentio.

2042 2388 2152 2428 tam
2188 2389 2423 2429 atmcem
2458 2395 2575 2430 non
2612 2377 2767 2429 finisse
2791 2391 2968 2448 ptuit-2

2040 2457 2309 2508 verissime
2333 2455 2554 2527 colligit.

2116 2531 2165 2601 4.
2197 2535 2272 2586 Et
2295 2532 2518 2607 aliquid.
2548 2535 2611 2588 Β.
2644 2552 2665 2590 1
2694 2548 2743 2588 et
2767 2534 2970 2595 emm

2041 2612 2262 2687 aliquid.
2287 2617 2381 2667 En.

2115 2691 2165 2745 5.
2204 2693 2430 2747 Libertas
2466 2704 2876 2748 testamentum
2906 2690 2968 2741 Bt·

2040 2770 2159 2824 dius
2178 2784 2354 2824 narrat
2372 2774 2531 2826 Laur.
2548 2773 2750 2826 Vallem
2766 2769 2910 2824 codici
2922 2783 2968 2817 τ’·

2041 2852 2285 2924 cripsisse
2304 2852 2484 2904 locum
2505 2855 2752 2905 Institutt.
2766 2853 2829 2916 11,
2845 2865 2915 2912 υ,
2926 2843 2966 2895 ‘l‘

2040 2927 2158 2999 lege
2190 2923 2452 2982 Falcidia:
2494 2952 2517 2976 α
2537 2932 2720 3001 Quum
2748 2931 2865 2981 enin
2888 2923 2967 2975 oli!¹¹

2048 3029 2072 3053 ι
2090 3006 2207 3078 lege
2225 3010 2322 3061 ΧΠ
2344 2994 2492 3062 tabb.
2518 3008 2688 3063 libera
2709 3022 2807 3060 erat
2826 2999 2967 3075 legant}

2050 3107 2073 3131 ι
2092 3099 2387 3157 potestas...
2404 3089 2579 3139 visum
2599 3102 2679 3141 est
2690 3088 2815 3140 hanc
2827 3078 2967 3153 legundi

2049 3187 2072 3210 ι
2091 3164 2358 3217 licentiam
2381 3181 2624 3220 coartare
2643 3192 2692 3234 ι,
2709 3182 2799 3220 etc.
2820 3162 2967 3217 flech-

2044 3246 2257 3314 quinata
2285 3263 2383 3316 pro
2413 3249 2519 3299 suis
2549 3246 2781 3300 venditat
2805 3239 2970 3297 Pseudo-

2041 3323 2341 3377 Turnebus.
2357 3326 2492 3379 Vide
2509 3339 2627 3380 not.
2650 3326 2717 3380 ad
2734 3324 2776 3397 ς.
2799 3339 2876 3396 7ος
2890 3325 2968 3373 ite-

2041 3404 2145 3469 IX,
2173 3422 2201 3457 ²
2216 3442 2233 3469 s
2258 3405 2345 3473 74·

2113 3481 2165 3534 6.
2195 3482 2363 3548 Sunt,
2392 3503 2552 3557 quam
2585 3496 2649 3537 ut
2666 3485 2843 3557 probet.
2865 3471 2970 3547 Qud

2046 3559 2195 3613 abest
2219 3560 2286 3613 ab
2311 3563 2444 3615 Alm.
2475 3578 2526 3616 et
2544 3567 2722 3617 Turic.
2743 3576 2791 3615 et
2805 3565 2919 3614 Voss-
2934 3571 2969 3614 ²2

2044 3652 2105 3692 ut
2133 3651 2185 3691 et
2213 3641 2364 3692 Bern.
2396 3654 2448 3693 et
2469 3641 2649 3696 Guelf.
2675 3659 2845 3714 quarn,
2867 3634 2907 3688 id
2925 3643 2973 3684 Μ
3052 3631 3053 3638 ¹

2045 3731 2222 3772 tamen
2250 3722 2307 3772 in
2327 3725 2482 3775 Voss.
2509 3722 2544 3776 3
2572 3722 2704 3793 (etsi
2734 3721 2813 3773 hie
2843 3715 2971 3768 „aa

2044 3797 2134 3870 ut)
2157 3812 2210 3851 et
2231 3798 2394 3853 Goth.

2120 3892 2170 3946 7.
2196 3877 2395 3944 causis,
2418 3879 2473 3931 in
2490 3872 2972 3951 ‹favamma-‚onir

2047 3957 2111 4008 tit
2142 3955 2197 4007 in
2232 3975 2356 4009 cum
2386 3957 2523 4011 Alm.
2552 3963 2710 4012 Voss.
2745 3957 2804 4022 3,
2830 3967 2871 4006 et
2893 3945 2970 4000 edd·
3050 3967 3051 4002 1

2045 4047 2172 4086 vett.
2207 4036 2385 4087 multis
2418 4050 2477 4088 ut
2505 4038 2653 4091 Jens.
2688 4036 2803 4108 (tac.
2836 4024 2973 4113 Gen-l

2045 4113 2239 4167 Placet.
2264 4145 2338 4155 -
2362 4118 2422 4168 R.
2466 4135 2511 4186 ι,
2542 4118 2741 4189 quibus.
2772 4115 2922 4167 οου·-
2941 4121 2973 4152 ¹⁸

2044 4193 2242 4264 quibus.
2268 4196 2359 4248 ΕΙ».
