3200 5150
695 496 1345 569 ms‘rrrn'rloms
1381 500 1637 568 ORAT.
1677 500 1838 570 ΗΒ.
1881 507 1940 587 1,
1986 504 2045 572 5.

2294 526 2417 597 129

324 636 534 715 κωμοὺε
554 637 576 670 ¹
595 678 616 714 ,
638 639 947 715 ἰσχνὰτητας
965 646 1033 699 et
1051 639 1450 717 πλατειασμοὺς,
1471 626 1809 699 feliciores
1831 628 2175 727 fingendis
2195 630 2425 702 nomi-—
2474 673 2483 682 ·

319 738 537 811 nibus
565 739 788 812 Graeci
819 760 1105 812 vocant:
1145 740 1321 812 sicut
1361 752 1753 829 κοιλοστομίαν,
1797 766 2024 840 quum
2066 770 2194 814 vox
2228 745 2427 843 quasi

325 853 401 925 in
431 880 697 926 recessu
732 854 866 926 oris
895 854 1174 926 auditur
1192 869 1244 926 ².
1272 854 1472 926 ‘Sunt
1503 856 1713 926 etiam
1751 856 2008 955 proprii
2043 858 2333 955 quidam
2360 878 2429 931 et
2463 868 2532 920 33

324 968 820 1041 inenarrabiles
838 968 867 1014 ³
897 969 1082 1058 soni,
1108 969 1363 1068 quibus
1381 968 1415 1032 4
1439 992 1958 1070 nonnunquam
1984 973 2297 1044 nationes
2326 1000 2432 1044 re·—

302 1083 828 1181 ‘prehendimus
848 1082 901 1156 ⁵.
946 1083 1258 1156 Remotis
1304 1084 1510 1182 igitur
1549 1085 1925 1175 omnibus,
1973 1100 2127 1184 q‘uae
2170 1080 2460 1185 supi-aff

327 1197 667 1287 diximus,
704 1198 917 1288 vitiis,
961 1200 1089 1270 erit
1111 1198 1267 1288 illa,
1310 1226 1466 1297 quae
1495 1221 1813 1289 vocatur,
1849 1212 2136 1290 ὁρθοέπεια,
2187 1201 2260 1272 id
2294 1222 2431 1291 est,

326 1311 700 1384 emendata
723 1339 888 1384 cum
914 1312 1241 1385 suavitate
1265 1339 1519 1385 vocum
1545 1313 1977 1411 explanatio:
2005 1343 2175 1386 nam
2200 1315 2295 1386 sic
2321 1342 2436 1386 ac—

324 1426 463 1526 cipi
488 1447 710 1525 potest
740 1443 921 1499 recta
940 1442 995 1499 7.
1033 1428 1297 1500 Caetera
1325 1427 1489 1500 vitia
1516 1429 1758 1500 omnia
1790 1455 1872 1500 ex
1903 1428 2444 1527 pluribus-voci*
2470 1428 2542 1502 34

324 1624 458 1677 gua,
478 1618 537 1658 ut
556 1619 608 1657 et
621 1606 959 1672 Germanica,
978 1607 1336 1678 pronuncian-

328 1685 470 1738 tibus
498 1687 722 1739 maxime
744 1685 1010 1737 Helvetiis.

426 1782 471 1816 1.
524 1759 936 1831 Λιμζδιιυσμοδς.
998 1765 1336 1834 Quamquam

327 1842 498 1898 codd.
520 1857 646 1895 vett.
666 1843 785 1896 edd.
810 1857 862 1896 et
883 1859 1065 1893 omnes
1087 1842 1224 1906 fere,
1246 1842 1335 1912 qui

328 1923 397 1976 de
419 1942 477 1975 re
499 1936 592 1974 aut
606 1923 777 1975 littera
793 1934 1012 1992 egerunt
1027 1923 1335 1991 scriptores,

330 2015 391 2055 ut
430 2004 599 2053 Varro
641 2013 695 2053 et
736 1999 967 2052 Isidorus
1004 1998 1203 2070 Hispal.
1246 1997 1332 2050 all.

327 2082 615 2153 preferant
631 2078 999 2130 labdacismum
1013 2081 1125 2131 sine
1135 2097 1187 2128 m
1200 2116 1217 2144 ,
1232 2097 1340 2129 ma-

328 2159 406 2212 lui
433 2172 613 2211 tamen
638 2175 760 2209 cum
784 2155 1165 2209 recentioribus
1202 2158 1337 2209 inse·

327 2256 445 2291 rere
469 2234 617 2289 illud.
646 2235 808 2289 Goth.
834 2235 856 2307 (
876 2248 978 2287 tac.
1007 2237 1165 2288 Gesna
1186 2234 1208 2305 )
1232 2234 1338 2285 lab-

326 2315 616 2381 dacismus,
649 2314 751 2367 litt.
787 2315 921 2366 Latt.
946 2352 963 2380 ,
991 2313 1164 2366 Guelf.
1198 2312 1338 2364 labe-

329 2393 599 2458 lucianus,
640 2411 737 2466 per
759 2411 1006 2445 errorem.
1037 2391 1181 2445 Vide’
1199 2394 1339 2443 enim

328 2473 399 2526 de
440 2471 808 2544 Aristophanis
849 2468 1009 2522 λάθα.
1046 2473 1220 2542 Toup.
1269 2470 1338 2522 ad

317 2552 472 2607 said.
493 2592 510 2619 ,
545 2571 600 2626 p.
627 2552 711 2606 ed.
742 2554 882 2625 Lips.
909 2551 1007 2619 4²¹
1030 2590 1048 2617 ,
1083 2553 1173 2622 qui
1196 2564 1338 2604 recte

328 2645 489 2704 negat
510 2651 541 2684 a
570 2632 742 2686 littera
765 2630 1130 2703 repetendum.

404 2729 454 2763 a.
470 2709 715 2763 Auditur.
732 2709 909 2763 Guelf.
925 2709 1191 2773 dividitur,
1213 2727 1337 2761 eum

332 2789 681 2862 quibusdam,
721 2806 869 2840 mero
893 2805 1069 2840 errore
1096 2805 1337 2839 corrum-

332 2868 496 2942 pendi
522 2888 556 2918 a
576 2870 633 2919 in
659 2866 711 2918 d.

402 2948 456 3001 3.
480 2944 873 2999 Inenarrabiles.
898 2945 1072 2998 Guelf.
1094 2945 1335 2997 iuer-mbi-

331 3029 435 3094 les,
466 3025 614 3098 quod
635 3028 809 3098 ipsum
832 3027 876 3077 si
900 3024 1141 3097 pluribus
1163 3023 1332 3077 codd.

333 3106 736 3171 defenderetur,
763 3121 1101 3175 nequaquam
1124 3122 1335 3174 sperne-

334 3205 445 3239 rem
459 3225 478 3254 ,
517 3202 683 3256 quum
704 3181 960 3256 Apuleius
997 3182 1062 3233 de
1083 3181 1339 3254 Dogmate

333 3265 604 3329 Platonis,
633 3264 864 3333 itemque
896 3261 960 3312 de
994 3261 1199 3312 Mundo
1232 3260 1337 3312 hoc

333 3342 597 3397 vocabulo
610 3345 667 3395 in
678 3341 895 3394 orbibus
904 3340 1203 3394 coelestibus
1213 3358 1339 3392 usus

334 3424 645 3475 inveniatur.
665 3423 861 3472 Forent
874 3431 1053 3471 autem
1069 3421 1191 3471 soni
1207 3419 1340 3470 iner-

334 3501 515 3554 rabiles
531 3538 550 3566 ‚
595 3502 723 3553 certi
742 3538 760 3565 ‚
808 3501 899 3571 qui
936 3516 1208 3569 nunquam
1250 3516 1341 3549 va-

334 3582 488 3633 rient.
512 3581 709 3632 Contra
732 3598 762 3631 e
779 3580 1053 3631 Lactantio
1067 3617 1086 3644 ‚
1104 3578 1198 3632 sed
1217 3578 1338 3630 loco

335 3677 447 3711 non
466 3658 739 3727 designato
751 3696 768 3724 ,
792 3671 1150 3711 memorantur
1166 3676 1197 3710 a
1216 3656 1341 3710 lexi-

338 3734 620 3807 cographis
669 3735 903 3790 errabiles
946 3737 1076 3789 soni.
1138 3739 1293 3789 Nunc
1321 3774 1339 3802 ‚

343 3832 509 3887 quum
538 3812 737 3865 bonam
767 3818 1077 3868 sententiam
1109 3815 1341 3888 praebeat

340 3893 951 4041 2ἓέιὲἳὲἶῖῗὲοὲῗέ
967 3894 1341 4043 ’ῒῗξωέἐῗ

778 4008 790 4021 ·
885 4010 903 4037 ‚
954 4010 971 4038 ‚
1113 3996 1135 4019 κ

342 4048 701 4104 inmun-abilis
719 4048 797 4120 a),
813 4067 875 4101 ea
890 4053 1154 4120 acquievi,
1171 4068 1342 4103 exem·

342 4129 494 4202 plum
527 4142 740 4182 secutus
773 4131 930 4181 etiam
956 4129 1160 4199 aliquot
1195 4128 1340 4180 editt.

1425 1609 1613 1676 sociis,
1652 1606 1997 1672 inevitabiles,
2039 1627 2211 1679 neque
2235 1612 2289 1660 in
2324 1610 2434 1661 ullo

1425 1684 1624 1738 Codice
1643 1688 1851 1738 invenio
1868 1725 1884 1752 ,
1904 1704 2078 1756 neque
2097 1706 2192 1758 per
2211 1706 2266 1739 se
2285 1688 2437 1739 blan-

1429 1762 1586 1815 ditur.
1617 1768 1828 1817 Mecum
1851 1766 1976 1816 facit
1998 1765 2216 1816 Lochm.
2244 1765 2278 1816 l.
2305 1785 2351 1818 c.
2378 1785 2434 1838 p.

1436 1858 1516 1893 ια.
1545 1872 1619 1882 -—
1644 1845 1703 1894 R.
1743 1860 1762 1893 ι
1785 1882 1801 1910 ,
1834 1860 1861 1894 2
1882 1882 1897 1909 ,
1923 1857 1975 1894 et
1998 1845 2156 1895 Cim.
2177 1880 2195 1909 ,
2224 1844 2438 1895 inenar-

1426 1920 1623 1973 rabiles.
1664 1923 1755 1972 En.

1497 1999 1547 2066 4.
1570 1999 1700 2053 Seni
1716 2000 1912 2072 quibus.
1935 2001 2160 2072 Conjicit
2179 2000 2436 2054 Heindor-

1425 2080 1525 2132 flus
1553 2080 1610 2131 in
1639 2080 1850 2152 quibus,
1890 2092 1948 2130 ut
1969 2083 2272 2152 praepositio
2301 2084 2438 2134 exci-

1427 2157 1559 2210 derit
1578 2170 1704 2229 post
1721 2158 1851 2209 soni.
1873 2158 1950 2211 Sr.
1974 2160 2028 2209 in
2047 2159 2192 2225 Praef.
2208 2198 2223 2225 ,
2242 2178 2297 2231 p.
2321 2159 2407 2228 76.

1498 2235 1549 2288 5.
1572 2236 1824 2289 Nationes
1838 2237 2267 2307 reprehendimus.
2296 2260 2317 2284 ι
2338 2239 2438 2291 So-

1435 2337 1458 2360 ·
1478 2315 1645 2367 lemus
1673 2314 1987 2386 quibusdam
2015 2315 2319 2368 nationibus
2348 2334 2436 2369 ex-

1433 2416 1457 2439 «
1475 2393 1731 2464 probrare
1773 2407 1947 2445 certos
1995 2412 2157 2446 sonos
2176 2432 2193 2461 ,
2242 2393 2435 2464 quibus

1433 2494 1456 2518 οι
1475 2471 1974 2544 pronunciationem
2039 2491 2190 2526 suam
2251 2472 2436 2525 defor-

1433 2574 1456 2600 «
1476 2562 1623 2604 ment
1639 2553 1989 2624 potissimum.
2011 2575 2034 2601 n
2060 2555 2307 2606 Attamen
2327 2551 2435 2606 dif-

1424 2631 1661 2682 ficultate
1708 2649 1817 2682 non
1863 2644 2007 2683 caret
2052 2645 2312 2684 structura
2359 2632 2433 2683 ob

1426 2710 1715 2763 ablativum
1750 2713 1910 2763 istum
1940 2710 2149 2782 quibus,
2193 2731 2291 2784 pro
2322 2730 2433 2783 quo

1425 2789 1575 2842 malis
1603 2790 1667 2841 ob
1692 2808 1834 2861 quos.
1874 2791 2013 2841 Bene
2042 2803 2218 2842 autem
2246 2810 2435 2864 proce-

1424 2868 1611 2921 derent
1653 2870 1828 2920 omnia
1843 2906 1860 2936 ‚
1903 2872 1946 2921 si
1988 2868 2277 2939 legeretur,
2317 2888 2433 2940 quoe

1427 2961 1506 3000 est
1542 2950 1824 2999 Burmanni
1863 2952 2207 3018 conjectura,
2248 2948 2432 3019 ‹lepre-

1425 3024 1721 3090 hendimus,
1742 3044 1841 3096 pro
1857 3043 1985 3096 repr.
2006 3026 2071 3078 Se
2088 3025 2323 3096 produnt
2343 3045 2434 3078 na-

1412 3106 1595 3155 .tiones
1614 3106 1768 3155 certis
1789 3103 2105 3174 quibusdam
2128 3117 2182 3156 et
2202 3108 2429 3176 propriis

1425 3184 1583 3234 sonis.
1601 3183 1686 3235 Sic
1700 3182 1899 3251 Anglos
1916 3182 2343 3254 deprehendimus
2360 3187 2432 3235 si-

1426 3259 1536 3312 bilo
1564 3262 1622 3311 in
1645 3259 1698 3311 th
1714 3298 1732 3324 ,
1757 3260 2162 3313 Franco-Gallos
2183 3258 2429 3313 rhoncho

1426 3341 1483 3391 in
1505 3357 1541 3389 n
1555 3376 1573 3404 ,
1602 3339 1894 3391 Germanos
1923 3339 2158 3392 anhelitu
2177 3342 2234 3391 in
2255 3339 2337 3393 ch.

1498 3417 1548 3469 6.
1583 3417 1710 3487 Quoe
1737 3435 1907 3489 supra.
1947 3417 2122 3470 Guelf.
2150 3418 2215 3470 de
2249 3418 2432 3491 quibus

1425 3501 1580 3569 suffra
1602 3509 1657 3548 et
1678 3498 1752 3549 sic
1776 3495 2013 3569 plerique
2032 3496 2201 3550 codd.
2233 3512 2285 3550 et
2304 3498 2426 3551 edd.

1427 3576 1685 3629 Videntur
1702 3589 1877 3630 tamen
1898 3576 2005 3629 Bal.
2037 3590 2089 3629 et
2114 3578 2304 3630 Joann.
2336 3578 2430 3630 da-

1426 3674 1484 3707 re
1510 3668 1778 3726 receptam
1793 3692 1810 3720 ‚
1841 3672 1955 3725 quae
1974 3672 2100 3707 sane
2120 3669 2198 3708 est
2222 3658 2432 3728 elegan-

1427 3737 1545 3788 tior.

1514 3831 1560 3883 7.
1590 3813 1734 3865 Nam
1762 3812 1889 3865 sic...
1920 3822 2070 3865 recta.
2100 3815 2165 3864 H.
2197 3833 2277 3874 e.;
2306 3829 2431 3864 nam

1427 3893 1627 3963 puritas
1644 3928 1660 3956 ‚
1684 3893 1911 3943 suavitas
1935 3903 1985 3942 et
2013 3893 2279 3942 accuratio
2296 3929 2313 3957 ,
2345 3910 2433 3942 ex-

1424 3968 1664 4040 planatio
1674 4005 1692 4032 ,
1714 3972 1766 4019 in
1787 3968 2198 4039 pronunciandis
2212 3968 2432 4022 vocibus

1428 4059 1654 4119 possunt
1707 4044 2086 4117 comprehendi
2134 4049 2232 4099 ista
2287 4059 2434 4100 reem

1426 4125 1872 4197 pronunciationis
1893 4124 2249 4196 appellatione
2263 4164 2281 4192 ,
2321 4145 2436 4198 quoe

343 4207 507 4280 Quod
524 4206 655 4261 dant
666 4210 839 4262 Burm.
861 4219 913 4260 et
927 4206 1085 4262 Gesn-
1106 4223 1213 4260 non
1234 4208 1345 4259 sine
1432 4207 1569 4258 inest
1593 4203 1777 4257 Graeco
1804 4203 2068 4260 vocabulo
2084 4243 2101 4273 ,
2131 4202 2394 4273 ἅρθοόπυα,

569 4312 614 4349 1.

2117 4310 2152 4361 9
