3200 5150
655 512 1303 584 INSTITUTIONIS
1338 513 1595 584 ORAT.
1634 517 1796 585 LIB.
1836 522 1900 599 1,
1943 519 2003 586 5.
2251 526 2375 612 149
2441 525 2446 530 ’

279 634 590 729 abstulit,
624 639 930 738 aufuqit‚
975 643 1231 726 amisit,
1277 665 1500 739 quum
1540 638 1927 739 praepositio
1956 642 2155 714 sit'ab
2188 643 2374 734 sola-3
2441 621 2452 633 ⁰

285 772 353 824 et
369 757 537 839 coit,
562 778 786 851 quum
803 751 889 823 sit
904 751 1291 852 praepositio
1316 778 1481 826 con:
1509 753 1605 825 sic
1629 760 1895 853 iqnaua‘,
1919 777 1983 828 et
2002 764 2211 858 erepti
2228 772 2276 845 ¹,
2310 778 2379 830 et

281 865 551 939 similia.
589 866 725 939 Sed
750 893 856 938 res
885 887 1027 939 tota
1061 867 1281 965 magis
1317 869 1594 940 Graecos
1629 869 1858 959 decet,
1905 871 2105 943 nobis
2140 872 2376 944 minus
2412 894 2480 947 7⁰

276 978 618 1052 succedit:
663 1006 792 1051 nec
818 978 887 1051 id
914 980 1061 1052 fieri
1087 1000 1331 1053 natura
1363 1002 1532 1079 puto
1555 1038 1574 1069 ‚
1611 983 1732 1057 sed
1756 983 1995 1056 alienis
2019 985 2374 1074 favemus;

276 1094 573 1194 ideoque
593 1120 817 1194 quum
839 1108 1196 1184 ιωρτοειίχευοϋι
1218 1094 1442 1167 mirati
1463 1122 1740 1185 sumus,
1764 1103 2376 1172 incurvicervicum

274 1208 382 1279 vix
415 1236 454 1280 a
496 1209 633 1281 risu
673 1207 1135 1280 defendimus.
1181 1209 1526 1310 Propria³
1567 1232 1730 1283 sunt
1760 1214 2002 1302 verba,
2042 1241 2266 1313 quum
2300 1214 2373 1286 id
2409 1244 2468 1297 71

274 1325 702 1423 significant,
737 1325 808 1396 in
845 1324 1033 1424 qnod
1066 1325 1377 1424 primum
1415 1327 1860 1401 denominata
1896 1351 2096 1419 sunt;
2147 1347 2371 1402 trans-

278 1438 452 1528 lata,
486 1467 709 1539 quum
737 1439 954 1510 alium
980 1460 1227 1512 natura
1253 1441 1682 1515 intellectum
1707 1498 1726 1532 ,
1758 1442 1974 1515 alium
2006 1444 2158 1516 loco
2188 1472 2369 1543 prae-

274 1552 463 1626 bent.
502 1558 771 1628 Usitatis
793 1554 1005 1625 tutius
1032 1555 1333 1644 utimur3
1372 1582 1551 1629 nova
1574 1584 1720 1628 non
1745 1557 1890 1628 sine
1920 1558 2228 1656 quodam
2255 1586 2368 1657 pe-

274 1667 492 1740 riculo
513 1667 865 1767 fingimus
897 1670 1078 1740 Nam
1100 1669 1155 1741 si
1177 1692 1447 1769 recepta
1470 1692 1633 1744 sunt
1653 1727 1673 1759 ‚
1708 1671 2057 1743 modicam
2080 1672 2364 1744 laudem

270 1784 576 1856 afferunt
592 1782 917 1872 orationi3
950 1783 1343 1882 repudiata,
1375 1786 1582 1857 etiam
1610 1786 1681 1856 in
1700 1787 1894 1885 jocos
1918 1808 2191 1858 exeunt.
2223 1791 2364 1859 An·
2399 1816 2464 1869 7²

271 1897 582 1972 dendum
624 1919 905 1986 tamen3
950 1924 1294 1996 namque,
1344 1920 1421 1971 ut
1458 1897 1744 1972 Cicerol*
1785 1899 1913 1988 ait,
1957 1899 2161 1971 etiam
2205 1929 2362 1999 quae

347 2102 391 2137 t.
411 2085 606 2156 Erepti.
628 2084 833 2157 Reliqui
852 2097 1115 2157 receptam
1132 2123 1148 2152 ,
1170 2089 1267 2138 etsi

267 2181 467 2216 meram
506 2170 863 2237 conjecturam
898 2163 921 2235 (
947 2168 1099 2237 cujus
1141 2183 1265 2217 nes-

266 2242 423 2313 cio),
447 2261 514 2295 ne
537 2243 768 2308 viderer,
798 2246 854 2295 in
875 2262 931 2295 re
954 2245 1151 2295 incerta
1176 2262 1267 2315 pa-

264 2341 383 2374 rum
411 2323 655 2375 tribuisse
684 2324 903 2376 Gesneri
938 2322 1265 2395 aliorumque

264 2404 633 2474 prerogativae.
658 2402 831 2454 Guelf.
852 2420 883 2452 e
902 2420 966 2453 re.
985 2421 1040 2474 p.
1065 2401 1133 2473 (i.
1162 2420 1207 2454 e.
1234 2422 1264 2455 e

264 2479 593 2552 republica);
636 2494 689 2533 et
726 2484 801 2533 sic
838 2500 1020 2534 omnes
1056 2482 1223 2535 Codd.
1244 2520 1261 2548 .,

261 2572 451 2632 praeter
486 2559 682 2614 Bodlei.
722 2556 789 2614 de
822 2579 926 2632 quo
959 2562 1088 2614 mire
1124 2573 1264 2615 tacet

263 2639 409 2692 Gibs.
442 2643 522 2692 An
544 2643 703 2710 igitur
718 2640 805 2692 ille
823 2642 1019 2713 erepti?
1038 2643 1136 2694 Vix
1159 2660 1263 2713 pu-

264 2732 339 2772 to,
382 2719 540 2772 Goth.
578 2719 719 2791 (tac.
757 2721 914 2774 Gesn.
935 2721 958 2791 )
995 2739 1117 2792 repa
1154 2738 1263 2773 non

262 2799 591 2871 praecedente
613 2820 669 2865 e,
709 2803 763 2853 in
790 2819 895 2872 quo
938 2814 1112 2853 tamen
1134 2801 1263 2853 latet

261 2876 482 2929 aliorum
502 2878 667 2930 Codd.
690 2881 961 2950 scriptura.
988 2881 1053 2931 Et
1075 2880 1261 2932 fortas·

260 2976 318 3010 se
339 2971 448 3009 erat
466 2976 648 3010 secure
662 2957 933 3011 retinenda
947 2978 1025 3011 ea.
1043 2958 1260 3027 Obstat,

262 3036 411 3108 quod
439 3037 819 3108 copulationem
836 3075 852 3102 ,
894 3056 957 3090 ex
986 3042 1259 3110 perpetui-

259 3130 368 3170 tate
392 3120 884 3188 argumentationis,
908 3132 961 3170 et
981 3137 1044 3169 ex
1061 3121 1258 3171 caeteris

260 3194 509 3266 exemplis
525 3233 542 3261 ,
566 3210 705 3248 recte
726 3195 815 3248 hic
842 3196 1081 3266 accipere
1104 3196 1259 3249 nobis

257 3274 498 3326 videmur
510 3294 607 3347 pro
624 3276 714 3327 tali
728 3279 848 3347 conj
855 3277 1101 3328 unctione
1115 3313 1134 3340 ,
1154 3294 1257 3346 qua

260 3353 352 3405 fiat
370 3371 434 3406 ex
455 3354 695 3425 pluribus
719 3373 822 3407 una
847 3374 981 3420 vox,
1006 3353 1150 3426 quod
1173 3372 1258 3407 se-

259 3451 354 3485 cus
382 3447 461 3485 est
493 3436 546 3486 in
580 3435 819 3506 exemplo
850 3436 987 3486 isto:
1023 3453 1051 3485 e
1083 3454 1135 3486 re
1153 3453 1259 3507 pu-

257 3511 406 3563 blica.
432 3515 616 3584 Neque
641 3516 778 3565 enim
797 3526 901 3566 tres
918 3512 1078 3565 hasce
1099 3532 1257 3567 voces

256 3593 311 3642 in
332 3610 489 3644 unam
511 3595 785 3665 conjunxit
807 3595 909 3662 Qu.
929 3631 946 3658 ,
971 3592 1113 3664 quod
1132 3611 1258 3666 pro-

258 3672 382 3741 priae
406 3674 570 3742 ipsius
593 3672 782 3741 regulae
796 3709 814 3737 ,
836 3670 998 3723 modo
1018 3673 1064 3740 S.
1086 3670 1156 3723 66
1173 3689 1257 3724 ex-

256 3767 448 3821 pressae
465 3786 482 3813 ,
521 3766 813 3818 repugnare
844 3762 986 3801 recte
1011 3748 1256 3802 observat

255 3827 463 3881 Pseudo
481 3827 812 3880 -Turnebus.
882 3830 1015 3882 Puto
1079 3843 1256 3883 tamen

255 3905 535 3958 commode
558 3908 632 3958 sic
656 3925 812 3977 posse
831 3910 1065 3961 excusari
1087 3907 1253 3961 diver-

257 3989 461 4039 sitatem
495 3987 718 4057 exempli
750 3986 907 4056 hujus
941 4005 971 4037 a
1005 3987 1253 4058 reliquis,

257 4079 316 4117 ut
335 4081 610 4119 censeatur
623 4065 975 4134 Quintilianus
988 4070 1100 4136 jam
1120 4070 1267 4126 omi-.

257 4144 386 4195 sisse
410 4147 782 4216 cogitationem
805 4143 870 4196 de
893 4143 1251 4215 copulatione,

252 4226 688 4295 praepositionum
752 4222 1253 4296 corrumpendarum

1357 2104 1548 2154 causa,
1585 2100 1640 2139 et
1669 2088 1836 2158 egisse
1867 2105 2027 2158 porro
2055 2086 2123 2138 de
2155 2086 2268 2139 sola
2295 2106 2360 2139 ea

1355 2168 1727 2237 corruptione,
1762 2167 2038 2217 immemor
2062 2183 2164 2235 qua
2197 2183 2358 2218 occa-

1353 2245 1502 2298 sione
1530 2245 1635 2297 hoe
1663 2243 1874 2296 diceret.
1905 2274 1977 2284 —
2001 2245 2054 2295 E
2082 2244 2354 2316 republica.

1353 2326 1430 2376 Ita
1454 2322 1583 2376 dant
1605 2323 1771 2376 Codd.
1800 2324 1964 2376 nostri
1990 2325 2095 2376 RB.
2131 2341 2148 2375 1
2170 2362 2187 2390 ,
2215 2342 2242 2376 2
2261 2361 2278 2390 ,
2302 2325 2355 2391 3,

1354 2402 1385 2455 5
1402 2441 1420 2470 ,
1445 2418 1496 2456 et
1518 2404 1679 2456 Cnn».
1706 2403 1793 2455 alii
1815 2423 1912 2475 per
1935 2403 2309 2475 compendium
2326 2424 2356 2455 e

1353 2501 1405 2534 re
1427 2501 1481 2554 p.
1516 2485 1671 2534 Forte
1698 2485 1754 2534 in
1782 2482 2063 2553 exemplari
2090 2485 2352 2553 primitivo

1353 2574 1462 2615 erat
1492 2581 1627 2634 emp.
1662 2561 1803 2615 unde
1841 2562 1928 2614 alii
1959 2562 2199 2615 fecerunt
2235 2581 2263 2614 e
2300 2582 2353 2615 re

1347 2640 1581 2713 publica,
1625 2642 1712 2692 alii
1741 2642 1915 2713 erepti.
1951 2643 2041 2693 En.
2065 2643 2347 2714 —Erepti.

1350 2723 1682 2791 Quamquam
1702 2721 1784 2773 vel
1803 2723 1932 2773 citra
1955 2720 2353 2791 copulationem

1349 2817 1377 2849 e
1394 2799 1617 2851 dicimus
1636 2818 1733 2870 pro
1758 2817 1845 2864 ex,
1872 2800 1975 2867 Qu.
2003 2817 2109 2851 non
2136 2802 2299 2869 magis
2323 2819 2353 2850 e

1349 2897 1446 2951 pro
1465 2898 1554 2943 ex,
1573 2897 1731 2949 quam
1750 2898 1782 2929 a
1802 2898 1900 2951 pro
1914 2877 2003 2944 ab,
2019 2898 2195 2931 veram
2210 2892 2260 2930 et
2276 2882 2352 2932 in-

1351 2970 1451 3027 teg.
1463 2956 1671 3009 videtur
1679 2969 1893 3028 putasse
1903 2960 2345 3028 praepositionem.

1420 3055 1469 3089 ιι.
1495 3035 1811 3102 &parix-n.
1837 3039 2077 3089 Fortasse
2099 3051 2350 3088 novatum

1346 3116 1447 3166 fuit
1470 3113 1575 3165 hoc
1598 3113 1666 3165 ab
1691 3114 1867 3185 aliquo
1894 3118 2005 3186 ejus
2028 3116 2192 3186 ipsius
2217 3127 2350 3166 tem-

1346 3194 1491 3265 poris
1514 3190 1771 3244 Graeculo.
1798 3192 2098 3263 Stephanus
2122 3193 2178 3243 in
2201 3191 2347 3243 The-

1348 3288 1503 3324 sauro
1529 3265 1714 3323 saltem
1737 3271 1941 3324 nullum
1966 3273 2233 3344 scriptoris
2265 3271 2347 3324 lo-

1346 3370 1499 3418 cum,
1523 3351 1616 3404 ubi
1635 3352 1889 3422 legeretur
1903 3392 1920 3419 ,
1944 3355 2118 3425 potuit
2137 3353 2344 3405 afferre.

1344 3434 1610 3485 Accentus
1634 3446 1806 3483 autem
1832 3445 1940 3484 erat
1964 3434 2019 3484 in
2042 3435 2171 3484 recti
2193 3450 2346 3485 casus

1345 3510 1692 3583 penultimam
1706 3509 2047 3564 retrahendus
2059 3549 2075 3577 ,
2092 3510 2158 3562 ad
2173 3530 2346 3563 exem·

1343 3588 1493 3661 plum
1528 3587 1815 3655 λασιαύχκν,
1857 3590 2002 3662 apud
2037 3590 2347 3662 Aristopha-

1344 3688 1497 3736 nem,
1528 3665 1810 3738 μικραόχυ
1842 3668 1988 3742 apud
2013 3669 2347 3743 Euripidem,

1343 3744 1561 3817 ὅμιόχκυ
1585 3749 1728 3821 apud
1751 3751 2052 3800 Homerum.

1415 3826 1464 3880 3.
1491 3828 1727 3899 Propria.
1752 3828 2086 3897 Persequitur
2106 3827 2344 3898 partitio-

1341 3924 1463 3961 nem
1482 3925 1632 3959 suam
1649 3909 1690 3973 1,
1709 3905 1762 3973 5,
1788 3907 1836 3958 3.
1857 3906 1975 3957 Vid.
1997 3904 2066 3957 ad
2084 3908 2123 3971 Ι,
2148 3903 2199 3970 5,
2218 3903 2305 3956 65.

1411 3986 1462 4052 4.
1480 3986 1669 4039 Cicero.
1688 3987 1996 4037 meamus...
2010 3982 2339 4036 beatitudo...

1347 4087 1370 4112 ι
1394 4076 1676 4134 utrumque
1700 4062 1921 4129 durum,
1954 4061 2047 4115 sed
2074 4080 2173 4114 usu
2203 4061 2341 4114 mol-

1347 4165 1370 4191 ·
1388 4141 1563 4196 lienda
1581 4140 1736 4194 nobis
1755 4141 1913 4195 verba
1926 4153 2064 4194 sunt.
2088 4164 2111 4189 ο
2134 4143 2213 4194 De
2228 4152 2335 4193 nat.

1339 4225 1497 4278 Deor.
1512 4224 1564 4288 1,
1582 4221 1668 4288 34.
1684 4220 1803 4276 vid.
1821 4223 1997 4276 Nostr.
2015 4220 2155 4288 vlu,
2170 4220 2230 4287 3,
2249 4220 2336 4274 32.
