3200 5150
678 511 1333 583 INSTITUTIONIS
1369 512 1626 580 ORAT.
1668 513 1827 578 LIB.
1869 514 2003 594 111,
2044 539 2106 603 9.

2315 515 2439 604 557

344 639 486 730 his,
512 667 684 741 quas
715 601 1072 728 constitui,
1104 635 1414 735 partibus
1439 661 1619 724 non,
1650 656 1726 706 ut
1749 635 2100 735 quidque¹
2130 637 2446 768 primum

346 756 763 843 dicendum,
789 754 881 826 ita
906 752 1218 852 primum
1245 750 1697 849 cogitandum
1723 772 1854 838 est;
1881 751 2000 824 sed
2025 773 2184 824 ante
2208 754 2450 825 omnia

340 870 596 942 intueri
621 889 918 969 oportet,
951 866 1157 961 Quod
1183 870 1268 936 sit
1288 891 1499 964 qenus
1526 866 1833 937 causoe2?
1856 867 2043 961 Quid
2070 873 2139 939 in
2165 895 2246 941 ea
2268 894 2450 968 quae-

342 977 577 1058 rc'ztur?
613 984 784 1079 Quae
807 981 1114 1083 prosint?
1147 980 1319 1075 Quae
1346 978 1730 1052 noceant3?
1760 980 2049 1071 deinde,
2082 982 2269 1076 Quid
2294 1010 2450 1054 con·

321 1100 758 1202 firmandum
777 1097 893 1188 sit,
919 1124 996 1168 ac
1022 1094 1509 1195 refellendum?
1534 1115 1687 1167 tum
1704 1150 1723 1184 ‚
1756 1096 1909 1190 Quo
1935 1098 2137 1169 modo
2162 1124 2455 1169 narran-

343 1214 552 1288 dum?
568 1209 977 1313 Expositio4
996 1211 1187 1282 enim
1211 1210 1706 1309 probationum
1729 1231 1829 1282 est
1852 1212 2254 1311 praeparatio
2276 1269 2293 1301 ,
2321 1239 2450 1284 nec

346 1355 492 1401 esse
523 1326 707 1400 utilis
741 1346 995 1426 potest,
1025 1325 1158 1397 nisi
1188 1325 1380 1424 prius
1409 1322 1855 1414 constiteri15,
1890 1325 2062 1424 quid
2090 1326 2342 1399 debeat
2367 1327 2454 1400 de

344 1444 753 1545 probatione
784 1442 1222 1542 promittere3
1251 1462 1603 1541 postremo
1631 1442 2054 1515 intuendum
2071 1499 2090 1531 ,
2117 1443 2459 1542 quemad-

346 1559 643 1631 modum
673 1557 896 1659 judex
931 1558 1018 1629 sit
1054 1556 1571 1647 conciliandus;
1605 1584 1838 1657 neque
1866 1557 2096 1648 enim,
2137 1559 2269 1631 nisi
2303 1559 2456 1631 totis

346 1700 570 1747 causae
612 1671 970 1772 partibus⁶
1012 1672 1380 1772 diligenter
1420 1672 1746 1772 inspectis
1764 1730 1783 1764 ‚
1827 1672 1998 1746 scire
2037 1699 2411 1772 possumus
2434 1730 2454 1762 ‚

349 1788 635 1888 qualem
661 1786 866 1860 nobis
889 1789 1115 1860 facere
1140 1786 1467 1858 animum
1494 1788 1975 1888 cognoscentis
1999 1787 2346 1886 expediat,
2367 1814 2462 1860 se-

347 1933 628 1997 centioreS,
645 1944 866 2003 excepto
881 1931 1011 1985 obr.
1023 1930 1159 1984 Vide
1173 1943 1356 1982 notam
1441 1932 1698 2003 positione
1713 1931 2027 1985 confundas.
2038 1933 2133 1985 Est
2141 1931 2300 2003 plane
2313 1932 2458 2003 quod

349 2011 419 2063 ad
446 2012 523 2076 Π,
554 2028 615 2080 19
632 2050 649 2077 ‚
677 2011 727 2064 3.
749 2014 904 2064 Tar-v.
935 2009 1031 2062 illa
1057 2021 1109 2062 et
1134 2010 1356 2082 ubique,
1446 2013 1678 2063 narratio
1695 2050 1712 2078 ‚
1748 2011 1896 2083 quod
1927 2025 2110 2064 nostro
2144 2011 2268 2063 loco
2300 2010 2461 2064 docet

348 2093 545 2142 omisso
583 2108 692 2141 non
730 2089 905 2142 solum
943 2108 1091 2150 vero,
1132 2088 1226 2141 sed
1262 2108 1359 2160 per

351 2187 581 2221 errorem
611 2171 768 2221 etiam
796 2187 1024 2241 semper;
1059 2184 1110 2221 et
1143 2171 1361 2240 insuper

348 2247 403 2301 h.
432 2248 466 2299 Ι.
492 2248 649 2300 csedit
665 2262 716 2301 et
735 2268 886 2320 epus,
909 2249 1085 2320 qualia
1107 2250 1359 2301 Ernestus

347 2329 574 2380 fortasse
607 2329 1069 2381 animadvertebat.
1095 2327 1229 2381 Vide
1258 2347 1360 2381 no-

349 2419 459 2458 tam
483 2405 551 2458 ad
576 2405 665 2458 lib.
692 2409 790 2472 111,
816 2427 861 2458 c.
892 2407 952 2474 8,
977 2406 1020 2477 §.
1048 2406 1134 2459 60.

431 2502 474 2536 1.
505 2485 663 2548 Non,
697 2495 757 2537 ut
785 2485 1091 2557 quidque....
1126 2485 1363 2558 cogitau-

351 2563 498 2616 dum.
521 2563 769 2618 Totidem
794 2585 941 2637 paene
960 2565 1134 2618 verbis
1158 2566 1266 2619 Cic.
1294 2563 1360 2617 de

352 2645 463 2695 lnv.
489 2643 539 2706 l,
577 2642 670 2709 14:
709 2661 891 2710 «non,
922 2658 983 2696 ut
1016 2643 1248 2716 quidque
1281 2643 1364 2695 di-

359 2746 383 2770 «
404 2721 634 2775 cendum
647 2726 903 2794 primum,
919 2727 992 2776 ita
1004 2728 1235 2795 primum
1257 2726 1365 2775 ani-

360 2823 385 2847 «
403 2800 837 2854 madvertendum
852 2802 1075 2854 videtur.
1094 2826 1117 2850 ιι
1142 2804 1270 2853 Rem
1292 2803 1367 2872 ip-

356 2900 468 2933 sam
484 2919 501 2947 ‚
525 2883 720 2933 citame
743 2882 1041 2952 Capperon.
1057 2918 1074 2947 ‚
1104 2881 1271 2949 tangit
1298 2878 1366 2931 de

356 2962 503 3015 Orat.
520 2961 585 3025 Π,
599 2977 664 3029 77
682 2958 933 3012 exmvid.
946 2963 1099 3012 Nost.
1114 2960 1201 3023 111,
1212 2958 1265 3023 6,
1284 2975 1302 3009 1
1315 2976 1363 3009 2.

431 3057 479 3091 2.
519 3039 671 3109 Quod
700 3040 769 3093 sit
782 3057 947 3113 qenus
968 3054 1150 3090 causoe.
1183 3039 1361 3090 Turio.

357 3117 486 3190 quid
503 3136 540 3169 s.
557 3136 612 3191 q.
633 3137 677 3170 c.
690 3156 707 3183 ,
731 3137 854 3170 cum
870 3119 1015 3169 Jens.
1036 3115 1160 3187 (tac.
1177 3115 1363 3185 Gesn.)

358 3211 412 3250 et
437 3201 593 3251 Voss..
626 3216 655 3251 2
685 3197 785 3268 (de
812 3196 972 3251 Goth.
1004 3214 1177 3266 neque
1203 3196 1363 3247 Gesn.

360 3295 534 3346 neque
564 3294 663 3347 ego
688 3275 979 3347 quidquam
1007 3274 1367 3344 notavimus),

359 3359 511 3409 Tarv.
535 3369 588 3408 et
604 3354 726 3407 Ald.
744 3369 845 3407 utr.
864 3353 1054 3406 Badius
1069 3351 1371 3413 vallensem

359 3434 504 3507 quod
533 3435 777 3507 praeferre
808 3447 1017 3500 narrat,
1053 3430 1198 3504 quod
1235 3449 1369 3485 con-

357 3517 564 3584 jectura
586 3526 898 3585 reposuerat
919 3514 1131 3583 Regius.

435 3594 485 3645 3.
529 3593 659 3662 Quoe
691 3592 928 3664 prosint?
958 3594 1087 3662 Quoe
1118 3591 1372 3641 noceant?

363 3671 525 3724 Goth.
551 3670 689 3740 Quid
702 3672 865 3742 prosit
881 3671 1010 3744 quid
1029 3680 1213 3723 noceat
1230 3667 1373 3741 (pos-

365 3752 528 3802 terius
570 3762 775 3801 tantum
812 3763 1137 3802 memorante
1172 3747 1374 3818 Gesn.)

367 3847 491 3880 cum
512 3833 666 3882 Voss.
696 3845 724 3879 2
738 3866 755 3895 ‚
777 3827 914 3881 Alm.
942 3826 1135 3880 dicitur
1160 3828 1375 3900 praefer-

367 3928 449 3961 re:
472 3909 611 3978 Quid
624 3909 849 3980 prosint,
866 3907 994 3980 quid
1012 3917 1257 3972 noceant,
1282 3906 1375 3961 sed

367 3989 497 4041 latet
522 3991 578 4041 in
604 3991 667 4041 iis
694 3988 941 4042 Gothana
966 3988 1240 4058 scriptura.
1263 3987 1375 4037 Tu-

371 4071 462 4121 ric-
484 4086 595 4120 non
614 4079 949 4120 memoratur.
968 4094 1042 4105 —
1058 4066 1120 4117 R.
1144 4081 1173 4117 2
1186 4102 1202 4132 ,
1224 4064 1378 4135 Quod

369 4148 564 4221 prosit?
582 4148 726 4221 quod
747 4157 946 4199 noceat.
971 4146 1064 4200 Eu.

444 4227 495 4293 4.
512 4226 799 4299 Expositio.
813 4226 951 4280 Cave
964 4224 1103 4279 hanc
1117 4242 1237 4278 cum
1252 4242 1379 4295 pro-

1454 2090 1636 2141 «enim
1657 2115 1679 2138 n
1737 2092 2021 2162 respiciens
2073 2089 2141 2142 ad
2194 2109 2460 2143 «narran-

1454 2168 1642 2220 «dum.
1667 2193 1689 2219 ιι
1718 2170 1851 2223 Vide
1884 2171 1939 2237 1,
1977 2187 2040 2234 2,
2071 2169 2166 2236 ¹4³
2202 2183 2254 2220 et
2285 2172 2363 2236 11,
2392 2170 2460 2237 4,

1456 2245 1534 2301 15.
1567 2252 1646 2301 Ita
1677 2248 1967 2302 Declamat.
1998 2248 2222 2319 Quintil.
2259 2252 2356 2316 111,
2390 2266 2419 2320 7
2444 2273 2457 2301 ε

1456 2349 1478 2373 α
1498 2329 1615 2380 Hoc
1634 2328 1964 2399 expositionis
1983 2328 2163 2381 loco...
2185 2342 2459 2382 accusato-

1456 2427 1478 2453 ιι
1498 2406 1645 2458 ribus
1670 2406 1870 2459 credas·
1897 2406 1978 2459 nli
2001 2419 2287 2459 narrarunt
2304 2432 2326 2457 ιι
2357 2422 2458 2461 etc.

1522 2483 1573 2537 5.
1622 2485 1928 2538 constiterit.
1966 2488 2143 2538 Turic.
2190 2501 2242 2540 et
2280 2486 2457 2541 Guelf.

1450 2563 1805 2630 constituerit,
1831 2584 1953 2617 cum
1981 2563 2143 2618 Goth.
2174 2565 2323 2619 Bodl.
2351 2565 2460 2619 Bal.

1450 2647 1605 2697 Voss.
1637 2643 1834 2709 tribus,
1867 2646 2016 2697 Bern.
2053 2658 2105 2698 et
2139 2644 2259 2697 edd.
2295 2644 2460 2698 Andr.

1451 2723 1595 2774 ἔειπε.
1612 2724 1764 2775 Tarv.
1786 2723 1906 2775 Ald.
1928 2724 2042 2775 Bas.
2066 2721 2205 2794 (quae
2225 2725 2278 2776 in
2297 2742 2460 2794 marg.

1454 2814 1723 2871 receptam
1739 2800 1941 2870 habet).
1963 2800 2100 2852 Alm.
2124 2815 2331 2853 tacetur
2350 2805 2465 2873 qui-

1455 2878 1578 2931 dem
1601 2878 1696 2931 sed
1717 2881 1872 2931 nimis
1896 2898 2018 2931 cum
2036 2883 2211 2932 Turio.
2235 2880 2372 2934 solet
2390 2883 2465 2934 fa-

1455 2975 1593 3009 cere.
1630 2960 1780 3010 Unus
1817 2972 1898 3011 est
1935 2961 2126 3012 Joann.
2169 2963 2260 3031 qui
2295 2964 2467 3032 possit

1455 3049 1679 3109 receptae
1701 3038 1890 3090 vindex
1918 3038 2089 3105 credi,
2116 3042 2368 3110 quoniam
2396 3042 2469 3092 si-

1456 3115 1594 3167 letur
1614 3135 1643 3168 a
1662 3116 1902 3169 Gibsono
1915 3157 1932 3184 ,
1951 3136 2074 3169 mox
2094 3117 2338 3171 eumdem
2356 3138 2468 3173 me-

1458 3208 1725 3261 morante,
1759 3197 1859 3248 nisi
1891 3196 2031 3248 forte
2059 3196 2273 3249 mutilus
2302 3209 2382 3249 est
2407 3198 2462 3250 h.

1458 3272 1495 3324 l.
1519 3273 1624 3327 Sed
1648 3276 1692 3326 si
1714 3273 1798 3327 vel
1823 3273 1999 3327 nulius
2023 3274 2204 3327 Codex
2226 3274 2467 3343 addicat,

1456 3355 1725 3405 verissima
1755 3367 1835 3406 est
1866 3367 2110 3427 recepta,
2139 3356 2193 3407 in
2226 3368 2372 3407 tanta
2402 3355 2468 3408 li-

1456 3429 1754 3484 brariorum
1768 3433 2153 3485 consuetudine
2167 3449 2467 3506 permutan-

1458 3508 1514 3561 di
1535 3511 1803 3563 constituit
1823 3523 1875 3563 et
1898 3512 2155 3577 constitit,
2188 3531 2311 3564 cum
2339 3516 2464 3566 suis.

1420 3634 1424 3638 Α
1459 3588 1592 3641 Vide
1610 3588 2008 3643 Drakenborch.
2029 3591 2100 3644 ad
2116 3593 2224 3644 Liv.
2245 3594 2466 3660 xxva,

1467 3667 1562 3735 16,
1599 3684 1678 3719 ιι.
1709 3699 1780 3709 —
1804 3670 1912 3722 RR.
1950 3686 2007 3737 1,
2035 3672 2099 3737 3,
2129 3672 2164 3739 4
2191 3686 2244 3724 et
2269 3674 2466 3740 Cum,

1460 3748 1797 3801 constinoerit.
1826 3749 1888 3802 R.
1921 3767 1980 3818 a,
2008 3753 2304 3804 constiterit.
2334 3755 2428 3806 En.

1533 3826 1584 3879 6.
1614 3826 1832 3880 Totis....
1857 3830 2101 3899 partibus.
2128 3831 2218 3883 sie
2234 3849 2334 3902 pro
2359 3850 2469 3883 om-

1463 3908 1611 3960 nibus
1634 3924 1664 3959 a
1687 3910 1861 3979 poetis
1892 3922 1945 3960 et
1972 3912 2229 3980 sequioris
2253 3913 2474 3983 potissi-

1462 4005 1611 4038 mum
1629 3988 1723 4037 ενι
1744 3987 2087 4058 scriptoribus
2109 3989 2471 4060 frequentatur

1465 4066 1608 4131 totis,
1631 4082 1736 4136 qua
1755 4065 1823 4117 de
1840 4084 1897 4119 re
1918 4066 2037 4119 vide
2054 4067 2213 4120 Gesn.
2233 4070 2290 4120 in
2306 4069 2466 4122 Thes.

1465 4158 1709 4216 utroque.
1735 4145 2070 4218 Quamquam
2091 4145 2180 4199 hie
2202 4146 2396 4200 facile·
2384 4167 2468 4200 ιιι-

1466 4241 1609 4277 seras
1633 4241 1670 4275 u
1693 4237 1816 4294 post
1839 4223 1872 4275 ι’
