3200 5150
744 469 869 535 216

1307 468 1398 529 M.
1440 464 1667 529 FABn
1703 460 2254 546 QUINTILIANI

739 617 975 663 rursus
1011 587 1098 661 ad
1144 586 1596 661 efficiendum
1635 606 1974 658 oratorem
2020 586 2178 658 satis
2214 585 2445 658 valent
2488 588 2685 677 solat-3
2743 614 2837 662 an

663 731 696 782 3
740 709 876 780 sint
917 707 1081 779 huic
1132 705 1322 804 operi
1370 703 1805 791 necessariae,
1863 703 2211 802 quaeritur.
2261 705 2441 774 Nam
2485 704 2693 802 quid,
2729 707 2842 778 in-

737 823 1026 922 quiunt,
1071 821 1159 892 ad
1187 819 1532 919 agendam
1567 845 1889 906 causam,
1934 817 2385 890 dicendamve
2420 821 2835 893 sententiam

737 937 1034 1037 pertinet
1067 936 1271 1022 scire,
1306 933 1911 1034 quemadmodum
1950 932 2022 1004 in
2059 933 2215 1004 data
2238 946 2255 977 ¹
2296 933 2482 1004 linea
2514 936 2838 1007 constitui

734 1051 1082 1150 triangula
1113 1051 1325 1150 aequis
1362 1049 1691 1121 lateribus
1724 1048 2032 1148 possint?
2075 1051 2215 1120 Aut
2251 1074 2394 1147 quo
2438 1049 2690 1122 melius
2724 1050 2836 1123 vel

739 1166 1066 1238 defendet
1108 1192 1307 1236 reum
1331 1219 1351 1252 ,
1398 1164 1505 1235 vel
1544 1183 1733 1261 reget
1763 1163 2087 1250 consilia,
2122 1163 2245 1262 qui
2274 1163 2547 1236 citharae
2585 1179 2835 1237 sonos²

663 1288 700 1355 4
742 1280 1152 1353 nominibus
1181 1300 1247 1351 et
1277 1279 1508 1378 spatiis
1539 1278 1957 1351 distinxerit?
1993 1281 2429 1351 Enumerent
2463 1279 2671 1351 etiam
2706 1281 2837 1352 for·

736 1419 912 1469 tasse
963 1396 1256 1485 multoS,
1295 1395 1683 1495 quamlibet
1730 1396 1931 1467 utiles
1981 1396 2170 1484 foro,
2209 1395 2330 1494 qui
2377 1423 2507 1467 nec
2551 1422 2837 1493 geome-

736 1533 892 1583 tren
912 1508 941 1555 3
977 1507 1442 1598 audiverint4‚
1478 1538 1607 1582 nec
1644 1511 1979 1601 musicoS,
2010 1510 2141 1582 nisi
2170 1511 2300 1583 hac
2331 1511 2697 1583 communi
2727 1538 2839 1583 vo-

740 1626 1002 1725 luptate
1036 1626 1351 1716 aurium,
1392 1625 1800 1725 intelligant.
1837 1624 2162 1716 Quibus⁵
2198 1651 2326 1724 ego
2355 1625 2666 1724 primum
2701 1626 2837 1699 hoc

741 1803 883 1855 tibus
921 1803 1028 1855 Bal.
1054 1808 1206 1857 Voss.
1250 1824 1313 1871 α,
1346 1806 1412 1871 3,
1445 1804 1662 1875 Rem),
1694 1817 1748 1856 et

743 1882 863 1935 edd.
912 1896 1036 1934 vett.
1079 1880 1359 1953 pleraeque.
1407 1884 1746 1935 Recentiores

744 1961 955 2032 quidem
977 1980 1187 2026 omnes,
1207 1963 1340 2012 miro
1361 1974 1548 2013 contra
1573 1960 1742 2013 Codd.

743 2040 1000 2110 obsequio
1013 2078 1030 2103 ,
1048 2053 1361 2110 receperunt
1381 2058 1578 2090 meram
1597 2041 1746 2108 Regii

743 2122 1128 2190 conjecturam:
1143 2118 1374 2189 perfecta
1388 2118 1496 2168 sine
1511 2117 1588 2169 his
1601 2135 1750 2168 oran-

741 2197 799 2247 di
832 2198 1043 2248 scientia
1079 2215 1185 2248 non
1220 2206 1402 2267 potest.
1441 2197 1493 2248 Si
1529 2195 1747 2262 liceret,

745 2277 890 2347 quod
907 2295 1014 2328 non
1030 2277 1170 2341 licet,
1185 2279 1255 2327 ita
1271 2277 1494 2344 grassari
1508 2277 1561 2326 in
1576 2274 1745 2326 Codd.

743 2358 1062 2425 scripturas,
1091 2353 1278 2404 melior
1306 2353 1489 2404 saltem
1518 2353 1751 2405 debebat

744 2437 856 2487 erui
881 2436 1154 2485 sententia.
1179 2436 1340 2497 Nam,
1364 2434 1408 2485 si
1431 2435 1542 2485 sine
1567 2432 1649 2484 his
1671 2451 1749 2484 ar-

746 2514 887 2566 tibus
909 2514 1096 2565 orandi
1114 2516 1328 2565 scientia
1350 2531 1458 2564 non
1476 2527 1655 2584 potest
1675 2533 1750 2565 es-

746 2614 802 2646 se
817 2595 1070 2665 perfecta,
1081 2613 1148 2644 ne
1160 2596 1319 2663 quaeri
1331 2593 1541 2664 quidem
1552 2608 1748 2665 potest,

745 2693 813 2725 an
843 2675 946 2724 sint
973 2672 1097 2723 huic
1127 2675 1274 2744 operi
1297 2675 1617 2725 necessariae.
1645 2677 1749 2725 Ne-

745 2772 850 2824 que
889 2766 999 2818 est‚
1034 2752 1177 2823 quod
1214 2754 1261 2820 5.
1309 2770 1397 2818 ιι,
1441 2772 1545 2804 «ac
1578 2755 1748 2805 siue...

749 2856 771 2879 κ
793 2833 1094 2903 eloquentia
1115 2857 1137 2879 n
1161 2832 1268 2884 huc
1287 2833 1479 2884 trabas.
1496 2833 1588 2884 lua
1609 2851 1746 2884 nova

745 2925 824 2964 est
849 2914 1103 2963 sententia
1120 2950 1137 2978 ,
1162 2925 1212 2964 et
1236 2912 1415 2963 differt
1444 2934 1466 2957 α
1486 2912 1746 2982 eloquen-

752 3017 774 3038 κ
795 2995 865 3044 tia
887 3017 909 3039 n
962 2992 1030 3044 ab
1083 3015 1104 3037 u
1126 2992 1310 3044 orandi
1357 2994 1590 3044 scientia.
1616 3017 1638 3040 ιο
1694 2994 1748 3045 Si

746 3073 873 3145 quid
897 3092 1070 3124 morer
1091 3077 1146 3124 in
1172 3085 1285 3122 toto
1308 3072 1414 3123 hoc
1437 3071 1558 3122 loco
1575 3109 1591 3136 ,
1615 3071 1746 3123 illud

745 3155 840 3204 sit:
864 3153 988 3224 quia
1011 3163 1060 3203 et
1084 3151 1204 3222 ipsoe
1225 3162 1356 3204 artes
1372 3161 1517 3215 sunt,
1545 3150 1611 3202 de
1638 3169 1745 3222 quo

744 3236 827 3302 egi
855 3235 907 3283 in
937 3246 1062 3285 nota
1096 3231 1319 3302 praeced.
1348 3233 1503 3282 —R.
1538 3248 1592 3296 ι,
1620 3248 1682 3296 2,
1711 3231 1744 3283 3

743 3326 796 3363 et
812 3313 968 3363 Canu».
984 3350 1001 3377 ,
1015 3311 1234 3383 perfecti
1248 3311 1356 3362 sitte
1378 3309 1576 3361 orandi.
1595 3312 1686 3360 En.

821 3408 863 3441 ι.
909 3391 976 3441 In
1017 3390 1155 3440 data.
1202 3392 1277 3440 lta
1314 3388 1486 3442 Guelf.
1527 3407 1626 3440 nec
1665 3402 1744 3441 est

743 3470 888 3542 quod
931 3470 984 3520 in
1027 3469 1336 3541 abjiciamus
1377 3488 1498 3520 cum
1539 3467 1743 3539 aliquot

739 3550 907 3604 Codd.
935 3564 992 3602 ut
1014 3554 1189 3603 Turic.
1217 3549 1339 3621 (qui
1367 3563 1416 3601 et
1440 3548 1594 3600 ducta
1614 3566 1742 3601 cum

737 3630 907 3701 Alm.)
944 3644 994 3682 et
1027 3630 1146 3682 edd.
1188 3632 1355 3681 Etiam
1392 3627 1637 3680 Euclides
1670 3632 1741 3681 ait

736 3707 815 3761 ἰπὶ
854 3710 933 3763 ’τῖς
979 3710 1235 3765 δοθείσης...
1281 3705 1557 3776 ἰσόπλευρον.
1603 3709 1741 3760 Data

735 3804 912 3841 autem
942 3809 1049 3842 non
1080 3789 1229 3840 abest
1252 3807 1281 3840 a
1306 3788 1495 3853 Goth„
1520 3800 1578 3838 ut
1605 3788 1739 3840 male

732 3873 1022 3924 Gesner-um
1040 3868 1292 3921 intellexit
1307 3868 1507 3922 Harles.
1525 3872 1667 3922 -R.
1692 3888 1737 3936 1,

733 3953 924 4012 Caua,
948 3952 1119 4002 ducta.
1146 3951 1206 4001 R.
1238 3967 1295 4014 2,
1320 3948 1458 4000 data.
1485 3952 1578 4000 En.

807 4048 853 4082 2.
898 4031 1000 4100 Qui
1034 4030 1244 4082 citharoe
1273 4048 1451 4094 sonos,
1485 4039 1578 4079 etc.
1613 4031 1731 4081 Jan.

730 4109 993 4160 Gebhard.
1038 4108 1302 4180 Crepund.
1327 4148 1343 4174 ,
1385 4108 1418 4158 Ι.
1464 4110 1542 4173 Π,
1579 4126 1625 4159 c.
1668 4109 1733 4172 3,

729 4207 783 4260 p.
823 4188 919 4250 63,
957 4207 1016 4239 ex
1055 4188 1162 4239 MS.
1202 4188 1363 4238 Palat.
1397 4189 1609 4258 reponit
1641 4186 1736 4258 qui

1835 1804 2045 1858 citharoe
2069 1824 2218 1858 sonos
2244 1823 2384 1857 nom.
2415 1815 2466 1855 et
2485 1815 2614 1876 spat.
2640 1803 2837 1877 defixe-

1836 1885 1918 1935 rit.
1952 1882 2214 1958 Defigere,
2248 1882 2460 1954 figendo
2492 1883 2837 1951 distribuere,

1837 1976 1889 2014 et
1920 1982 2028 2014 non
2056 1977 2164 2015 tam
2191 1963 2466 2030 δὶαιστίξυν,
2499 1980 2656 2033 quam
2683 1965 2841 2015 certia

1835 2040 2201 2098 ὖποδιιατολαῗς
2220 2056 2272 2094 et
2292 2041 2548 2110 οἱφαρισμοῗς
2566 2041 2741 2111 figere.
2754 2044 2842 2093 Vi-

1836 2120 1904 2173 de
1936 2124 2220 2187 Nostrum‚
2255 2121 2289 2172 l.
2316 2125 2382 2187 V,
2415 2140 2461 2172 c.
2504 2138 2595 2173 to:
2630 2139 2755 2171 nam
2779 2131 2844 2171 ut

1836 2211 2017 2252 cantus
2052 2201 2216 2265 vocis,
2255 2211 2347 2252 etc.
2386 2202 2531 2253 Eorr.
2574 2202 2734 2252 Haut.
2767 2228 2842 2241 —

1836 2279 1999 2332 Sonos
2022 2280 2368 2331 nominibus...
2392 2279 2582 2351 spatiis.
2610 2282 2841 2332 Nomina

1838 2372 1961 2410 sunt
1988 2357 2175 2419 brian,
2199 2354 2488 2427 παρεικότι,
2515 2356 2635 2423 μίση
2650 2395 2667 2422 ,
2696 2355 2802 2410 witru
2820 2397 2840 2420 ,

1837 2451 1937 2487 etc.
1995 2437 2176 2509 Spatia
2192 2475 2208 2503 ‚
2258 2439 2399 2489 varie
2452 2437 2841 2508 intercipiendo

1837 2515 2204 2568 monochordo
2226 2518 2452 2568 existunt
2472 2529 2525 2568 et
2535 2518 2708 2569 varios
2725 2515 2844 2568 red-

1837 2595 1972 2647 dunt
1989 2615 2166 2648 sonos.
2189 2599 2319 2649 Rem
2338 2598 2593 2649 musicam
2603 2609 2841 2648 veterum

1838 2678 2034 2728 tirones
2076 2676 2441 2729 adumbratam
2482 2675 2659 2745 legant
2694 2675 2842 2747 apud

1839 2755 2278 2808 Bartholomaeum
2330 2758 2385 2808 iu
2439 2753 2798 2808 Anacharside
2823 2792 2842 2820 ‚

1839 2849 1967 2889 tom.
1993 2839 2091 2902 ΠΙ,
2116 2855 2162 2888 c.
2192 2855 2273 2906 27.

1909 2916 1958 2968 3.
2003 2917 2320 2968 Geometren.
2355 2917 2433 2967 lta
2458 2912 2632 2968 Guelf.
2661 2928 2841 2980 recte,

1837 3007 1895 3046 ut
1927 3007 1981 3046 et
2011 2996 2177 3066 Capp.
2211 3007 2264 3046 et
2293 2996 2452 3049 Gesn.
2488 3007 2541 3046 et
2575 2994 2840 3065 pleraeque

1836 3088 1959 3126 vett.
1987 3073 2107 3126 edd.
2134 3076 2304 3126 Burm.
2333 3074 2652 3125 Geometrem
2671 3073 2839 3141 male,

1837 3157 1927 3224 qui
1964 3168 2015 3205 et
2047 3156 2101 3205 in
2131 3154 2400 3206 Juvenalis
2430 3173 2582 3206 versu
2606 3155 2701 3220 111,
2730 3153 2836 3223 76,

1830 3245 2089 3305 geometer
2122 3233 2277 3286 scribi
2314 3232 2461 3299 vult,
2499 3245 2684 3285 contra
2720 3251 2835 3284 me-

1834 3325 1988 3363 trum.
2056 3308 2227 3364 Habet
2280 3325 2455 3364 tamen
2514 3312 2835 3364 Geometrem

1831 3391 1991 3445 Goth.
2022 3392 2153 3464 (tac.
2183 3391 2377 3462 Gesn.)
2405 3405 2456 3444 et
2484 3392 2688 3462 aliquot
2711 3391 2833 3443 edd.

1831 3483 1890 3522 ut
1914 3470 2080 3524 Aldus
2106 3484 2155 3524 et
2178 3473 2513 3523 recentiores.
2536 3500 2607 3510 —
2626 3469 2835 3522 Habent

1833 3568 2046 3621 quoque
2070 3561 2411 3624 yconie-trem,
2444 3552 2552 3602 RR.
2591 3566 2609 3600 ι
2631 3587 2650 3616 ,
2689 3565 2751 3615 2,
2780 3562 2835 3601 et

1830 3630 1989 3682 Cim».
2010 3631 2109 3682 Ed.

1901 3709 1950 3775 4.
1968 3708 2291 3760 Audiverint.
2307 3707 2481 3761 Guelf.
2498 3707 2829 3774 audiverunt,

1827 3808 1950 3840 cum
1969 3789 2171 3860 aliquot
2188 3788 2355 3840 Codd.
2379 3801 2431 3841 et
2447 3787 2689 3860 plurimis
2707 3787 2828 3840 edd.

1825 3883 1949 3922 vett.
1976 3870 2146 3934 male,
2170 3888 2333 3941 quum
2356 3882 2611 3940 sequatur
2632 3868 2830 3920 intelli-

1822 3959 1978 4022 9ant‚
1998 3948 2143 4019 quod
2154 3967 2314 4000 nemo
2330 3947 2594 4001 sollicitat.
2611 3950 2754 4000 -R
2783 3963 2828 4013 ι,

1829 4044 1885 4092 2,
1910 4025 2235 4078 audiverunt.

1896 4105 1943 4158 5.
1961 4107 2168 4177 Quibus.
2181 4107 2384 4159 Solutio
2401 4119 2479 4158 est
2495 4107 2828 4177 opinionum..

1824 4186 2014 4257 quibus
2032 4189 2257 4259 opponit
2278 4199 2501 4240 sentent.
2527 4186 2633 4238 Cic.
2658 4187 2821 4237 Tun.
