<?xml version="1.0" encoding="UTF-8"?>
<!DOCTYPE html PUBLIC "-//W3C//DTD XHTML 1.0 Transitional//EN"
    "http://www.w3.org/TR/xhtml1/DTD/xhtml1-transitional.dtd">
<html xmlns="http://www.w3.org/1999/xhtml" xml:lang="en" lang="en">
 <head>
  <title>
</title>
<meta http-equiv="Content-Type" content="text/html;charset=utf-8" />
  <meta name='ocr-system' content='tesseract 3.04.00' />
  <meta name='ocr-capabilities' content='ocr_page ocr_carea ocr_par ocr_line ocrx_word'/>
</head>
<body>
  <div class='ocr_page' id='page_1' title='image "./deinstitutioneo12quingoog_0034.png"; bbox 0 0 3200 5150; ppageno 0'>
   <div class='ocr_carea' id='block_1_1' title="bbox 780 441 2379 519">
    <p class='ocr_par' dir='ltr' id='par_1_1' title="bbox 780 441 2379 519">
     <span class='ocr_line' id='line_1_1' title="bbox 780 441 2379 519; baseline -0.007 -1"><span class='ocrx_word' id='word_1_1' title='bbox 780 452 820 518; x_wconf 89' lang='grc'><strong>8</strong></span> <span class='ocrx_word' id='word_1_2' title='bbox 1244 444 1614 515; x_wconf 88' lang='lat' dir='ltr'><strong>GEORG.&#39;</strong></span> <span class='ocrx_word' id='word_1_3' title='bbox 1637 443 1856 519; x_wconf 87' lang='lat' dir='ltr'><strong>LUD.</strong></span> <span class='ocrx_word' id='word_1_4' title='bbox 1902 441 2379 508; x_wconf 84' lang='lat' dir='ltr'>SPALDING</span> 
     </span>
    </p>
   </div>
   <div class='ocr_carea' id='block_1_2' title="bbox 724 544 2866 4143">
    <p class='ocr_par' dir='ltr' id='par_1_2' title="bbox 776 544 2852 870">
     <span class='ocr_line' id='line_1_2' title="bbox 777 544 2852 664; baseline -0.004 -26"><span class='ocrx_word' id='word_1_5' title='bbox 777 574 893 664; x_wconf 88' lang='lat' dir='ltr'><strong>qui</strong></span> <span class='ocrx_word' id='word_1_6' title='bbox 934 571 1349 641; x_wconf 77' lang='lat' dir='ltr'><strong>inscribitur:</strong></span> <span class='ocrx_word' id='word_1_7' title='bbox 1394 569 1780 635; x_wconf 86' lang='lat' dir='ltr'><strong>Partitiones</strong></span> <span class='ocrx_word' id='word_1_8' title='bbox 1822 567 2141 632; x_wconf 83' lang='lat' dir='ltr'><strong>oratoriae.</strong></span> <span class='ocrx_word' id='word_1_9' title='bbox 2185 562 2349 644; x_wconf 89' lang='lat' dir='ltr'><strong>Sed,</strong></span> <span class='ocrx_word' id='word_1_10' title='bbox 2387 544 2598 654; x_wconf 76' lang='lat' dir='ltr'><strong>quum</strong></span> <span class='ocrx_word' id='word_1_11' title='bbox 2637 585 2741 630; x_wconf 82' lang='lat' dir='ltr'><strong>res</strong></span> <span class='ocrx_word' id='word_1_12' title='bbox 2782 582 2852 659; x_wconf 78' lang='lat' dir='ltr'><strong>et</strong></span> 
     </span>
     <span class='ocr_line' id='line_1_3' title="bbox 776 667 2852 761; baseline -0.007 -14"><span class='ocrx_word' id='word_1_13' title='bbox 776 680 939 747; x_wconf 83' lang='lat' dir='ltr'><strong>levis</strong></span> <span class='ocrx_word' id='word_1_14' title='bbox 969 694 1172 756; x_wconf 83' lang='lat' dir='ltr'><strong>esset,</strong></span> <span class='ocrx_word' id='word_1_15' title='bbox 1212 694 1278 741; x_wconf 90' lang='lat' dir='ltr'><strong>et</strong></span> <span class='ocrx_word' id='word_1_16' title='bbox 1300 674 1541 749; x_wconf 78' lang='lat' dir='ltr'><strong>confici</strong></span> <span class='ocrx_word' id='word_1_17' title='bbox 1569 671 1905 761; x_wconf 83' lang='lat' dir='ltr'><strong>nequiret,</strong></span> <span class='ocrx_word' id='word_1_18' title='bbox 1938 667 2532 759; x_wconf 88' lang='lat' dir='ltr'><strong>obtemperandum</strong></span> <span class='ocrx_word' id='word_1_19' title='bbox 2562 667 2721 734; x_wconf 82' lang='lat' dir='ltr'><strong>duxi</strong></span> <span class='ocrx_word' id='word_1_20' title='bbox 2745 693 2852 734; x_wconf 87' lang='lat' dir='ltr'><strong>re-</strong></span> 
     </span>
     <span class='ocr_line' id='line_1_4' title="bbox 776 773 2852 870; baseline -0.006 -19"><span class='ocrx_word' id='word_1_21' title='bbox 776 783 1180 851; x_wconf 85' lang='lat' dir='ltr'><strong>centioribus</strong></span> <span class='ocrx_word' id='word_1_22' title='bbox 1209 781 1555 870; x_wconf 88' lang='lat' dir='ltr'><strong>exemplis,</strong></span> <span class='ocrx_word' id='word_1_23' title='bbox 1586 778 1827 868; x_wconf 86' lang='lat' dir='ltr'><strong>quibus</strong></span> <span class='ocrx_word' id='word_1_24' title='bbox 1865 773 1934 841; x_wconf 91' lang='lat' dir='ltr'><strong>id</strong></span> <span class='ocrx_word' id='word_1_25' title='bbox 1967 798 2236 865; x_wconf 89' lang='lat' dir='ltr'><strong>quoque</strong></span> <span class='ocrx_word' id='word_1_26' title='bbox 2274 775 2602 854; x_wconf 82' lang='lat' dir='ltr'><strong>concessi,</strong></span> <span class='ocrx_word' id='word_1_27' title='bbox 2639 790 2711 839; x_wconf 90' lang='lat' dir='ltr'><strong>ut</strong></span> <span class='ocrx_word' id='word_1_28' title='bbox 2735 774 2852 839; x_wconf 79' lang='lat' dir='ltr'><strong>ali-</strong></span> 
     </span>
    </p>

    <p class='ocr_par' dir='ltr' id='par_1_3' title="bbox 778 866 2855 977">
     <span class='ocr_line' id='line_1_5' title="bbox 778 866 2855 977; baseline -0.006 -22"><span class='ocrx_word' id='word_1_29' title='bbox 778 890 931 956; x_wconf 88' lang='lat' dir='ltr'><strong>cubi</strong></span> <span class='ocrx_word' id='word_1_30' title='bbox 969 911 1134 977; x_wconf 88' lang='lat' dir='ltr'><strong>opus</strong></span> <span class='ocrx_word' id='word_1_31' title='bbox 1171 887 1300 953; x_wconf 88' lang='lat' dir='ltr'><strong>hoc</strong></span> <span class='ocrx_word' id='word_1_32' title='bbox 1335 885 1668 951; x_wconf 85' lang='lat' dir='ltr'><strong>diceretur</strong></span> <span class='ocrx_word' id='word_1_33' title='bbox 1696 883 2014 950; x_wconf 84' lang='lat' dir='ltr'><strong>Oratoriae</strong></span> <span class='ocrx_word' id='word_1_34' title='bbox 2048 880 2485 947; x_wconf 86' lang='lat' dir='ltr'><strong>Institutionis</strong></span> <span class='ocrx_word' id='word_1_35' title='bbox 2515 878 2667 945; x_wconf 83' lang='lat' dir='ltr'>libri</span> <span class='ocrx_word' id='word_1_36' title='bbox 2699 866 2855 947; x_wconf 82' lang='lat' dir='ltr'><strong>XII.</strong></span> 
     </span>
    </p>

    <p class='ocr_par' dir='ltr' id='par_1_4' title="bbox 774 984 2866 2034">
     <span class='ocr_line' id='line_1_6' title="bbox 775 984 2863 1087; baseline -0.007 -25"><span class='ocrx_word' id='word_1_37' title='bbox 775 997 1008 1085; x_wconf 85' lang='lat' dir='ltr'><strong>Neque</strong></span> <span class='ocrx_word' id='word_1_38' title='bbox 1034 995 1211 1059; x_wconf 88' lang='lat' dir='ltr'><strong>enim</strong></span> <span class='ocrx_word' id='word_1_39' title='bbox 1234 991 1579 1080; x_wconf 76' lang='lat' dir='ltr'><strong>singularis</strong></span> <span class='ocrx_word' id='word_1_40' title='bbox 1605 991 1699 1058; x_wconf 87' lang='lat' dir='ltr'><strong>sic</strong></span> <span class='ocrx_word' id='word_1_41' title='bbox 1722 989 1973 1078; x_wconf 88' lang='lat' dir='ltr'><strong>positus</strong></span> <span class='ocrx_word' id='word_1_42' title='bbox 1996 986 2308 1052; x_wconf 83' lang='lat' dir='ltr'><strong>abhorret</strong></span> <span class='ocrx_word' id='word_1_43' title='bbox 2328 984 2411 1050; x_wconf 88' lang='lat' dir='ltr'><strong>ab</strong></span> <span class='ocrx_word' id='word_1_44' title='bbox 2435 1008 2561 1087; x_wconf 85' lang='lat' dir='ltr'><strong>usu</strong></span> <span class='ocrx_word' id='word_1_45' title='bbox 2588 986 2863 1075; x_wconf 87' lang='lat' dir='ltr'><strong>scripto·</strong></span> 
     </span>
     <span class='ocr_line' id='line_1_7' title="bbox 776 1091 2855 1189; baseline -0.006 -22"><span class='ocrx_word' id='word_1_46' title='bbox 776 1101 867 1167; x_wconf 87' lang='lat' dir='ltr'><strong>ris</strong></span> <span class='ocrx_word' id='word_1_47' title='bbox 891 1101 1125 1179; x_wconf 80' lang='lat' dir='ltr'><strong>nostri,</strong></span> <span class='ocrx_word' id='word_1_48' title='bbox 1149 1099 1263 1189; x_wconf 93' lang='lat' dir='ltr'><strong>qui</strong></span> <span class='ocrx_word' id='word_1_49' title='bbox 1288 1121 1359 1165; x_wconf 88' lang='lat' dir='ltr'><strong>se</strong></span> <span class='ocrx_word' id='word_1_50' title='bbox 1383 1099 1842 1163; x_wconf 78' lang='lat' dir='ltr'><strong>institutionem</strong></span> <span class='ocrx_word' id='word_1_51' title='bbox 1863 1093 1954 1158; x_wconf 84' lang='lat' dir='ltr'><strong>ait</strong></span> <span class='ocrx_word' id='word_1_52' title='bbox 1976 1093 2349 1183; x_wconf 87' lang='lat' dir='ltr'><strong>professum</strong></span> <span class='ocrx_word' id='word_1_53' title='bbox 2371 1093 2494 1171; x_wconf 90' lang='lat' dir='ltr'><strong>XI,</strong></span> <span class='ocrx_word' id='word_1_54' title='bbox 2526 1116 2579 1171; x_wconf 78' lang='grc' dir='ltr'>ι,</span> <span class='ocrx_word' id='word_1_55' title='bbox 2613 1091 2673 1172; x_wconf 81' lang='grc'><strong>5;</strong></span> <span class='ocrx_word' id='word_1_56' title='bbox 2694 1092 2855 1156; x_wconf 83' lang='lat' dir='ltr'><strong>item</strong></span> 
     </span>
     <span class='ocr_line' id='line_1_8' title="bbox 779 1196 2858 1295; baseline -0.007 -20"><span class='ocrx_word' id='word_1_57' title='bbox 779 1209 1256 1295; x_wconf 77' lang='lat' dir='ltr'><strong>Hieronymus,</strong></span> <span class='ocrx_word' id='word_1_58' title='bbox 1293 1206 1360 1268; x_wconf 93' lang='lat' dir='ltr'><strong>in</strong></span> <span class='ocrx_word' id='word_1_59' title='bbox 1393 1202 1779 1292; x_wconf 70' lang='lat' dir='ltr'><strong>praefatione</strong></span> <span class='ocrx_word' id='word_1_60' title='bbox 1809 1202 1876 1265; x_wconf 88' lang='lat' dir='ltr'><strong>in</strong></span> <span class='ocrx_word' id='word_1_61' title='bbox 1906 1197 2218 1279; x_wconf 85' lang='lat' dir='ltr'><strong>Abdiam,</strong></span> <span class='ocrx_word' id='word_1_62' title='bbox 2257 1200 2383 1267; x_wconf 89' lang='lat' dir='ltr'><strong>XII</strong></span> <span class='ocrx_word' id='word_1_63' title='bbox 2421 1196 2629 1263; x_wconf 79' lang='lat' dir='ltr'><strong>libros</strong></span> <span class='ocrx_word' id='word_1_64' title='bbox 2659 1198 2858 1263; x_wconf 87' lang='lat' dir='ltr'><strong>Insti-</strong></span> 
     </span>
     <span class='ocr_line' id='line_1_9' title="bbox 778 1307 2860 1400; baseline -0.006 -20"><span class='ocrx_word' id='word_1_65' title='bbox 778 1313 1052 1380; x_wconf 88' lang='lat' dir='ltr'><strong>tutionis</strong></span> <span class='ocrx_word' id='word_1_66' title='bbox 1081 1312 1381 1379; x_wconf 80' lang='lat' dir='ltr'><strong>oratoriae</strong></span> <span class='ocrx_word' id='word_1_67' title='bbox 1407 1311 1711 1400; x_wconf 82' lang='lat' dir='ltr'><strong>appellat.</strong></span> <span class='ocrx_word' id='word_1_68' title='bbox 1748 1309 1994 1375; x_wconf 85' lang='lat' dir='ltr'><strong>Confer</strong></span> <span class='ocrx_word' id='word_1_69' title='bbox 2018 1324 2334 1396; x_wconf 83' lang='lat' dir='ltr'><strong>praeterea</strong></span> <span class='ocrx_word' id='word_1_70' title='bbox 2361 1308 2424 1386; x_wconf 91' lang='grc' dir='ltr'><strong>Ι,</strong></span> <span class='ocrx_word' id='word_1_71' title='bbox 2467 1330 2521 1387; x_wconf 86' lang='lat'><strong>1,</strong></span> <span class='ocrx_word' id='word_1_72' title='bbox 2550 1329 2629 1394; x_wconf 80' lang='lat'><strong>93</strong></span> <span class='ocrx_word' id='word_1_73' title='bbox 2656 1307 2817 1369; x_wconf 89' lang='lat' dir='ltr'>VIII</span> <span class='ocrx_word' id='word_1_74' title='bbox 2833 1355 2860 1385; x_wconf 76' lang='lat'><strong>,</strong></span> 
     </span>
     <span class='ocr_line' id='line_1_10' title="bbox 776 1410 2862 1509; baseline -0.004 -25"><span class='ocrx_word' id='word_1_75' title='bbox 776 1441 1055 1509; x_wconf 80' lang='lat' dir='ltr'><strong>prooem.</strong></span> <span class='ocrx_word' id='word_1_76' title='bbox 1086 1440 1154 1499; x_wconf 82' lang='lat'><strong>2;</strong></span> <span class='ocrx_word' id='word_1_77' title='bbox 1180 1420 1338 1484; x_wconf 88' lang='lat' dir='ltr'><strong>item</strong></span> <span class='ocrx_word' id='word_1_78' title='bbox 1358 1420 1511 1495; x_wconf 89' lang='lat' dir='ltr'><strong>XII,</strong></span> <span class='ocrx_word' id='word_1_79' title='bbox 1548 1440 1571 1481; x_wconf 82' lang='grc' dir='ltr'><strong>ι</strong></span> <span class='ocrx_word' id='word_1_80' title='bbox 1594 1441 1646 1496; x_wconf 89' lang='lat'><strong>1,</strong></span> <span class='ocrx_word' id='word_1_81' title='bbox 1685 1437 1778 1480; x_wconf 83' lang='lat'><strong>12.</strong></span> <span class='ocrx_word' id='word_1_82' title='bbox 1808 1416 1885 1479; x_wconf 89' lang='lat' dir='ltr'><strong>In</strong></span> <span class='ocrx_word' id='word_1_83' title='bbox 1910 1410 2119 1479; x_wconf 89' lang='lat' dir='ltr'><strong>Codd.</strong></span> <span class='ocrx_word' id='word_1_84' title='bbox 2147 1412 2323 1478; x_wconf 89' lang='lat' dir='ltr'><strong>MSS.</strong></span> <span class='ocrx_word' id='word_1_85' title='bbox 2352 1411 2514 1477; x_wconf 88' lang='lat' dir='ltr'><strong>nihil</strong></span> <span class='ocrx_word' id='word_1_86' title='bbox 2538 1411 2862 1500; x_wconf 64' lang='lat' dir='ltr'><strong>praesidii,</strong></span> 
     </span>
     <span class='ocr_line' id='line_1_11' title="bbox 779 1516 2862 1614; baseline -0.003 -26"><span class='ocrx_word' id='word_1_87' title='bbox 779 1525 1093 1614; x_wconf 86' lang='lat' dir='ltr'><strong>quoniam</strong></span> <span class='ocrx_word' id='word_1_88' title='bbox 1122 1521 1658 1613; x_wconf 83' lang='lat' dir='ltr'><strong>inscriptionibus</strong></span> <span class='ocrx_word' id='word_1_89' title='bbox 1685 1522 1826 1586; x_wconf 80' lang='lat' dir='ltr'><strong>fere</strong></span> <span class='ocrx_word' id='word_1_90' title='bbox 1849 1528 2071 1586; x_wconf 85' lang='lat' dir='ltr'><strong>carent</strong></span> <span class='ocrx_word' id='word_1_91' title='bbox 2097 1519 2222 1583; x_wconf 87' lang='lat' dir='ltr'><strong>nisi</strong></span> <span class='ocrx_word' id='word_1_92' title='bbox 2244 1516 2427 1608; x_wconf 90' lang='lat' dir='ltr'><strong>quod</strong></span> <span class='ocrx_word' id='word_1_93' title='bbox 2457 1518 2524 1582; x_wconf 93' lang='lat' dir='ltr'><strong>in</strong></span> <span class='ocrx_word' id='word_1_94' title='bbox 2552 1516 2862 1584; x_wconf 87' lang='lat' dir='ltr'><strong>Guelfer-</strong></span> 
     </span>
     <span class='ocr_line' id='line_1_12' title="bbox 774 1624 2864 1718; baseline -0.002 -25"><span class='ocrx_word' id='word_1_95' title='bbox 774 1628 1023 1718; x_wconf 79' lang='lat' dir='ltr'><strong>bytano</strong></span> <span class='ocrx_word' id='word_1_96' title='bbox 1054 1627 1138 1696; x_wconf 84' lang='lat' dir='ltr'><strong>ad</strong></span> <span class='ocrx_word' id='word_1_97' title='bbox 1163 1630 1411 1694; x_wconf 83' lang='lat' dir='ltr'><strong>calcem</strong></span> <span class='ocrx_word' id='word_1_98' title='bbox 1437 1627 1588 1692; x_wconf 89' lang='lat' dir='ltr'><strong>libri</strong></span> <span class='ocrx_word' id='word_1_99' title='bbox 1620 1627 1814 1716; x_wconf 90' lang='lat' dir='ltr'><strong>primi</strong></span> <span class='ocrx_word' id='word_1_100' title='bbox 1837 1624 2217 1714; x_wconf 86' lang='lat' dir='ltr'><strong>subjicitur:</strong></span> <span class='ocrx_word' id='word_1_101' title='bbox 2249 1627 2341 1688; x_wconf 89' lang='lat' dir='ltr'><strong>M.</strong></span> <span class='ocrx_word' id='word_1_102' title='bbox 2377 1626 2446 1688; x_wconf 90' lang='lat' dir='ltr'><strong>F.</strong></span> <span class='ocrx_word' id='word_1_103' title='bbox 2479 1625 2558 1705; x_wconf 88' lang='lat' dir='ltr'><strong>Q.</strong></span> <span class='ocrx_word' id='word_1_104' title='bbox 2591 1624 2864 1693; x_wconf 85' lang='lat' dir='ltr'><strong>Institu-</strong></span> 
     </span>
     <span class='ocr_line' id='line_1_13' title="bbox 778 1728 2866 1827; baseline -0.002 -29"><span class='ocrx_word' id='word_1_105' title='bbox 778 1734 1038 1799; x_wconf 85' lang='lat' dir='ltr'><strong>tionum</strong></span> <span class='ocrx_word' id='word_1_106' title='bbox 1079 1735 1528 1800; x_wconf 82' lang='lat' dir='ltr'><strong>Oratoriarum</strong></span> <span class='ocrx_word' id='word_1_107' title='bbox 1568 1731 1656 1797; x_wconf 92' lang='lat' dir='ltr'><strong>ad</strong></span> <span class='ocrx_word' id='word_1_108' title='bbox 1691 1733 2058 1797; x_wconf 85' lang='lat' dir='ltr'><strong>Victorium</strong></span> <span class='ocrx_word' id='word_1_109' title='bbox 2098 1728 2485 1801; x_wconf 81' lang='lat' dir='ltr'><strong>Marcellum</strong></span> <span class='ocrx_word' id='word_1_110' title='bbox 2527 1728 2695 1794; x_wconf 89' lang='lat' dir='ltr'><strong>liber</strong></span> <span class='ocrx_word' id='word_1_111' title='bbox 2728 1733 2866 1827; x_wconf 86' lang='lat' dir='ltr'><strong>pri-</strong></span> 
     </span>
     <span class='ocr_line' id='line_1_14' title="bbox 779 1835 2860 1929; baseline -0.003 -24"><span class='ocrx_word' id='word_1_112' title='bbox 779 1856 930 1906; x_wconf 86' lang='lat' dir='ltr'><strong>mus</strong></span> <span class='ocrx_word' id='word_1_113' title='bbox 972 1839 1235 1929; x_wconf 78' lang='lat' dir='ltr'><strong>explicit</strong></span> <span class='ocrx_word' id='word_1_114' title='bbox 1269 1840 1716 1928; x_wconf 90' lang='lat' dir='ltr'><strong>(reliquorum</strong></span> <span class='ocrx_word' id='word_1_115' title='bbox 1753 1837 1934 1901; x_wconf 86' lang='lat' dir='ltr'><strong>initia</strong></span> <span class='ocrx_word' id='word_1_116' title='bbox 1972 1835 2108 1901; x_wconf 86' lang='lat' dir='ltr'><strong>sola</strong></span> <span class='ocrx_word' id='word_1_117' title='bbox 2141 1835 2482 1923; x_wconf 77' lang='lat' dir='ltr'><strong>signantur</strong></span> <span class='ocrx_word' id='word_1_118' title='bbox 2503 1836 2633 1900; x_wconf 88' lang='lat' dir='ltr'><strong>sic:</strong></span> <span class='ocrx_word' id='word_1_119' title='bbox 2666 1837 2759 1899; x_wconf 93' lang='lat' dir='ltr'><strong>M.</strong></span> <span class='ocrx_word' id='word_1_120' title='bbox 2787 1838 2860 1901; x_wconf 89' lang='lat' dir='ltr'><strong>F.</strong></span> 
     </span>
     <span class='ocr_line' id='line_1_15' title="bbox 778 1940 2861 2034; baseline -0.002 -25"><span class='ocrx_word' id='word_1_121' title='bbox 778 1946 859 2028; x_wconf 91' lang='lat' dir='ltr'><strong>Q.</strong></span> <span class='ocrx_word' id='word_1_122' title='bbox 889 1945 1061 2011; x_wconf 89' lang='lat' dir='ltr'><strong>liber</strong></span> <span class='ocrx_word' id='word_1_123' title='bbox 1088 1948 1172 2011; x_wconf 93' lang='lat'><strong>11.</strong></span> <span class='ocrx_word' id='word_1_124' title='bbox 1200 1947 1496 2034; x_wconf 85' lang='lat' dir='ltr'><strong>incipit);</strong></span> <span class='ocrx_word' id='word_1_125' title='bbox 1534 1945 1600 2013; x_wconf 86' lang='lat' dir='ltr'><strong>in</strong></span> <span class='ocrx_word' id='word_1_126' title='bbox 1638 1942 1925 2011; x_wconf 77' lang='lat' dir='ltr'><strong>Gothani</strong></span> <span class='ocrx_word' id='word_1_127' title='bbox 1956 1962 2116 2008; x_wconf 82' lang='lat' dir='ltr'><strong>vero</strong></span> <span class='ocrx_word' id='word_1_128' title='bbox 2154 1942 2343 2006; x_wconf 89' lang='lat' dir='ltr'><strong>initio</strong></span> <span class='ocrx_word' id='word_1_129' title='bbox 2375 1958 2528 2007; x_wconf 88' lang='lat' dir='ltr'><strong>sunt</strong></span> <span class='ocrx_word' id='word_1_130' title='bbox 2558 1940 2732 2006; x_wconf 87' lang='lat' dir='ltr'><strong>haec:</strong></span> <span class='ocrx_word' id='word_1_131' title='bbox 2763 1942 2861 2007; x_wconf 92' lang='lat' dir='ltr'><strong>M.</strong></span> 
     </span>
    </p>

    <p class='ocr_par' dir='ltr' id='par_1_5' title="bbox 779 2040 2859 2243">
     <span class='ocr_line' id='line_1_16' title="bbox 780 2040 2859 2136; baseline -0.003 -19"><span class='ocrx_word' id='word_1_132' title='bbox 780 2053 852 2117; x_wconf 84' lang='lat' dir='ltr'><strong>F.</strong></span> <span class='ocrx_word' id='word_1_133' title='bbox 900 2049 978 2132; x_wconf 90' lang='lat' dir='ltr'><strong>Q.</strong></span> <span class='ocrx_word' id='word_1_134' title='bbox 1025 2049 1108 2115; x_wconf 86' lang='lat' dir='ltr'><strong>de</strong></span> <span class='ocrx_word' id='word_1_135' title='bbox 1155 2051 1573 2115; x_wconf 85' lang='lat' dir='ltr'><strong>Institutione</strong></span> <span class='ocrx_word' id='word_1_136' title='bbox 1622 2049 1901 2115; x_wconf 90' lang='lat' dir='ltr'><strong>oratoria</strong></span> <span class='ocrx_word' id='word_1_137' title='bbox 1942 2046 2027 2112; x_wconf 88' lang='lat' dir='ltr'><strong>ad</strong></span> <span class='ocrx_word' id='word_1_138' title='bbox 2068 2044 2499 2136; x_wconf 81' lang='lat' dir='ltr'><strong>Tryphonem</strong></span> <span class='ocrx_word' id='word_1_139' title='bbox 2545 2040 2859 2134; x_wconf 80' lang='lat' dir='ltr'><strong>Epistola.</strong></span> 
     </span>
     <span class='ocr_line' id='line_1_17' title="bbox 779 2150 2860 2243; baseline -0.002 -22"><span class='ocrx_word' id='word_1_140' title='bbox 779 2152 975 2243; x_wconf 79' lang='lat' dir='ltr'><strong>Apud</strong></span> <span class='ocrx_word' id='word_1_141' title='bbox 991 2153 1384 2220; x_wconf 87' lang='lat' dir='ltr'><strong>Bandinium</strong></span> <span class='ocrx_word' id='word_1_142' title='bbox 1400 2152 1823 2219; x_wconf 78' lang='lat' dir='ltr'><strong>Bibliothecae</strong></span> <span class='ocrx_word' id='word_1_143' title='bbox 1839 2153 2313 2229; x_wconf 84' lang='lat' dir='ltr'><strong>Laurentianae,</strong></span> <span class='ocrx_word' id='word_1_144' title='bbox 2340 2168 2382 2215; x_wconf 91' lang='lat' dir='ltr'><strong>t.</strong></span> <span class='ocrx_word' id='word_1_145' title='bbox 2402 2152 2487 2232; x_wconf 88' lang='lat'><strong>11,</strong></span> <span class='ocrx_word' id='word_1_146' title='bbox 2509 2174 2575 2239; x_wconf 95' lang='lat' dir='ltr'><strong>p.</strong></span> <span class='ocrx_word' id='word_1_147' title='bbox 2601 2150 2860 2233; x_wconf 79' lang='lat'><strong>381-,85</strong></span> 
     </span>
    </p>

    <p class='ocr_par' dir='ltr' id='par_1_6' title="bbox 778 2255 2862 2348">
     <span class='ocr_line' id='line_1_18' title="bbox 778 2255 2862 2348; baseline 0 -26"><span class='ocrx_word' id='word_1_148' title='bbox 778 2257 1081 2348; x_wconf 86' lang='lat' dir='ltr'><strong>plerique</strong></span> <span class='ocrx_word' id='word_1_149' title='bbox 1127 2257 1336 2324; x_wconf 89' lang='lat' dir='ltr'><strong>Codd.</strong></span> <span class='ocrx_word' id='word_1_150' title='bbox 1380 2261 1449 2325; x_wconf 86' lang='lat' dir='ltr'><strong>in</strong></span> <span class='ocrx_word' id='word_1_151' title='bbox 1493 2256 1975 2348; x_wconf 84' lang='lat' dir='ltr'><strong>subscriptione</strong></span> <span class='ocrx_word' id='word_1_152' title='bbox 2017 2257 2382 2346; x_wconf 84' lang='lat' dir='ltr'><strong>pluralem:</strong></span> <span class='ocrx_word' id='word_1_153' title='bbox 2420 2255 2862 2324; x_wconf 78' lang='lat' dir='ltr'><strong>Institutiones</strong></span> 
     </span>
    </p>

    <p class='ocr_par' dir='ltr' id='par_1_7' title="bbox 784 2361 1332 2431">
     <span class='ocr_line' id='line_1_19' title="bbox 784 2361 1332 2431; baseline -0.002 -3"><span class='ocrx_word' id='word_1_154' title='bbox 784 2361 942 2428; x_wconf 90' lang='lat' dir='ltr'><strong>dare</strong></span> <span class='ocrx_word' id='word_1_155' title='bbox 966 2380 1332 2431; x_wconf 86' lang='lat' dir='ltr'><strong>narrantur.</strong></span> 
     </span>
    </p>

    <p class='ocr_par' dir='ltr' id='par_1_8' title="bbox 724 2426 2863 4143">
     <span class='ocr_line' id='line_1_20' title="bbox 736 2426 2859 2560; baseline 0.001 -28"><span class='ocrx_word' id='word_1_156' title='bbox 736 2462 741 2467; x_wconf 67' lang='grc'><strong><em>’</em></strong></span> <span class='ocrx_word' id='word_1_157' title='bbox 868 2469 945 2532; x_wconf 92' lang='lat' dir='ltr'><strong>In</strong></span> <span class='ocrx_word' id='word_1_158' title='bbox 974 2467 1198 2535; x_wconf 88' lang='lat' dir='ltr'><strong>liberis</strong></span> <span class='ocrx_word' id='word_1_159' title='bbox 1223 2485 1293 2535; x_wconf 88' lang='lat' dir='ltr'><strong>et</strong></span> <span class='ocrx_word' id='word_1_160' title='bbox 1317 2426 1736 2541; x_wconf 80' lang='lat' dir='ltr'><strong>matrimonio</strong></span> <span class='ocrx_word' id='word_1_161' title='bbox 1755 2468 2144 2553; x_wconf 83' lang='lat' dir='ltr'><strong>Quintiliani</strong></span> <span class='ocrx_word' id='word_1_162' title='bbox 2173 2467 2525 2535; x_wconf 85' lang='lat' dir='ltr'><strong>difficultas</strong></span> <span class='ocrx_word' id='word_1_163' title='bbox 2555 2467 2859 2560; x_wconf 86' lang='lat' dir='ltr'><strong>quaedam</strong></span> 
     </span>
     <span class='ocr_line' id='line_1_21' title="bbox 783 2573 2860 2666; baseline 0.001 -26"><span class='ocrx_word' id='word_1_164' title='bbox 783 2574 1106 2666; x_wconf 85' lang='lat' dir='ltr'><strong>objicitur,</strong></span> <span class='ocrx_word' id='word_1_165' title='bbox 1143 2574 1227 2641; x_wconf 93' lang='lat' dir='ltr'><strong>de</strong></span> <span class='ocrx_word' id='word_1_166' title='bbox 1261 2600 1391 2666; x_wconf 87' lang='lat' dir='ltr'><strong>qua</strong></span> <span class='ocrx_word' id='word_1_167' title='bbox 1418 2577 1525 2666; x_wconf 76' lang='lat' dir='ltr'><strong>egi</strong></span> <span class='ocrx_word' id='word_1_168' title='bbox 1555 2575 1642 2642; x_wconf 81' lang='lat' dir='ltr'><strong>ad</strong></span> <span class='ocrx_word' id='word_1_169' title='bbox 1671 2579 1799 2656; x_wconf 82' lang='grc' dir='ltr'><strong>ΙΙΙ,</strong></span> <span class='ocrx_word' id='word_1_170' title='bbox 1840 2601 1892 2657; x_wconf 94' lang='lat'><strong>1,</strong></span> <span class='ocrx_word' id='word_1_171' title='bbox 1927 2598 2028 2641; x_wconf 67' lang='grc' dir='ltr'>αι.</span> <span class='ocrx_word' id='word_1_172' title='bbox 2059 2573 2316 2642; x_wconf 85' lang='lat' dir='ltr'><strong>Addam</strong></span> <span class='ocrx_word' id='word_1_173' title='bbox 2342 2573 2454 2645; x_wconf 78' lang='lat' dir='ltr'><strong>hic</strong></span> <span class='ocrx_word' id='word_1_174' title='bbox 2482 2574 2614 2642; x_wconf 88' lang='lat' dir='ltr'><strong>loci</strong></span> <span class='ocrx_word' id='word_1_175' title='bbox 2637 2575 2860 2665; x_wconf 80' lang='lat' dir='ltr'><strong>aliqua</strong></span> 
     </span>
     <span class='ocr_line' id='line_1_22' title="bbox 777 2680 2858 2772; baseline 0.001 -28"><span class='ocrx_word' id='word_1_176' title='bbox 777 2680 872 2744; x_wconf 87' lang='lat' dir='ltr'><strong>ibi</strong></span> <span class='ocrx_word' id='word_1_177' title='bbox 890 2682 1340 2763; x_wconf 72' lang='lat' dir='ltr'><strong>praetermissa.</strong></span> <span class='ocrx_word' id='word_1_178' title='bbox 1363 2685 1510 2748; x_wconf 86' lang='lat' dir='ltr'><strong>Non</strong></span> <span class='ocrx_word' id='word_1_179' title='bbox 1533 2704 1690 2748; x_wconf 87' lang='lat' dir='ltr'><strong>sane</strong></span> <span class='ocrx_word' id='word_1_180' title='bbox 1709 2705 1875 2771; x_wconf 88' lang='lat' dir='ltr'><strong>opus</strong></span> <span class='ocrx_word' id='word_1_181' title='bbox 1899 2699 1996 2747; x_wconf 88' lang='lat' dir='ltr'><strong>est</strong></span> <span class='ocrx_word' id='word_1_182' title='bbox 2014 2698 2089 2747; x_wconf 90' lang='lat' dir='ltr'><strong>ut</strong></span> <span class='ocrx_word' id='word_1_183' title='bbox 2106 2697 2399 2747; x_wconf 89' lang='lat' dir='ltr'><strong>mutetur</strong></span> <span class='ocrx_word' id='word_1_184' title='bbox 2417 2703 2660 2747; x_wconf 85' lang='lat' dir='ltr'><strong>nomen</strong></span> <span class='ocrx_word' id='word_1_185' title='bbox 2684 2681 2740 2772; x_wconf 89' lang='lat' dir='ltr'><strong>ej</strong></span> <span class='ocrx_word' id='word_1_186' title='bbox 2750 2703 2858 2761; x_wconf 74' lang='lat' dir='ltr'><strong>uS,</strong></span> 
     </span>
     <span class='ocr_line' id='line_1_23' title="bbox 777 2785 2863 2876; baseline 0.001 -27"><span class='ocrx_word' id='word_1_187' title='bbox 777 2785 888 2849; x_wconf 90' lang='lat' dir='ltr'><strong>cui</strong></span> <span class='ocrx_word' id='word_1_188' title='bbox 928 2785 1239 2875; x_wconf 85' lang='lat' dir='ltr'><strong>inscripta</strong></span> <span class='ocrx_word' id='word_1_189' title='bbox 1276 2803 1373 2853; x_wconf 86' lang='lat' dir='ltr'><strong>est</strong></span> <span class='ocrx_word' id='word_1_190' title='bbox 1414 2786 1606 2865; x_wconf 81' lang='lat' dir='ltr'><strong>Plinii</strong></span> <span class='ocrx_word' id='word_1_191' title='bbox 1646 2787 1919 2875; x_wconf 83' lang='lat' dir='ltr'><strong>epistola</strong></span> <span class='ocrx_word' id='word_1_192' title='bbox 1951 2786 2064 2854; x_wconf 75' lang='lat' dir='ltr'><strong>lib.</strong></span> <span class='ocrx_word' id='word_1_193' title='bbox 2099 2788 2226 2865; x_wconf 88' lang='lat' dir='ltr'><strong>VI,</strong></span> <span class='ocrx_word' id='word_1_194' title='bbox 2265 2787 2380 2865; x_wconf 81' lang='lat'><strong>32,</strong></span> <span class='ocrx_word' id='word_1_195' title='bbox 2422 2809 2630 2876; x_wconf 88' lang='lat' dir='ltr'><strong>quum</strong></span> <span class='ocrx_word' id='word_1_196' title='bbox 2666 2787 2863 2853; x_wconf 87' lang='lat' dir='ltr'><strong>facile</strong></span> 
     </span>
     <span class='ocr_line' id='line_1_24' title="bbox 775 2890 2860 2984; baseline 0.002 -30"><span class='ocrx_word' id='word_1_197' title='bbox 775 2890 985 2979; x_wconf 89' lang='lat' dir='ltr'><strong>possit</strong></span> <span class='ocrx_word' id='word_1_198' title='bbox 1008 2891 1281 2980; x_wconf 80' lang='lat' dir='ltr'><strong>intelligi</strong></span> <span class='ocrx_word' id='word_1_199' title='bbox 1309 2893 1475 2956; x_wconf 88' lang='lat' dir='ltr'><strong>alter</strong></span> <span class='ocrx_word' id='word_1_200' title='bbox 1492 2891 1969 2974; x_wconf 78' lang='lat' dir='ltr'><strong>Quintilianus,</strong></span> <span class='ocrx_word' id='word_1_201' title='bbox 1999 2913 2038 2956; x_wconf 91' lang='lat' dir='ltr'><strong>a</strong></span> <span class='ocrx_word' id='word_1_202' title='bbox 2065 2908 2292 2957; x_wconf 89' lang='lat' dir='ltr'><strong>nostro</strong></span> <span class='ocrx_word' id='word_1_203' title='bbox 2320 2893 2638 2981; x_wconf 83' lang='lat' dir='ltr'><strong>scriptore</strong></span> <span class='ocrx_word' id='word_1_204' title='bbox 2661 2894 2860 2984; x_wconf 86' lang='lat' dir='ltr'><strong>plane</strong></span> 
     </span>
     <span class='ocr_line' id='line_1_25' title="bbox 777 2993 2858 3080; baseline 0.003 -22"><span class='ocrx_word' id='word_1_205' title='bbox 777 2993 1094 3061; x_wconf 80' lang='lat' dir='ltr'><strong>diversuS.</strong></span> <span class='ocrx_word' id='word_1_206' title='bbox 1139 2999 1285 3063; x_wconf 89' lang='lat' dir='ltr'><strong>Hoc</strong></span> <span class='ocrx_word' id='word_1_207' title='bbox 1321 3014 1541 3062; x_wconf 89' lang='lat' dir='ltr'><strong>tamen</strong></span> <span class='ocrx_word' id='word_1_208' title='bbox 1572 2995 1800 3062; x_wconf 85' lang='lat' dir='ltr'><strong>&#39;adhuc</strong></span> <span class='ocrx_word' id='word_1_209' title='bbox 1839 3014 2067 3077; x_wconf 91' lang='lat' dir='ltr'><strong>teneo,</strong></span> <span class='ocrx_word' id='word_1_210' title='bbox 2110 3015 2176 3063; x_wconf 91' lang='lat' dir='ltr'><strong>et</strong></span> <span class='ocrx_word' id='word_1_211' title='bbox 2211 2998 2361 3064; x_wconf 84' lang='lat' dir='ltr'><strong>vitae</strong></span> <span class='ocrx_word' id='word_1_212' title='bbox 2395 2998 2858 3080; x_wconf 84' lang='lat' dir='ltr'><strong>Quintilianeae</strong></span> 
     </span>
     <span class='ocr_line' id='line_1_26' title="bbox 771 3100 2858 3192; baseline 0.002 -28"><span class='ocrx_word' id='word_1_213' title='bbox 771 3101 1060 3165; x_wconf 87' lang='lat' dir='ltr'><strong>rationes</strong></span> <span class='ocrx_word' id='word_1_214' title='bbox 1081 3100 1329 3168; x_wconf 88' lang='lat' dir='ltr'><strong>turbari</strong></span> <span class='ocrx_word' id='word_1_215' title='bbox 1345 3101 1674 3181; x_wconf 82' lang='lat' dir='ltr'><strong>videntur,</strong></span> <span class='ocrx_word' id='word_1_216' title='bbox 1695 3103 1750 3167; x_wconf 85' lang='lat' dir='ltr'><strong>si</strong></span> <span class='ocrx_word' id='word_1_217' title='bbox 1769 3102 2002 3168; x_wconf 88' lang='lat' dir='ltr'><strong>alteras</strong></span> <span class='ocrx_word' id='word_1_218' title='bbox 2022 3103 2286 3191; x_wconf 88' lang='lat' dir='ltr'><strong>nuptias</strong></span> <span class='ocrx_word' id='word_1_219' title='bbox 2306 3119 2372 3168; x_wconf 91' lang='lat' dir='ltr'><strong>et</strong></span> <span class='ocrx_word' id='word_1_220' title='bbox 2386 3120 2757 3192; x_wconf 84' lang='lat' dir='ltr'><strong>susceptam</strong></span> <span class='ocrx_word' id='word_1_221' title='bbox 2778 3127 2858 3169; x_wconf 85' lang='lat' dir='ltr'><strong>ex</strong></span> 
     </span>
     <span class='ocr_line' id='line_1_27' title="bbox 775 3206 2854 3297; baseline 0.002 -27"><span class='ocrx_word' id='word_1_222' title='bbox 775 3206 901 3296; x_wconf 83' lang='lat' dir='ltr'><strong>isto</strong></span> <span class='ocrx_word' id='word_1_223' title='bbox 914 3207 1334 3272; x_wconf 87' lang='lat' dir='ltr'><strong>matrimonio</strong></span> <span class='ocrx_word' id='word_1_224' title='bbox 1351 3207 1551 3273; x_wconf 87' lang='lat' dir='ltr'><strong>filiam</strong></span> <span class='ocrx_word' id='word_1_225' title='bbox 1564 3230 2015 3297; x_wconf 78' lang='lat' dir='ltr'><strong>agnoscamus.</strong></span> <span class='ocrx_word' id='word_1_226' title='bbox 2034 3209 2267 3296; x_wconf 86' lang='lat' dir='ltr'><strong>Neque</strong></span> <span class='ocrx_word' id='word_1_227' title='bbox 2288 3209 2464 3271; x_wconf 91' lang='lat' dir='ltr'><strong>enim</strong></span> <span class='ocrx_word' id='word_1_228' title='bbox 2484 3225 2616 3274; x_wconf 89' lang='lat' dir='ltr'><strong>tam</strong></span> <span class='ocrx_word' id='word_1_229' title='bbox 2633 3210 2822 3276; x_wconf 84' lang='lat' dir='ltr'><strong>facile</strong></span> <span class='ocrx_word' id='word_1_230' title='bbox 2834 3260 2854 3290; x_wconf 90' lang='lat'><strong>,</strong></span> 
     </span>
     <span class='ocr_line' id='line_1_28' title="bbox 774 3313 2856 3404; baseline 0.001 -25"><span class='ocrx_word' id='word_1_231' title='bbox 774 3336 974 3401; x_wconf 84' lang='lat' dir='ltr'><strong>quam</strong></span> <span class='ocrx_word' id='word_1_232' title='bbox 999 3313 1073 3378; x_wconf 87' lang='lat' dir='ltr'><strong>fit</strong></span> <span class='ocrx_word' id='word_1_233' title='bbox 1098 3338 1139 3378; x_wconf 91' lang='lat' dir='ltr'><strong>a</strong></span> <span class='ocrx_word' id='word_1_234' title='bbox 1161 3315 1358 3380; x_wconf 84' lang='lat' dir='ltr'><strong>Baelio</strong></span> <span class='ocrx_word' id='word_1_235' title='bbox 1381 3315 1676 3404; x_wconf 81' lang='lat' dir='ltr'><strong>(Bayle),</strong></span> <span class='ocrx_word' id='word_1_236' title='bbox 1701 3313 2130 3394; x_wconf 89' lang='lat' dir='ltr'><strong>crediderim,</strong></span> <span class='ocrx_word' id='word_1_237' title='bbox 2158 3315 2442 3379; x_wconf 90' lang='lat' dir='ltr'><strong>Plinium</strong></span> <span class='ocrx_word' id='word_1_238' title='bbox 2458 3365 2476 3396; x_wconf 94' lang='lat'><strong>,</strong></span> <span class='ocrx_word' id='word_1_239' title='bbox 2507 3315 2622 3381; x_wconf 87' lang='lat' dir='ltr'><strong>ubi</strong></span> <span class='ocrx_word' id='word_1_240' title='bbox 2654 3334 2856 3384; x_wconf 88' lang='lat' dir='ltr'><strong>tenue</strong></span> 
     </span>
     <span class='ocr_line' id='line_1_29' title="bbox 724 3418 2856 3512; baseline 0.001 -28"><span class='ocrx_word' id='word_1_241' title='bbox 724 3476 735 3484; x_wconf 94' lang='grc'><strong><em>,</em></strong></span> <span class='ocrx_word' id='word_1_242' title='bbox 770 3439 896 3505; x_wconf 92' lang='lat' dir='ltr'><strong>pro</strong></span> <span class='ocrx_word' id='word_1_243' title='bbox 933 3418 1067 3482; x_wconf 88' lang='lat' dir='ltr'><strong>suis</strong></span> <span class='ocrx_word' id='word_1_244' title='bbox 1104 3418 1520 3485; x_wconf 86' lang='lat' dir='ltr'><strong>facultatibus</strong></span> <span class='ocrx_word' id='word_1_245' title='bbox 1558 3443 1800 3488; x_wconf 85' lang='lat' dir='ltr'><strong>munus</strong></span> <span class='ocrx_word' id='word_1_246' title='bbox 1827 3421 2222 3510; x_wconf 78' lang='lat' dir='ltr'><strong>praeceptori</strong></span> <span class='ocrx_word' id='word_1_247' title='bbox 2258 3443 2384 3485; x_wconf 84' lang='lat' dir='ltr'><strong>suo</strong></span> <span class='ocrx_word' id='word_1_248' title='bbox 2418 3422 2620 3488; x_wconf 84' lang='lat' dir='ltr'><strong>offert</strong></span> <span class='ocrx_word' id='word_1_249' title='bbox 2651 3422 2856 3512; x_wconf 88' lang='lat' dir='ltr'><strong>idque</strong></span> 
     </span>
     <span class='ocr_line' id='line_1_30' title="bbox 770 3521 2856 3616; baseline 0.003 -28"><span class='ocrx_word' id='word_1_250' title='bbox 770 3521 1239 3588; x_wconf 87' lang='lat' dir='ltr'><strong>commendare</strong></span> <span class='ocrx_word' id='word_1_251' title='bbox 1287 3522 1508 3589; x_wconf 88' lang='lat' dir='ltr'><strong>studet</strong></span> <span class='ocrx_word' id='word_1_252' title='bbox 1533 3574 1549 3604; x_wconf 94' lang='lat'><strong>,</strong></span> <span class='ocrx_word' id='word_1_253' title='bbox 1598 3527 1894 3613; x_wconf 86' lang='lat' dir='ltr'><strong>potuisse</strong></span> <span class='ocrx_word' id='word_1_254' title='bbox 1945 3549 2213 3594; x_wconf 86' lang='lat' dir='ltr'><strong>omnem</strong></span> <span class='ocrx_word' id='word_1_255' title='bbox 2264 3526 2633 3616; x_wconf 81' lang='lat' dir='ltr'><strong>disciplinae</strong></span> <span class='ocrx_word' id='word_1_256' title='bbox 2680 3529 2856 3594; x_wconf 83' lang='lat' dir='ltr'><strong>illius</strong></span> 
     </span>
     <span class='ocr_line' id='line_1_31' title="bbox 769 3628 2853 3712; baseline 0.001 -16"><span class='ocrx_word' id='word_1_257' title='bbox 769 3628 1178 3697; x_wconf 80' lang='lat' dir='ltr'><strong>mentionem</strong></span> <span class='ocrx_word' id='word_1_258' title='bbox 1213 3629 1536 3693; x_wconf 89' lang='lat' dir='ltr'><strong>omittere.</strong></span> <span class='ocrx_word' id='word_1_259' title='bbox 1569 3631 1736 3712; x_wconf 82' lang='lat' dir='ltr'><strong>Quae</strong></span> <span class='ocrx_word' id='word_1_260' title='bbox 1776 3629 1860 3695; x_wconf 89' lang='lat' dir='ltr'><strong>de</strong></span> <span class='ocrx_word' id='word_1_261' title='bbox 1895 3630 2139 3698; x_wconf 85' lang='lat' dir='ltr'><strong>divitiis</strong></span> <span class='ocrx_word' id='word_1_262' title='bbox 2170 3632 2454 3697; x_wconf 89' lang='lat' dir='ltr'><strong>rhetoris</strong></span> <span class='ocrx_word' id='word_1_263' title='bbox 2481 3634 2692 3697; x_wconf 87' lang='lat' dir='ltr'><strong>nostri</strong></span> <span class='ocrx_word' id='word_1_264' title='bbox 2724 3631 2853 3698; x_wconf 90' lang='lat' dir='ltr'><strong>dis·</strong></span> 
     </span>
     <span class='ocr_line' id='line_1_32' title="bbox 767 3732 2853 3824; baseline 0.002 -24"><span class='ocrx_word' id='word_1_265' title='bbox 767 3749 1087 3824; x_wconf 86' lang='lat' dir='ltr'><strong>putantur</strong></span> <span class='ocrx_word' id='word_1_266' title='bbox 1112 3732 1197 3799; x_wconf 90' lang='lat' dir='ltr'><strong>ad</strong></span> <span class='ocrx_word' id='word_1_267' title='bbox 1227 3733 1412 3799; x_wconf 82' lang='lat' dir='ltr'><strong>illum</strong></span> <span class='ocrx_word' id='word_1_268' title='bbox 1440 3735 1663 3802; x_wconf 89' lang='lat' dir='ltr'><strong>locum</strong></span> <span class='ocrx_word' id='word_1_269' title='bbox 1680 3786 1697 3815; x_wconf 90' lang='lat'><strong>,</strong></span> <span class='ocrx_word' id='word_1_270' title='bbox 1730 3759 1838 3816; x_wconf 88' lang='lat' dir='ltr'><strong>ea,</strong></span> <span class='ocrx_word' id='word_1_271' title='bbox 1871 3738 2101 3817; x_wconf 84' lang='lat' dir='ltr'><strong>fateor,</strong></span> <span class='ocrx_word' id='word_1_272' title='bbox 2133 3736 2304 3802; x_wconf 90' lang='lat' dir='ltr'><strong>adeo</strong></span> <span class='ocrx_word' id='word_1_273' title='bbox 2332 3753 2472 3802; x_wconf 80' lang='lat' dir='ltr'><strong>tuta</strong></span> <span class='ocrx_word' id='word_1_274' title='bbox 2499 3760 2636 3801; x_wconf 91' lang='lat' dir='ltr'><strong>non</strong></span> <span class='ocrx_word' id='word_1_275' title='bbox 2664 3755 2853 3819; x_wconf 88' lang='lat' dir='ltr'><strong>sunt,</strong></span> 
     </span>
     <span class='ocr_line' id='line_1_33' title="bbox 769 3838 2858 3932; baseline 0.001 -28"><span class='ocrx_word' id='word_1_276' title='bbox 769 3862 969 3928; x_wconf 86' lang='lat' dir='ltr'><strong>quam</strong></span> <span class='ocrx_word' id='word_1_277' title='bbox 998 3840 1286 3927; x_wconf 88' lang='lat' dir='ltr'><strong>primum</strong></span> <span class='ocrx_word' id='word_1_278' title='bbox 1312 3838 1728 3906; x_wconf 81' lang='lat' dir='ltr'><strong>videbantur.</strong></span> <span class='ocrx_word' id='word_1_279' title='bbox 1760 3844 2126 3932; x_wconf 37' lang='lat' dir='ltr'><strong>Postquam„</strong></span> <span class='ocrx_word' id='word_1_280' title='bbox 2145 3842 2323 3906; x_wconf 89' lang='lat' dir='ltr'><strong>enim</strong></span> <span class='ocrx_word' id='word_1_281' title='bbox 2349 3842 2645 3931; x_wconf 88' lang='lat' dir='ltr'><strong>repetitis</strong></span> <span class='ocrx_word' id='word_1_282' title='bbox 2677 3842 2858 3908; x_wconf 79' lang='lat' dir='ltr'><strong>curis</strong></span> 
     </span>
     <span class='ocr_line' id='line_1_34' title="bbox 767 3943 2858 4036; baseline 0.001 -27"><span class='ocrx_word' id='word_1_283' title='bbox 767 3943 1089 4033; x_wconf 87' lang='lat' dir='ltr'><strong>perpendi</strong></span> <span class='ocrx_word' id='word_1_284' title='bbox 1115 3946 1398 4011; x_wconf 89' lang='lat' dir='ltr'><strong>rationes</strong></span> <span class='ocrx_word' id='word_1_285' title='bbox 1423 3946 1907 4011; x_wconf 89' lang='lat' dir='ltr'><strong>Dodwellianas</strong></span> <span class='ocrx_word' id='word_1_286' title='bbox 1935 3946 2214 4035; x_wconf 85' lang='lat' dir='ltr'><strong>(quibus</strong></span> <span class='ocrx_word' id='word_1_287' title='bbox 2240 3944 2424 4013; x_wconf 87' lang='lat' dir='ltr'><strong>adde·</strong></span> <span class='ocrx_word' id='word_1_288' title='bbox 2441 3969 2589 4036; x_wconf 82' lang='lat' dir='ltr'><strong>quae</strong></span> <span class='ocrx_word' id='word_1_289' title='bbox 2622 3944 2858 4034; x_wconf 70' lang='lat' dir='ltr'><strong>dispu-</strong></span> 
     </span>
     <span class='ocr_line' id='line_1_35' title="bbox 768 4047 2855 4143; baseline 0.003 -29"><span class='ocrx_word' id='word_1_290' title='bbox 768 4067 861 4114; x_wconf 85' lang='lat' dir='ltr'><strong>tat</strong></span> <span class='ocrx_word' id='word_1_291' title='bbox 896 4047 1244 4118; x_wconf 87' lang='lat' dir='ltr'><strong>Salmasius</strong></span> <span class='ocrx_word' id='word_1_292' title='bbox 1277 4052 1503 4118; x_wconf 82' lang='lat' dir='ltr'><strong>Exerc.</strong></span> <span class='ocrx_word' id='word_1_293' title='bbox 1541 4052 1705 4117; x_wconf 89' lang='lat' dir='ltr'><strong>Plin.</strong></span> <span class='ocrx_word' id='word_1_294' title='bbox 1746 4075 1809 4141; x_wconf 90' lang='lat' dir='ltr'><strong>p.</strong></span> <span class='ocrx_word' id='word_1_295' title='bbox 1853 4053 2048 4138; x_wconf 85' lang='lat'><strong>320),</strong></span> <span class='ocrx_word' id='word_1_296' title='bbox 2083 4053 2454 4143; x_wconf 83' lang='lat' dir='ltr'><strong>praesertim·</strong></span> <span class='ocrx_word' id='word_1_297' title='bbox 2486 4054 2555 4118; x_wconf 88' lang='lat' dir='ltr'><strong>in</strong></span> <span class='ocrx_word' id='word_1_298' title='bbox 2585 4049 2738 4118; x_wconf 86' lang='lat' dir='ltr'><strong>loco</strong></span> <span class='ocrx_word' id='word_1_299' title='bbox 2762 4049 2855 4120; x_wconf 75' lang='lat' dir='ltr'><strong>de</strong></span> 
     </span>
    </p>
   </div>
  </div>
 </body>
</html>
