3200 5150
869 475 997 552 412

1429 464 1525 526 M.
1562 459 1789 525 FABII
1827 452 2379 542 Qnmnmml

867 617 1007 691 que
1035 587 1108 661 id
1136 587 1368 687 ipsum
1397 583 1888 683 imperfectum
1926 596 2204 650 manet:
2245 573 2460 647 secuti
2497 572 2733 646 minus
2766 573 2931 646 cele-

866 705 1023 777 bres
1040 759 1060 792 ‚
1091 725 1395 802 quorum
1416 713 1434 742 ¹
1469 696 1883 769 memoriam
1902 748 1921 784 ‚
1957 693 2012 766 si
2036 719 2178 793 quo
2200 690 2355 763 loco
2381 715 2485 762 res
2512 707 2780 789 poscet,
2802 714 2931 759 non

765 853 832 892 ιο
868 819 1208 893 omittam.
1239 813 1679 912 Praecipuum
1710 835 1869 882 vero
1900 809 2145 880 lumen
2176 807 2353 880 sicut
2383 802 2825 903 eloquentiae,
2855 802 2934 875 ita

866 934 1221 1037 praeceptis
1260 955 1541 1031 quoque
1574 927 1760 1030 ejus»,
1797 924 1987 998 dedit
2012 924 2304 1007 unicum
2345 920 2534 1021 apud
2575 946 2704 992 nos
2739 918 2936 1019 speci-

864 1077 1035 1124 men
1067 1046 1353 1135 orandi,
1398 1042 1835 1141 docendique
1870 1039 2198 1113 oratorias
2238 1057 2448 1125 artes,
2488 1038 2590 1107 M.
2629 1033 2932 1105 Tullius:

865 1186 1022 1266 post
1048 1189 1263 1263 quem
1291 1182 1515 1234 tacere
1543 1155 2130 1230 modestissimum
2155 1155 2368 1242 foret,
2403 1151 2534 1223 nisi
2574 1170 2642 1222 et
2674 1147 2938 1221 rhetori-

867 1306 983 1352 cos
998 1293 1027 1324 ²
1057 1303 1218 1351 suos
1245 1276 1391 1377 ipse
1416 1272 1835 1370 adolescenti
1860 1271 1991 1343 sibi
2014 1270 2282 1371 elapsos
2306 1266 2594 1354 diceret,
2619 1284 2688 1336 et
2713 1263 2789 1336 in
2813 1290 2937 1335 ora-

864 1392 1097 1466 toriis³
1146 1393 1293 1465 haec
1340 1390 1649 1478 minora,
1701 1414 1855 1487 quae
1897 1386 2207 1487 plerique
2260 1381 2689 1468 desiderant,
2740 1379 2939 1451 sciens

763 1545 823 1582 ιιι
863 1506 1228 1593 omisisset.
1258 1504 1541 1604 Scripsit
1568 1503 1654 1576 de
1679 1501 1923 1574 eadem
1948 1498 2232 1574 materia
2254 1524 2396 1570 non
2423 1522 2649 1596 pauca
2666 1489 2940 1565 40οῐῃί-

867 1652 937 1722 47
961 1674 973 1703 :
1019 1674 1042 1696 ι
1060 1649 1392 1722 (Antonius)
1427 1670 1591 1704 unum
1633 1650 1868 1704 libellum

871 1753 897 1779 ιι
916 1730 1016 1784 sibi
1039 1729 1291 1783 excidisse
1313 1729 1628 1802 jamdudum
1652 1744 1867 1801 questus

869 1829 897 1855 ιι
916 1821 1013 1860 est.
1034 1831 1058 1855 ι
1086 1809 1144 1862 C.
1179 1808 1276 1875 48,
1307 1811 1569 1862 Antonius
1597 1808 1863 1879 loquitur:

868 1909 896 1934 α
919 1890 1095 1959 Ipsa...
1116 1887 1203 1941 illa
1225 1906 1338 1959 quae
1359 1889 1415 1940 in
1436 1888 1865 1940 commentarium

867 1988 895 2014 α
914 1985 1088 2029 meum
1111 1965 1266 2019 retuli
1285 1990 1308 2014 ιι
1332 1979 1433 2019 etc.
1457 1969 1720 2039 Apparet,
1740 1965 1869 2038 quid

868 2048 937 2099 sit
964 2068 987 2091 a
1007 2046 1286 2098 inchoavit.
1310 2070 1331 2094 ιι

945 2142 989 2176 1.
1041 2122 1262 2178 celebres
1278 2162 1296 2190 ‚
1344 2142 1582 2197 quonam.
1630 2126 1767 2178 Alm.
1815 2138 1869 2178 et

866 2204 1041 2255 Turic.
1066 2203 1305 2255 inserunt
1325 2203 1545 2269 dederit,
1572 2203 1687 2256 soli.

940 2300 989 2335 2.
1014 2280 1322 2335 Rhetoricos.
1348 2282 1482 2335 Vide
1505 2282 1574 2335 ad
1598 2286 1670 2348 11,
1700 2282 1791 2350 15,
1814 2283 1865 2334 6.

937 2362 988 2414 3.
1003 2360 1072 2412 In
1086 2361 1335 2414 oratoriis.
1355 2361 1576 2434 Epistol.
1598 2360 1666 2413 ad
1684 2364 1797 2415 Div.
1820 2364 1868 2428 1,

867 2456 931 2510 9,
960 2451 1158 2511 poster.
1192 2453 1361 2510 part:
1401 2462 1424 2485 ιι
1443 2440 1742 2493 Abhorrent
1774 2440 1869 2511 (li-

874 2540 897 2564 n
913 2518 1001 2570 bri
1023 2532 1127 2572 tres
1152 2518 1218 2571 de
1235 2518 1417 2590 Or.)
1444 2537 1476 2570 a
1500 2520 1869 2573 communibus

873 2620 899 2645 α
917 2599 1208 2670 preceptis.
1230 2622 1253 2646 ιι
1282 2601 1361 2652 De
1384 2599 1475 2652 Or.
1504 2601 1551 2665 Ι,
1574 2600 1638 2652 6:
1673 2623 1695 2646 κ
1714 2620 1869 2674 repe-

872 2699 897 2724 «
917 2690 1099 2729 tamm.
1135 2697 1244 2730 non
1275 2678 1343 2729 ab
1376 2680 1708 2734 incunabulis
1741 2701 1870 2734 nos-

873 2777 896 2800 «
916 2769 1006 2808 trae
1041 2758 1229 2808 veteris
1265 2756 1587 2829 puerilisque
1620 2758 1870 2811 doctrinae

876 2857 899 2881 a
919 2835 1199 2907 quemdam
1215 2835 1453 2889 ordinem
1466 2852 1869 2910 preceptorum,

872 2936 897 2961 κ
916 2915 1011 2967 sed
1030 2939 1051 2963 ιι
1079 2928 1179 2967 etc.
1204 2917 1261 2969 C.
1284 2916 1382 2982 36,
1400 2917 1630 2969 Scaevola
1648 2919 1835 2970 Crasso
1852 2939 1867 2968 τ

872 3015 897 3042 ιι
914 2995 995 3047 De
1014 2996 1125 3048 istis
1145 2997 1513 3050 communibus
1526 3037 1541 3064 ‚
1562 3000 1662 3064 ait,
1682 3011 1733 3050 et
1757 3017 1871 3069 per-

872 3093 897 3120 ·
913 3077 1112 3145 vegetis
1135 3077 1218 3126 vix
1241 3074 1365 3128 huic
1389 3079 1526 3128 aetati
1550 3075 1871 3128 audiendum

873 3168 1088 3226 «putas.
1112 3178 1133 3201 υ
1172 3157 1244 3221 Π,
1266 3157 1332 3208 3ι
1372 3158 1582 3208 «Nec...
1619 3169 1727 3208 te...
1759 3156 1870 3207 fra-

874 3251 897 3277 ·
916 3246 1050 3285 ter...
1082 3231 1356 3286 rhetoricis
1386 3254 1527 3287 nunc
1553 3235 1869 3306 quibusdam
1894 3292 1902 3302 ,

871 3331 895 3356 ιι
913 3309 1088 3376 libris,
1110 3329 1244 3381 quos
1262 3325 1320 3363 tu
1340 3326 1567 3382 agrestes
1585 3327 1769 3385 putas,
1787 3317 1871 3365 in-

873 3410 897 3434 ·
917 3407 1111 3460 sequor
1134 3403 1193 3441 ut
1215 3390 1467 3444 erudiam.
1491 3414 1514 3438 ιι

938 3468 987 3533 4.
1014 3466 1331 3542 Cornificius.
1353 3472 1522 3543 Hujus
1543 3488 1658 3523 esse
1676 3470 1867 3538 libros,

869 3550 960 3618 qui
982 3548 1338 3600 inscribuntur
1354 3548 1425 3599 ad
1443 3549 1792 3614 Herennium,
1815 3563 1869 3602 et

865 3629 1131 3681 Ciceronis
1147 3627 1396 3698 operibns
1411 3627 1582 3679 solent
1597 3631 1838 3699 praemitti
1849 3667 1867 3696 ,

868 3706 1019 3758 multi
1055 3718 1244 3777 putant
1274 3709 1382 3757 V‘V.
1422 3707 1534 3758 DD.
1572 3725 1677 3777 qua
1708 3706 1774 3758 de
1810 3725 1868 3759 re

870 3782 1227 3837 consulendus
1242 3784 1443 3837 Fabric.
1463 3785 1591 3837 Bibl.
1610 3788 1722 3838 Lat.
1740 3785 1863 3838 edit.

868 3865 989 3916 Em.
1013 3863 1118 3915 vol.
1149 3866 1202 3930 1,
1230 3884 1283 3936 p.
1322 3863 1419 3916 153
1448 3883 1557 3935 seq.
1587 3868 1709 3917 Erat
1742 3882 1867 3917 sane

871 3944 1107 3996 oratoriae
1154 3945 1277 3996 artis
1321 3944 1558 4015 inprimis
1599 3941 1867 3998 studiosus

870 4022 935 4088 Q.
961 4022 1297 4089 Cornificius,
1324 4024 1590 4075 Ciceronis
1619 4026 1672 4075 in
1703 4041 1869 4093 augu-

871 4113 987 4150 ratu
1014 4099 1217 4171 college
1233 4139 1249 4166 ,
1281 4115 1334 4154 et
1362 4105 1574 4155 emicuS.
1595 4102 1729 4156 vide
1756 4104 1865 4156 Cic.

873 4174 940 4228 ad
961 4176 1158 4233 Divers.
1185 4180 1278 4230 XII
1289 4216 1306 4244 ‚
1333 4196 1392 4248 17
1413 4202 1424 4231 :
1452 4202 1475 4225 «ι
1494 4178 1753 4252 (Scripsi)
1775 4199 1868 4234 cae·

1963 1668 1986 1694 c
2005 1660 2114 1699 tera
2140 1643 2351 1717 quidem
2379 1643 2633 1706 fortasse,
2657 1657 2774 1710 quae
2801 1639 2939 1691 etim

1962 1746 1985 1772 ι
2003 1739 2063 1777 tu
2086 1723 2433 1785 concederes;
2458 1719 2553 1773 sed
2572 1721 2866 1792 proxime...
2884 1715 2941 1769 de

1961 1827 1985 1851 a
2004 1806 2206 1876 optimo
2228 1819 2420 1873 genere
2445 1796 2659 1851 dicendi
2676 1821 2701 1844 ιι
2732 1795 2940 1868 (intelli-

1953 1887 2029 1956 git
2052 1884 2317 1936 Oratorem
2335 1879 2406 1930 ad
2423 1877 2595 1949 Brut.)
2624 1899 2648 1923 ιι
2665 1879 2723 1928 in
2746 1893 2848 1947 quo
2865 1892 2941 1926 se-

1961 1980 2072 2034 -pe
2099 1963 2396 2032 suspicatus
2428 1976 2579 2023 sum,
2611 1970 2664 2009 te
2697 1974 2731 2007 a
2758 1953 2941 2027 judicio

1963 2062 1986 2088 ι
2002 2053 2187 2095 nostro
2199 2079 2217 2107 ‚
2236 2041 2310 2092 sic
2330 2037 2531 2091 scilicet
2550 2048 2607 2087 nt
2626 2034 2845 2095 doctum
2862 2031 2943 2083 ho-

1963 2144 1986 2167 «
2004 2122 2200 2173 minem
2223 2137 2253 2170 a
2274 2135 2383 2170 non
2407 2115 2625 2169 indocto
2641 2153 2658 2181 ,
2678 2111 2941 2185 paululum

1963 2222 1987 2246 κ
2006 2198 2274 2252 dissidere.
2297 2221 2320 2245 ιι
2345 2199 2404 2248 lt.
2426 2197 2521 2267 Ep.
2542 2195 2632 2247 18:
2661 2191 2859 2262 «Quod
2874 2208 2943 2241 ex·

1964 2300 1987 2326 ιι
2007 2291 2230 2330 nemum
2251 2276 2407 2330 fuit...
2434 2273 2503 2326 ad
2524 2271 2580 2325 id
2600 2274 2830 2344 primum
2851 2286 2943 2322 res·

1964 2379 1987 2404 οι
2006 2354 2277 2428 pendebo.
2298 2354 2545 2407 Animum
2568 2349 2773 2403 adverti
2794 2349 2943 2411 enim,

1965 2459 1988 2482 ι
2007 2435 2112 2488 hoe
2146 2452 2233 2487 vos
2261 2450 2481 2502 magnos
2512 2444 2758 2482 oratores
2789 2428 2943 2479 facere

1964 2536 1987 2563 ιι
2006 2528 2403 2585 nonnunquam.
2427 2535 2450 2559 ιι
2474 2510 2539 2563 Se
2553 2511 2825 2582 juniorem
2840 2507 2947 2559 coru

1956 2596 2192 2648 nificium
2215 2592 2470 2663 significat
2498 2591 2683 2642 Cicero
2702 2626 2722 2654 ‚
2751 2606 2833 2660 ep.
2860 2585 2941 2636 23:

1963 2677 2176 2728 «Tuam
2210 2674 2379 2724 vicem
2416 2688 2551 2742 saepe
2582 2667 2783 2734 doleo,
2820 2662 2948 2736 quod

1963 2777 1986 2802 e·
2006 2754 2204 2808 nullam
2229 2764 2466 2824 partem,
2489 2767 2587 2822 per
2604 2758 2844 2811 etatem,
2872 2762 2946 2796 sa-

1963 2857 1986 2881 ·
2006 2854 2084 2886 noe
2103 2847 2155 2886 et
2176 2832 2328 2886 salvae
2348 2832 2475 2902 reip.
2492 2842 2707 2898 gustare
2722 2824 2942 2898 potuisti.

1963 2935 1986 2959 ι
2005 2914 2179 2983 Atque
2224 2908 2445 2962 antehoc
2490 2906 2709 2979 quidem
2756 2919 2947 2976 sperare

1964 3014 1987 3039 οι
2008 2992 2194 3045 saltem
2242 2988 2438 3042 licebat
2454 3026 2472 3054 ‚
2517 3004 2660 3038 nunc
2709 2985 2863 3036 etiam
2902 2977 2948 3030 id

1963 3091 1988 3116 κ
2007 3082 2244 3140 ereptum
2262 3080 2357 3120 est.
2379 3091 2403 3116 ιι
2422 3068 2484 3118 It.
2500 3068 2597 3135 Ep.
2620 3063 2687 3116 28
2705 3085 2719 3113 ι
2749 3084 2775 3107 ιι
2794 3061 2950 3113 socie-

1964 3170 1987 3195 «
2006 3161 2223 3201 tatem...
2258 3147 2355 3199 tibi
2386 3162 2596 3197 mecum
2624 3162 2661 3193 a
2690 3151 2842 3213 patre
2869 3155 2949 3189 ac-

1964 3249 1987 3275 ·
2007 3241 2232 3300 ceptam.
2255 3250 2276 3274 ιι
2310 3224 2469 3278 Libro
2498 3224 2601 3292 Qu.
2631 3222 2743 3284 IX,
2772 3237 2817 3271 c.
2850 3233 2876 3268 2
2903 3225 2951 3267 et

1957 3309 2019 3374 3,
2043 3307 2137 3359 ubi
2158 3307 2226 3359 de
2252 3305 2431 3375 figuris
2459 3314 2661 3372 agetur,
2689 3297 2950 3350 mirificam

1956 3387 2222 3440 Cornificii
2265 3384 2491 3437 rhetoris
2530 3397 2656 3431 cum
2702 3378 2949 3446 scriptore

1956 3468 2289 3520 Herenniano
2337 3456 2733 3515 similitudinem
2779 3452 2949 3505 obser»

1953 3546 2207 3599 vabimus.
2226 3546 2271 3597 A
2288 3540 2430 3594 Julio
2448 3537 2734 3590 Rufiniano
2755 3534 2949 3594 citatur,

1958 3621 2261 3697 Cornificius
2282 3624 2337 3673 in
2358 3620 2552 3689 figura,
2574 3614 2719 3667 dicta
2741 3609 2950 3684 parrhe-

1956 3707 2059 3771 sia,
2097 3721 2255 3773 quam
2289 3697 2499 3752 verterit
2530 3691 2799 3747 licentiam
2837 3688 2951 3759 (qni

1956 3784 2106 3836 locus
2140 3793 2219 3833 est
2249 3779 2320 3831 ad
2346 3778 2574 3830 Herenn.
2606 3773 2697 3837 IV,
2733 3769 2870 3839 36),
2900 3785 2948 3837 p.

1954 3860 2253 3916 Ruhnkenii
2277 3856 2358 3909 ed.
2384 3851 2542 3907 Rutil.
2566 3852 2701 3921 Lup.
2734 3865 2856 3917 ²¹9·
2872 3847 2950 3896 Vi·

1956 3940 2023 3993 de
2037 3943 2212 3993 Nostr.
2230 3938 2328 4003 IX,
2347 3953 2373 3988 2
2386 3973 2404 4002 ,
2421 3951 2504 4003 27.
2519 3929 2603 3984 Ad
2619 3923 2951 3999 Comifieiam

1954 4020 2221 4072 Ciceronis
2242 4027 2365 4068 sunt
2379 4008 2630 4084 epistolae,
2647 4005 2715 4059 ad
2732 4007 2851 4057 Div.
2867 4000 2947 4054 lib.

1953 4100 2081 4163 ΧΠ,
2114 4117 2143 4149 a
2183 4114 2241 4166 17
2277 4093 2345 4145 ad
2376 4093 2461 4145 3ο.
2502 4092 2834 4140 Burmannus
2868 4083 2955 4134 Se-

1954 4176 2160 4232 cundus
2175 4178 2229 4228 in
2242 4172 2548 4246 prefatione
2567 4165 2839 4220 editorum
2854 4178 2885 4212 a
2900 4175 2957 4210 se
