3200 5150
1028 857 1185 938 DE
1241 852 2141 935 INSTITUTIONE
2198 855 2826 939 ORATORIA

1388 1112 1597 1168 unm
1634 1112 1859 1167 mum
1897 1112 2472 1171 ARGUMENTUM.

877 1355 965 1419 M.
996 1355 1226 1419 Fabius
1248 1353 1680 1433 Quintilianus
1701 1348 2030 1436 Tryphoni
2063 1352 2357 1416 Salutem.
2379 1388 2458 1403 -
2480 1355 2575 1417 Ad
2603 1356 2952 1421 Marcellum

956 1453 1303 1515 Victor-ium
1330 1452 1730 1534 prooemium.
1754 1483 1842 1535 -Ο
1860 1448 2008 1511 Car.
2035 1450 2084 1512 1.
2113 1451 2283 1530 Quid
2309 1454 2467 1514 circa
2492 1454 2766 1536 primam
2792 1460 2951 1540 pueri

951 1553 1411 1614 institutionem
1432 1548 1898 1632 providendum
1919 1551 2018 1611 sit.
2040 1552 2092 1610 A
2114 1550 2287 1632 quali
2310 1553 2551 1614 nutrice
2572 1553 2952 1618 educandum

950 1648 1158 1710 filium
1197 1662 1374 1730 pater
1413 1659 1619 1722 curet,
1655 1658 1716 1706 et
1761 1645 1973 1728 quales
2018 1660 2424 1730 praeceptores
2460 1650 2699 1732 primos
2740 1650 2953 1714 habere

950 1747 1194 1811 debeat.
1219 1780 1298 1794 -
1321 1746 1401 1807 11.
1423 1744 1651 1806 Utrum
1673 1744 1893 1806 utilius
1916 1745 2128 1820 domi,
2160 1766 2242 1806 an
2272 1746 2340 1808 in
2368 1744 2595 1809 scholis
2627 1751 2954 1812 erudiatur.

942 1880 1027 1896 ·-—
1067 1845 1174 1907 111.
1214 1844 1357 1924 Qua
1402 1844 1648 1904 ratione
1686 1863 2029 1926 puerorum
2076 1845 2330 1925 ingenia
2377 1844 2863 1927 dignoscantur,
2903 1864 2955 1909 et

948 1943 1273 2027 quomodo
1309 1941 1653 2003 tractanda.
1686 1972 1766 1989 ·-
1799 1940 1903 2004 lv.
1936 1941 2030 2003 De
2061 1942 2501 2024 grammatica,
2537 1942 2617 2004 de
2652 1943 2872 2007 litteris
2903 1959 2955 2008 et

946 2063 1162 2104 earum
1188 2051 1490 2123 potestate
1507 2083 1524 2115 ,
1553 2059 1625 2100 ac
1653 2039 1959 2100 orationis
1989 2039 2293 2122 partibus.
2323 2039 2649 2102 Declinare
2676 2042 2954 2125 inprimis

945 2138 1236 2212 nomina,
1267 2150 1328 2197 et
1356 2135 1546 2197 verba
1578 2136 1734 2197 scire
1765 2148 2014 2218 oportet
2039 2157 2301 2218 pueros,
2321 2148 2381 2197 et
2412 2156 2639 2218 genera
2661 2158 2871 2214 nosse,
2892 2158 2955 2199 ac

946 2255 1138 2298 casus.
1154 2234 1316 2294 Tum
1340 2232 1418 2294 de
1435 2233 1642 2294 verbis
1661 2245 1721 2294 et
1738 2232 2073 2293 verborum
2101 2232 2651 2317 appellationibus.
2675 2268 2756 2281 —
2778 2236 2851 2296 V.
2873 2236 2954 2295 De

943 2330 1282 2415 virtutibus
1317 2344 1378 2391 et
1407 2330 1578 2390 vitiis
1611 2329 1936 2391 orationis·
1969 2362 2047 2376 —
2072 2329 2176 2390 vl.
2213 2328 2305 2390 De
2342 2328 2545 2391 verbis
2580 2333 2858 2413 propriis
2892 2351 2953 2391 ac

942 2425 1263 2491 translatis
1284 2470 1305 2503 ,
1340 2427 1582 2487 usitatis
1620 2439 1682 2487 et
1718 2427 1935 2502 novis,
1970 2441 2032 2487 et
2070 2424 2149 2486 de
2184 2440 2455 2507 quatuor
2488 2425 2716 2508 quibus
2762 2448 2952 2490 sermo

943 2537 1207 2587 constat.
1247 2523 1340 2585 De
1375 2526 1629 2586 vetustis
1663 2523 1906 2599 verina,
1933 2537 1996 2586 et
2026 2523 2256 2606 quibus
2286 2522 2491 2585 verbis
2521 2524 2600 2584 sit
2629 2525 2951 2587 utendum.

939 2622 1033 2684 De
1067 2623 1452 2683 auctoritate.
1484 2622 1576 2682 De
1599 2622 2070 2683 consuetudine.
2094 2655 2172 2668 -
2195 2621 2331 2683 vll.
2363 2622 2456 2682 De
2487 2619 2950 2706 orthographia.

940 2753 1019 2767 -
1038 2718 1204 2779 vm.
1228 2717 1320 2779 De
1344 2716 1610 2778 lectione
1636 2717 1837 2800 pueri.
1862 2750 1940 2764 -
1966 2718 2071 2779 lx.
2095 2718 2188 2779 De
2211 2716 2423 2779 officio
2452 2721 2845 2798 grammatici
2860 2731 2952 2795 ,et

939 2837 1080 2901 quae
1102 2807 1452 2899 primordia
1480 2817 1605 2876 sint
1627 2816 1899 2878 dicendi.
1923 2850 2006 2867 —-
2033 2816 2109 2878 X.
2136 2818 2228 2877 An
2253 2818 2483 2879 oratori
2513 2816 2731 2878 futuro
2757 2805 2951 2879 neces·

940 2917 1101 2976 saria
1129 2915 1209 2974 sit
1228 2912 1509 2997 plurium
1535 2915 1766 2978 artium
1790 2915 2065 2975 scientia.
2089 2948 2169 2963 ·-
2195 2914 2301 2975 XI.
2327 2913 2421 2974 De
2443 2915 2646 2996 prima
2668 2934 2951 2996 pronun·

937 3009 1219 3073 tiationis
1246 3024 1307 3071 et
1330 3025 1530 3091 gestus
1553 3009 1966 3072 institutione.
1985 3011 2210 3074 -xl1.
2237 3013 2330 3073 An
2352 3011 2538 3096 plura
2563 3010 2792 3074 eodem
2812 3024 2953 3074 tem·

861 3109 869 3121 ‘
928 3129 1092 3204 pore
1120 3108 1331 3173 doceri
1359 3109 1564 3196 prima
1594 3111 1744 3172 aeta's
1771 3111 1986 3193 possit.
