3200 5150
824 456 953 524 380

1381 454 1477 520 M.
1514 454 1744 520 mnu
1779 451 2335 539 Qnm'rmsm

818 577 1134 650 detrahas
1155 631 1174 666 ,
1209 556 1701 650 natur-aetiam
1743 576 1890 649 sine
1929 570 2238 651 doctrina
2276 574 2585 649 multum
2616 574 2905 666 valebit,

818 692 1130 764 doctrina
1178 690 1375 763 nulla
1425 717 1571 764 esse
1622 691 1771 764 sine
1826 712 2075 765 natura
2130 691 2417 791 poterit3
2466 691 2573 764 sin
2627 717 2710 764 ex
2758 691 2907 791 pari

815 826 1092 895 coeant,
1122 805 1196 877 in
1225 805 1697 878 mediocribus
1725 805 2014 905 quidem
2042 805 2349 906 utrisque
2375 806 2604 907 majus
2628 805 2857 878 adhuc
2875 820 2899 852 ¹

813 941 1075 994 naturae
1108 919 1387 992 credam
1422 946 1566 992 esse
1597 920 2080 1011 momentum,
2113 940 2638 993 consummatos
2666 939 2904 992 autem

810 1034 969 1134 plus
994 1032 1318 1106 doctrinae
1344 1033 1635 1124 debere,
1660 1060 1877 1133 quam
1911 1053 2175 1106 naturae
2193 1088 2213 1121 ‚
2240 1032 2501 1133 putabo
2520 1090 2541 1124 ,
2570 1032 2745 1107 sicut
2772 1053 2907 1105 ter-

809 1176 934 1238 rae,
963 1147 1236 1220 nullam
1264 1146 1685 1221 fertilitatem
1715 1147 2033 1236 habenti,
2063 1146 2242 1220 nihil
2271 1148 2577 1248 optimus
2605 1148 2906 1247 agricola

809 1261 1178 1362 profuerit3
1207 1286 1252 1333 e
1279 1281 1457 1335 terra
1489 1261 1736 1334 uberi²
1766 1261 1935 1334 utile
1969 1259 2270 1360 aliquid,
2306 1262 2514 1335 etiam
2547 1261 2745 1335 nullo
2777 1289 2903 1335 co-

805 1377 991 1450 lente
1015 1431 1034 1465 ,
1055 1396 1427 1465 ·nascetur;
1465 1395 1536 1448 at
1569 1376 1646 1448 in
1682 1375 1830 1449 solo
1868 1375 2173 1449 fecundo
2212 1374 2369 1475 plus
2402 1375 2659 1467 cultor,
2683 1403 2901 1476 quam

739 1523 773 1577 3
805 1491 953 1591 ipsa
971 1516 1095 1589 per
1112 1515 1183 1561 se
1207 1488 1478 1562 bonitas
1507 1489 1669 1578 soli,
1695 1489 1971 1562 efficiet.
1998 1493 2118 1579 Et,
2141 1489 2199 1562 si
2227 1490 2593 1563 Praxiteles
2615 1474 2901 1591 signum

801 1604 1087 1703 aliquod
1111 1630 1192 1675 ex
1215 1602 1464 1675 molari
1488 1602 1718 1702 lapide
1748 1623 2036 1676 conatus
2064 1623 2239 1676 esset
2266 1604 2662 1705 exsculpere
2680 1603 2745 1694 ³,
2771 1607 2901 1676 Pa-

801 1719 983 1791 rium
1011 1714 1366 1790 marmorl}
1390 1715 1680 1789 mallem
1706 1716 1915 1806 rude3
1941 1737 2011 1790 at
2031 1716 2088 1789 si
2108 1716 2284 1789 illud
2307 1718 2497 1791 idem
2521 1720 2761 1792 artifex
2788 1745 2897 1794 ex·

798 1834 1173 1934 polivisset,
1208 1833 1367 1933 plus
1394 1834 1467 1905 in
1503 1832 1830 1904 manibus
1861 1831 2133 1924 fuisset,
2160 1859 2376 1932 quam
2400 1834 2484 1906 'in
2520 1861 2893 1908 marmore.

794 1950 1120 2048 Denique
1143 1945 1434 2021 natura⁵
1459 1946 1749 2020 materia
1780 1947 2108 2027 doctrinae
2148 1967 2286 2020 est:
2324 1948 2471 2022 haec
2508 1949 2740 2048 fingit,
2775 1948 2898 2022 illa

791 2121 1046 2161 tractatur
1067 2126 1098 2160 a
1116 2108 1397 2176 Cicerone,
1419 2107 1511 2162 lib.
1536 2109 1561 2160 1
1582 2107 1650 2161 de
1672 2108 1800 2162 orn·

791 2202 935 2254 tore,
954 2201 1008 2241 et
1026 2207 1057 2239 a
1074 2188 1294 2241 Platone
1315 2191 1372 2241 in
1388 2188 1625 2242 Phaedro.
1648 2190 1797 2240 Hanc

787 2286 950 2339 porro
984 2268 1294 2320 sententiam
1324 2266 1518 2319 Fabius
1549 2266 1701 2319 duxit
1732 2285 1798 2319 ex

788 2348 1028 2398 oratione
1049 2347 1232 2412 Cicer..
1240 2364 1340 2418 pro
1363 2345 1574 2398 Archia.
1588 2348 1755 2399 Tuan.

864 2442 908 2478 ι.
934 2425 1111 2491 Maius
1131 2425 1319 2476 adhuc.
1343 2423 1533 2477 Adhuc
1555 2423 1625 2477 ad
1647 2443 1796 2477 com-

785 2507 1081 2577 parativum
1104 2522 1213 2555 non
1235 2506 1490 2575 pertinet,
1514 2522 1580 2557 eo
1600 2502 1792 2572 modo,

788 2600 945 2654 quem
984 2581 1210 2635 vidimus
1249 2585 1273 2634 1
1287 2621 1304 2651 ,
1343 2581 1374 2636 5
1390 2621 1407 2650 ,
1453 2600 1536 2636 22.
1570 2583 1792 2638 Videtur

785 2676 899 2714 tum
922 2664 1165 2733 praemitti
1188 2680 1396 2735 semper
1419 2662 1741 2716 adverbium.
1770 2699 1774 2703 -

858 2757 906 2792 2.
935 2742 986 2792 E
1013 2750 1146 2792 terra
1173 2741 1329 2792 uberi.
1358 2740 1532 2794 Guelf.
1562 2752 1616 2793 et
1638 2752 1673 2793 t.
1699 2761 1787 2806 u.,

782 2819 936 2872 male.
972 2819 1273 2873 Ablativum
1304 2821 1446 2873 uberi
1480 2833 1701 2892 usurpat
1737 2832 1793 2874 et

782 2902 978 2966 Liviu's,
991 2899 1095 2952 vid.
1112 2897 1270 2954 Draltss
1289 2899 1358 2952 ad
1368 2903 1477 2953 Liv.
1494 2901 1686 2966 xxlx,
1703 2899 1789 2966 25,

789 2995 849 3030 ια
867 3017 885 3045 ,
910 2997 1074 3049 quum
1100 2978 1387 3032 desinentis
1414 2982 1471 3032 in
1496 2997 1527 3031 e
1552 2978 1790 3051 exempla

784 3056 1030 3129 equidem
1052 3076 1163 3110 non
1187 3061 1541 3125 meminerim,
1563 3059 1790 3112 fortasse

781 3153 848 3187 ne
867 3135 1285 3189 confunderetur
1301 3155 1424 3189 cum
1438 3137 1785 3190 substantivo.

780 3218 908 3269 Esse
933 3219 1073 3269 enim
1098 3216 1416 3288 adjectivum
1437 3221 1593 3270 unius
1617 3220 1790 3271 termi-

780 3296 1009 3347 nationis
1024 3333 1041 3360 ,
1064 3308 1124 3347 ut
1148 3314 1376 3367 pauper-,-
1401 3315 1510 3349 non
1533 3296 1786 3363 duarum,

778 3386 840 3425 ut
857 3372 1006 3438 celer,
1030 3376 1226 3444 (quum
1244 3374 1414 3426 codd.
1436 3377 1491 3425 in
1509 3388 1621 3426 tam
1638 3335 1786 3427 tenui

779 3412 1078 3503 discrimine
1099 3469 1289 3527 parum
1310 3452 1641 3522 proficiatur)
1663 3471 1788 3504 sua-

779 3529 870 3582 det
902 3529 1176 3599 analogia:
1212 3528 1434 3594 ubertas,
1470 3542 1529 3580 ut
1556 3547 1786 3600 pauper-

781 3618 889 3669 tas,·
913 3625 1025 3659 non
1048 3607 1291 3672 uberitas,
1318 3619 1378 3658 ut
1400 3605 1643 3658 celeritas.

848 3688 899 3739 3.
919 3687 1029 3739 Ess.
1044 3703 1172 3738 exse.
1194 3684 1368 3739 Guelf.
1384 3695 1603 3749 πειτα,
1625 3684 1781 3737 male.

775 3766 935 3820 Goth.
951 3779 1002 3819 et
1010 3768 1136 3818 Tur.
1154 3764 1279 3836 (tac.
1292 3763 1780 3836 Gesn.)essetsculp.

849 3845 900 3911 4.
927 3847 1219 3896 Mamor...
1245 3843 1386 3896 rude.
1415 3845 1556 3896 Artis
1578 3856 1785 3895 amator

778 3922 1106 3992 Quintiliano
1128 3924 1214 3974 vix
1238 3922 1568 3973 assentiatur.
1593 3920 1681 3972 An
1702 3938 1785 3972 ru-

778 4000 844 4052 de
859 4018 1106 4064 manner,
1128 3998 1385 4052 intellexit
1400 3998 1547 4052 rudis
1572 3998 1782 4054 artificis

779 4081 989 4148 signum
1008 4096 1071 4131 ex
1090 4080 1387 4131 marmore?
1402 4076 1507 4132 Sed
1524 4096 1649 4131 eum
1665 4095 1784 4130 sen·

779 4174 900 4208 sum
912 4156 1163 4228 exemplis
1179 4159 1343 4211 astrui
1359 4175 1518 4228 posse
1531 4158 1619 4209 vix
1629 4168 1781 4228 puto.

1885 2133 1957 2148 —
1992 2107 2212 2159 Parium
2245 2125 2490 2159 manner.
2525 2107 2688 2159 Paros
2717 2106 2895 2160 insula

1885 2198 1965 2239 est
1987 2187 2043 2240 in
2064 2189 2242 2258 AEgoeo
2264 2189 2423 2253 mari,
2445 2205 2559 2258 quse
2579 2186 2898 2241 candidissi-

1882 2284 2031 2318 mum
2072 2265 2235 2320 babet
2278 2284 2509 2318 marmor
2552 2264 2700 2337 quod
2738 2265 2895 2336 lych-

1882 2344 2033 2396 nium
2052 2345 2353 2418 appellant,
2372 2348 2496 2417 quia
2523 2344 2592 2398 ad
2618 2345 2893 2398 lucernam

1882 2422 2151 2476 effoditur.
2172 2426 2341 2478 Tuan.

1954 2500 2002 2556 5.
2040 2504 2321 2557 Natum...
2368 2504 2629 2557 doctrina.
2679 2502 2895 2577 Reliqui

1881 2584 2198 2655 scripturam
2223 2585 2601 2637 Gesnerianam
2615 2622 2633 2650 ,
2664 2586 2763 2637 etsi
2787 2602 2895 2656 pa-

1878 2680 1997 2714 rum
2028 2662 2195 2716 fidens
2227 2664 2308 2731 ei,
2341 2682 2409 2716 ne
2436 2663 2618 2716 locum
2643 2677 2893 2736 apertum

1875 2740 2081 2796 viderer
2111 2742 2443 2797 obscurasse.
2468 2745 2753 2796 Auctorem
2784 2743 2891 2795 ha·-

1877 2819 1971 2873 bet
1992 2840 2161 2875 unum
2181 2821 2488 2876 Gotbanum
2500 2860 2519 2889 ‚
2536 2823 2625 2875 cui
2642 2840 2711 2874 ne
2725 2825 2886 2874 Voss.

1880 2900 2095 2972 quidem
2120 2918 2148 2954 2
2174 2901 2265 2956 bio
2282 2903 2548 2955 iuvenitur
2573 2901 2889 2954 assentiens.

1876 2981 2088 3048 Caeteri‚
2111 2994 2172 3033 ut
2192 2981 2397 3048 Guelf.‚
2422 2999 2605 3033 omnes
2626 2980 2737 3032 fere
2751 3001 2766 3030 ;
2796 2999 2890 3031 ιω-

1877 3069 1994 3112 tum
2016 3061 2271 3126 materioe,
2296 3078 2381 3113 ars
2400 3059 2675 3124 doctrinoe,
2699 3058 2806 3111 levi
2826 3061 2886 3112 in

1877 3136 2193 3209 quibusdam
2215 3137 2490 3191 vocabulis
2516 3137 2884 3190 fluctuatione.

1874 3217 2114 3269 Proxime
2127 3215 2197 3268 ad
2205 3216 2364 3270 Goth
2380 3216 2585 3270 accedit
2598 3218 2749 3268 Bern-
2767 3214 2887 3269 hee

1874 3294 2051 3349 dans.
2094 3297 2332 3368 Denique
2370 3296 2589 3348 materia
2632 3293 2890 3346 doctrine

1873 3385 1980 3440 est,
2023 3376 2137 3428 sine
2176 3392 2339 3427 sensu
2376 3375 2623 3426 omittens
2669 3383 2881 3424 aarum.

1872 3451 2137 3503 Gesnerus
2180 3453 2457 3504 immemor
2499 3462 2612 3503 erat
2656 3451 2884 3501 monis

1870 3529 2039 3580 critici
2046 3530 2171 3601 ,qui
2182 3529 2339 3601 jubet
2350 3528 2705 3583 difficiliorem
2716 3530 2889 3599 scrip-

1871 3620 2044 3659 turam
2064 3608 2337 3679 praeferre,
2362 3625 2525 3678 quum
2551 3621 2661 3659 tam
2682 3606 2887 3679 cupide

1871 3688 2124 3758 arriperet
2152 3686 2385 3739 Gotbani
2415 3686 2690 3737 rationem.
2721 3685 2890 3738 Unde

1871 3764 2013 3816 euim
2035 3782 2118 3817 ars
2142 3762 2262 3829 illa,
2290 3764 2394 3815 nisi
2417 3780 2541 3815 vera
2568 3775 2679 3828 est,
2710 3765 2772 3815 in
2801 3776 2889 3816 tot

1870 3841 2050 3894 libris?
2067 3841 2423 3897 omittebatur
2434 3855 2615 3894 autem
2628 3840 2792 3913 longe
2806 3843 2893 3893 fa-

1870 3919 2021 3972 cilius
2039 3957 2058 3986 ‚
2108 3937 2267 3990 quam
2321 3918 2648 3973 addebatur·
2633 3941 2650 3984 3
2701 3920 2890 3990 qualis

1871 3999 2084 4050 omissio
2108 4010 2190 4050 est
2206 3998 2352 4050 vocis
2370 4008 2587 4062 namra,
2607 3997 2773 4070 plane
2790 4017 2889 4052 ne-

1870 4080 2134 4145 cessarie,
2146 4079 2204 4131 iu
2217 4079 2367 4131 Bern.
2383 4079 2467 4132 Ne
2478 4080 2743 4131 sententia
2758 4080 2891 4150 qui-

1869 4156 1994 4211 dem
2017 4155 2154 4210 adeo
2179 4155 2466 4229 impedita,
2490 4173 2650 4227 quam
2676 4157 2737 4210 iu
2761 4155 2897 4209 vul-
