3200 5150
639 476 1292 550 INSTITUTIONIS
1327 478 1584 545 ORAT.
1627 479 1790 544 LIB.
1832 480 1967 559 111,
2017 498 2153 544 11.·
2301 479 2428 549 563

330 607 410 682 de
438 607 569 680 hac
599 633 795 691 nunc
824 606 1095 704 loquor,
1127 630 1211 676 ex
1242 630 1385 703 qua
1411 602 1716 678 nascitur
1745 623 1991 695 statim,
2021 605 2138 676 An
2152 607 2434 706 factum

327 723 408 796 sit
427 722 491 795 ¹?
521 723 710 818 Quid
713 724 993 822 factum
1017 718 1139 794 sit?
1167 721 1285 794 An
1314 734 1489 792 recte
1501 720 1780 819 factum
1804 718 1932 792 sit?
1961 722 2103 794 Has
2136 721 2437 796 Herma-

328 865 561 939 goim,
587 859 654 911 et
676 835 1181 939 ApollodoruS,
1216 854 1284 907 et
1311 833 1428 910 alii
1456 833 1747 934 plurimi
1774 836 2135 935 scriptores
2159 839 2436 938 proprie

326 960 723 1055 quaestiones
753 973 1042 1046 vocanti
1064 949 1479 1026 Theodorus
1496 1006 1517 1039 ‚
1544 970 1623 1022 ut
1650 950 1860 1040 dixi2,
1889 957 2118 1053 capita
2133 979 2438 1052 ,qenera-

331 1070 454 1157 lia,
482 1069 660 1142 sicut
685 1068 836 1142 illas
862 1068 1203 1157 minora,
1233 1085 1355 1138 aut
1377 1092 1459 1138 ex
1482 1065 1616 1140 illis
1641 1066 2060 1165 pendente5‚
2083 1068 2406 1169 specialia
2413 1098 2439 1154 ‚-

326 1213 495 1262 nam
534 1205 608 1270 ¹et
643 1184 1106 1284 quaestionem
1144 1209 1227 1255 ex
1258 1180 1639 1281 quaestione
1674 1183 1898 1273 nasci,
1933 1203 2001 1258 et
2027 1183 2332 1286 speciem
2365 1183 2440 1258 in

327 1300 590 1402 species
624 1299 838 1374 dividi
873 1297 1234 1374 convenit:
1272 1298 1457 1376 hanc
1493 1298 1704 1396 igitur
1735 1299 2195 1397 quaestionem
2226 1298 2442 1372 veluti

325 1416 789 1517 principalem
840 1437 1090 1488 vocant
1138 1430 1359 1505 ζήτημα.
1416 1415 1618 1486 Ratio
1669 1433 1906 1486 autem
1954 1436 2090 1506 est,
2138 1442 2280 1515 qua
2325 1415 2396 1487 id
2421 1471 2442 1504 ‚

324 1532 519 1634 quod
539 1529 567 1576 ³
601 1534 868 1606 factum
896 1557 1043 1604 esse
1066 1549 1367 1620 constat,
1399 1528 1834 1604 defenditur:
1862 1550 1931 1602 et
1958 1557 2083 1606 cur
2105 1557 2253 1604 non
2281 1553 2442 1606 uta-

328 1676 491 1722 mur
518 1647 807 1738 eodem,
834 1674 976 1747 quo
1006 1667 1171 1724 sunt
1194 1645 1300 1720 usi
1326 1646 1473 1720 fere
1502 1672 1752 1719 omnes
1766 1642 1824 1736 4,
1852 1646 2216 1746 exemplo?
2249 1650 2447 1720 Ores-

325 1781 419 1838 tes
459 1779 748 1837 matrem
790 1764 1077 1838 occidit.-
1122 1762 1257 1834 hoc
1300 1780 1586 1836 constat.
1630 1761 1820 1834 Dicit
1855 1788 1926 1835 se
1946 1765 2133 1862 juste
2152 1764 2441 1863 fecisse:

324 1900 540 1953 status
586 1880 713 1952 erit
754 1878 1145 1978 qualitatis3
1186 1877 1509 1978 quaestio,
1543 1876 1661 1948 An
1675 1880 1863 1978 juste
1887 1877 2191 1977 fecerit?
2230 1873 2398 1951 ratio
2423 1933 2443 1967 ‚

324 1996 517 2094 quod
538 1995 1050 2095 Cb‘taemnestra
1074 1999 1399 2065 maritum
1417 1990 1447 2038 ⁵
1472 2019 1702 2081 suum,
1724 2010 1996 2094 patrem
2025 1996 2300 2098 Orestae,
2332 2022 2448 2068 oc·-

322 2111 493 2212 qidit
510 2139 536 2195 ;
575 2110 709 2186 hoc
742 2121 909 2181 αἴτιον
944 2108 1232 2199 dicitur3
1269 2121 1560 2198 κρινόμνον
1593 2106 1884 2184 auoem⁶
1903 2110 2285 2209 judicatio,
2326 2111 2444 2182 An

321 2225 842 2324 oportueritne!
860 2240 1216 2330 nocentem
1231 2238 1258 2285 ⁷
1288 2239 1580 2296 matrem
1606 2250 1652 2295 a
1656 2223 1821 2325 filio
1840 2225 2104 2297 occidi?
2126 2223 2442 2317 Quidam

321 2337 709 2411 diviserunt
729 2351 896 2412 αἴτιον
925 2360 993 2412 et
1020 2353 1192 2408 αἰτίαν
1207 2337 1264 2427 ⁸,
1292 2359 1371 2414 ut
1399 2359 1575 2412 esset
1601 2338 1818 2412 altera
1829 2352 1887 2428 9,
1913 2361 2196 2439 propter
2222 2366 2442 2439 quam

311 2454 658 2551 judicium
683 2454 1140 2536 constitutum
1170 2473 1305 2547 est,
1337 2474 1416 2530 ut
1438 2458 1661 2528 occisa
1690 2452 2236 2555 C(ytoemnestra;
2265 2455 2444 2527 alte—

322 2597 402 2641 ra
420 2625 441 2659 ,
470 2596 612 2669 qua
615 2570 897 2669 sactum
926 2568 1347 2660 defenditur,
1381 2589 1459 2641 ut
1484 2573 1742 2642 occisus
1772 2568 2289 2668 Aqamemnon;
2323 2570 2444 2644 sed

320 2704 521 2758 tanta
544 2704 647 2757 est
673 2685 855 2757 circa
875 2685 1087 2757 verba
1113 2684 1480 2772 dissensio,
1512 2706 1590 2756 ut
1614 2684 1731 2755 alii
1754 2698 1925 2753 αἰτίαν
1950 2711 2232 2758 causam
2248 2685 2444 2786 judi-

318 2801 654 2893 cincti-nov
684 2820 920 2873 autem
953 2799 1120 2872 facti
1151 2819 1434 2888 vocent,
1471 2797 1588 2886 alii
1623 2796 1870 2871 eadem
1905 2798 1980 2871 in
2014 2800 2440 2874 contrarium

407 3040 453 3075 ι.
478 3021 567 3075 An
580 3023 854 3095 factunm..
880 3024 1232 3096 rectefactum
1254 3023 1336 3075 sit.
1499 3021 1551 3074 6.
1576 3019 1832 3090 Κρινόμωοι
1851 3031 2045 3074 autem.
2067 3018 2319 3091 Κρινὸμινον
2339 3025 2440 3076 Bu-

314 3108 451 3160 Duo
470 3116 742 3175 postrema
761 3104 1064 3156 omittentes
1088 3102 1190 3155 sibi
1208 3121 1342 3155 con-
1430 3100 1572 3155 daeus
1588 3101 1744 3170 dicit,
1759 3101 1918 3172 vulgo
1938 3100 2043 3154 hoc
2063 3101 2131 3154 de
2147 3120 2254 3173 quo
2272 3122 2441 3174 quaes-

317 3195 474 3238 stant
496 3182 633 3234 Alm.
661 3196 714 3235 et
735 3183 913 3235 Turio.
1426 3183 1503 3235 tio
1533 3195 1641 3248 est,
1670 3201 1702 3234 a
1729 3183 1983 3235 Cicerone
2009 3182 2311 3255 appellatur
2332 3202 2439 3258 qua

397 3278 450 3313 2.
483 3259 807 3326 Theodorus,
831 3271 893 3312 ut
913 3260 1039 3312 dixi.
1066 3262 1162 3328 111,
1184 3260 1247 3329 6,
1278 3277 1307 3312 2
1321 3298 1337 3328 ,
1426 3261 1557 3315 dere
1573 3262 1763 3336 aqimr.
1780 3263 1874 3315 Est
1888 3275 2066 3316 autem
2087 3267 2305 3334 quaestio
2323 3283 2436 3336 quae

312 3342 369 3397 5.
400 3338 539 3392 Vide
562 3339 673 3412 huj.
701 3358 819 3412 cap.
849 3341 896 3408 S.
911 3375 915 3378 >
929 3340 1011 3392 26.
1427 3344 1596 3394 oritur
1609 3360 1674 3394 ex
1684 3342 1904 3394 rationis
1919 3354 1972 3393 et
1984 3341 2300 3395 firmamenti
2314 3362 2439 3397 con-

394 3422 450 3473 3.
473 3420 591 3490 Qua
605 3417 662 3470 id
674 3418 833 3492 quod.
844 3421 1020 3472 Turio.
1033 3419 1160 3492 quia
1174 3418 1334 3492 quod,
1425 3419 1589 3473 flictu.
1611 3421 1776 3472 Tuum.
1867 3432 1878 3447 “

311 3519 452 3554 cum
475 3498 734 3550 Almolov.
1499 3516 1550 3569 7.
1569 3498 1866 3571 opor-merit
1878 3497 1962 3550 vel
1973 3510 2259 3552 nocentem.
2270 3500 2433 3554 Goth.

392 3579 451 3646 4.
487 3578 630 3631 Usi...
657 3596 849 3632 omnes.
869 3578 1005 3631 Vide
1027 3575 1339 3631 Ciceronem
1425 3575 1749 3649 (toc.Gesn.)
1761 3579 1954 3629 omittit
1965 3575 2064 3643 vel,
2080 3590 2137 3629 ut
2152 3580 2367 3632 etVoss.
2384 3598 2434 3647 2,

306 3662 528 3714 Inveni.
573 3654 665 3708 lib.
709 3660 734 3708 Ι
753 3695 770 3723 ,
818 3658 881 3711 13
907 3680 919 3709 :
966 3678 989 3705 α
1007 3671 1067 3709 ut
1109 3655 1341 3711 docendi
1427 3674 1549 3708 cum
1574 3658 1844 3708 sementim
1867 3654 2199 3710 detrimento.

314 3761 340 3786 α
365 3734 765 3789 causainfacili
782 3749 834 3787 et
844 3735 1154 3810 pervulqato
1170 3755 1340 3790 exem·
1499 3736 1548 3788 8.
1582 3736 1885 3790 Diviserunt
1886 3775 2012 3788 .....
2047 3737 2223 3791 αἰτίαν.
2256 3738 2431 3792 Guelf.

313 3839 341 3863 a
364 3814 470 3887 plo
504 3816 883 3867 consistamus:
927 3816 1121 3868 Orestes
1138 3840 1160 3864 n
1179 3855 1197 3882 ,
1234 3828 1334 3869 etc.
1425 3816 1530 3868 div.
1557 3814 1619 3872 αἱς
1643 3815 1787 3869 αἴτιον
1809 3816 1889 3867 καὶ
1912 3815 2096 3884 αἰτίαν,
2122 3819 2251 3870 mire
2274 3831 2327 3870 et
2350 3838 2435 3872 so-

302 3895 474 3951 ldem
494 3893 795 3965 exemplum
809 3893 953 3965 apud
968 3896 1167 3947 Cornif.
1182 3933 1201 3961 ,
1215 3895 1336 3947 loco
1425 3893 1536 3961 lus,
1563 3908 1819 3965 quantum
1842 3894 2013 3947 video.

307 3989 493 4046 supra
516 3975 695 4024 citato.
1252 3988 1257 3993 ·
1496 3991 1548 4043 9.
1572 3977 1717 4028 Esset
1734 3974 1959 4028 altera...
1982 3974 2164 4030 altera.
2190 3979 2333 4032 Dure
2355 3980 2433 4032 fe-

397 4050 455 4104 5.
482 4049 867 4121 Clytaemnestra
880 4052 1147 4103 maritum.
1159 4054 1335 4105 Tui-ic.
1425 4054 1685 4106 mininam
1712 4054 1806 4106 alt.
1837 4055 2062 4108 refertur
2087 4056 2157 4109 ad
2185 4073 2435 4112 neutrum

314 4132 407 4187 CI.
440 4128 885 4202 Agamemnonem
909 4133 1186 4195 maritum,
1215 4151 1339 4185 cum
1427 4131 1590 4185 ati-rm.
1628 4134 2022 4188 Obversabatur
2057 4148 2236 4191 autem
2270 4139 2430 4205 ratio,

312 4209 483 4264 Bodl.
513 4228 623 4265 non
651 4208 782 4261 Alm.
1030 4248 1037 4252 -
1426 4211 1649 4267 latinum
1665 4213 2001 4268 vocabulum.

2063 4305 2147 4359 36.
