3200 5150
699 512 1344 581 INSTITUTIONIS
1380 513 1634 580 ORAT.
1676 515 1835 579 LIB.
1877 515 1970 596 Π,
2021 518 2118 597 ι4.

365 646 773 730 oratoriam,
817 661 969 712 tum
1007 629 1370 712 oratricem
1406 638 1965 712 nominaverunt.
2008 641 2208 731 Quos
2245 641 2453 740 eqni-

366 756 527 828 dem
562 783 705 827 non
738 754 1202 828 fraudaverim
1235 755 1465 827 debita
1497 755 1703 827 laude
1723 811 1742 843 ,
1772 755 1964 856 quod
2000 755 2273 854 copiam
2311 758 2452 828 Ro-

361 871 554 942 mani
577 872 915 944 sermonis
939 898 1189 969 augere
1217 871 1629 944 tentaverint
1647 885 1705 961 ¹3
1735 870 1856 943 sed
1885 897 2029 943 non
2054 870 2294 942 omnia
2321 897 2447 943 nos

359 985 688 1060 ducentes
723 1015 803 1059 ex
833 989 1121 1058 Graeco²
1157 1007 1566 1087 sequuntur,
1599 988 1776 1059 sicut
1807 1013 1897 1059 ne
1930 987 2085 1058 illos
2116 985 2404 1085 quidem
2424 1041 2445 1076 ,

355 1103 623 1201 quoties
658 1102 800 1175 suis
838 1102 1075 1200 utique
1109 1103 1332 1175 verbis
1366 1102 1636 1201 signare
1670 1124 1901 1174 nostra
1932 1100 2322 1173 voluerunt.
2358 1102 2448 1174 Et

350 1215 497 1288 haec
520 1216 985 1314 interpretatio
1011 1242 1156 1288 non
1181 1217 1417 1290 minus
1441 1217 1618 1289 dura
1641 1237 1771 1306 est,
1797 1242 2014 1315 quam
2039 1213 2158 1286 illa
2180 1213 2394 1286 Flavii
2410 1213 2441 1259 ³

2325 515 2452 604 329

423 1399 467 1435 ι.
494 1384 839 1436 Tentaven‘nt.
862 1385 982 1438 Sine
1001 1385 1168 1438 Codd.
1190 1405 1349 1440 nova-
1435 1400 1551 1438 tura
1564 1387 1774 1439 videtur
1787 1405 1901 1439 esse
1915 1386 2091 1458 Sergio
2105 1384 2305 1450 itania,
2327 1387 2440 1437 sine
2501 1413 2528 1432 x

344 1482 403 1514 re
428 1463 715 1534 quidquam
736 1463 913 1528 nolui;
939 1465 1059 1532 sed,
1085 1484 1203 1517 meo
1230 1469 1347 1536 qui-
1434 1484 1534 1538 que
1559 1468 1841 1539 posteriori
1868 1464 2122 1535 adjuncto
2138 1502 2156 1530 ‚
2185 1463 2332 1534 quod
2359 1477 2441 1517 est

343 1542 466 1593 dem
489 1562 673 1609 sensu,
697 1548 1065 1616 conjunctivus
1090 1544 1176 1597 hic
1203 1562 1345 1599 recte
1431 1546 1544 1596 fere
1566 1548 1622 1597 in
1647 1545 1766 1597 edd.
1792 1557 1917 1596 vett.
1932 1581 1950 1609 ,
1973 1546 2074 1596 nisi
2094 1543 2240 1615 quod
2257 1543 2433 1596 Guelf.

341 1640 450 1672 non
479 1623 719 1694 procedit
735 1663 751 1690 ,
781 1637 833 1675 et
859 1639 1061 1677 veteres
1084 1626 1195 1676 fere
1221 1625 1340 1677 edd.
1432 1623 1505 1675 ibi
1529 1623 1622 1675 dat
1645 1624 1856 1689 Fravt'o,
1879 1623 1980 1675 levi
1998 1624 2435 1676 errore.Tantum

339 1716 523 1774 omnes
546 1701 674 1753 dant
699 1712 1037 1755 tentaverunt.
1426 1704 1589 1771 igitur
1621 1702 1818 1773 liquet,
1854 1701 2107 1754 alterutro
2143 1700 2298 1767 loco,
2341 1713 2434 1753 aut

412 1797 459 1831 2.
486 1781 738 1833 Ducentes
755 1800 819 1833 ex
840 1783 1031 1833 Groeco.
1057 1780 1230 1834 Guelf.
1252 1777 1335 1832 ‹15ss
1425 1793 1610 1831 nostro
1648 1794 1702 1832 et
1738 1782 1875 1831 tertii
1911 1779 2029 1831 libri
2045 1817 2063 1844 ,
2101 1793 2194 1831 eut
2226 1781 2431 1847 octavi,

334 1869 501 1910 centes
526 1860 701 1911 Groeca
717 1898 732 1924 ,
762 1861 908 1931 prius
937 1860 1094 1913 solito
1126 1878 1333 1926 errore,
1425 1878 1624 1912 errasse
1652 1858 1911 1911 librarios.
1945 1861 2115 1928 Magis
2143 1872 2322 1911 autem
2351 1873 2431 1911 est

334 1937 430 1989 sed
452 1942 714 2011 posterius
739 1939 1020 2010 eleganter.

404 2018 454 2069 3.
471 2017 642 2084 flavii
652 2019 879 2070 essentia.
891 2020 1067 2070 Turio.
1090 2016 1274 2069 Plauti
1285 2036 1329 2069 e.

329 2094 505 2147 Guelf.
528 2096 711 2168 Plauti
729 2108 801 2148 est
819 2096 1096 2160 sententia,
1118 2097 1331 2168 imposi-

330 2186 443 2226 tum
467 2188 643 2226 antem
669 2174 813 2227 hisce
836 2177 889 2227 in
909 2193 1153 2226 versuum
1172 2176 1333 2226 inter-

327 2254 466 2305 vallo
485 2275 497 2305 ε
519 2267 578 2306 at
589 2254 848 2326 planities.
869 2256 1045 2319 Error,
1068 2255 1157 2323 qui
1177 2267 1256 2305 est
1276 2256 1329 2305 in

326 2335 602 2396 sententia,
626 2333 806 2385 similis
831 2345 910 2384 est
933 2335 1075 2403 ejus,
1098 2349 1252 2402 quem
1272 2334 1330 2383 in

326 2412 789 2465 eodemvocabulo
799 2411 943 2483 apud
953 2412 1328 2463 Sen'ecamcor·

325 2494 455 2543 rexit
465 2495 702 2544 Muretus
711 2490 851 2563 (vide
860 2491 1018 2542 finem
1030 2488 1205 2558 notae),
1218 2507 1325 2558 quo

323 2586 543 2666 apparet
565 2586 890 2644 quantopere
910 2567 1150 2621 hoeserint
1169 2567 1324 2620 libra·

320 2653 385 2702 rii
408 2654 461 2702 in
485 2651 748 2702 vocabulo
778 2639 1048 2710 inaudit03
1078 2661 1324 2699 caeterum

320 2730 375 2779 in
398 2728 611 2798 reliquis
636 2727 844 2779 duobus
865 2727 997 2779 locis
1015 2726 1227 2777 essentia
1249 2728 1326 2777 in—

319 2821 569 2878 corrupta
607 2819 788 2858 exstat.
827 2806 988 2874 Quod
1032 2807 1217 2856 attinet
1254 2803 1324 2856 ad

316 2906 514 2938 nomen
546 2888 817 2957 proprium
834 2923 850 2950 ‚
885 2901 1068 2936 omnes
1095 2885 1320 2936 fortasse

316 2965 486 3019 Codd.
521 2966 860 3017 consentiunt
891 2966 943 3016 in
978 2962 1115 3014 hanc
1141 2962 1317 3015 Guelf.

314 3048 626 3118 scripturam
637 3082 653 3109 ‚
671 3061 833 3113 quum
848 3032 901 3093 et
914 3039 1033 3092 edd.
1056 3039 1320 3112 pleraque

313 3139 436 3178 ante
451 3126 624 3177 Burm.
642 3122 880 3175 eamdem
899 3119 1052 3185 dent,
1068 3131 1128 3170 ut
1147 3119 1315 3171 codd.

311 3203 456 3254 nulla
479 3203 711 3276 potnerit
733 3201 909 3273 notari
929 3200 1170 3250 varietas.
1190 3198 1319 3271 Gry-

312 3281 469 3353 phius
491 3297 665 3352 tamen
685 3296 833 3332 meus
860 3276 1022 3344 1544,
1042 3294 1166 3327 cum
1183 3294 1315 3348 pau·

311 3362 414 3426 cis,
434 3360 620 3413 flavii.
643 3344 787 3411 idem
808 3357 991 3409 Plauti
1007 3373 1203 3407 nomen
1223 3374 1314 3407 ex-

306 3436 549 3511 pressum
574 3451 652 3492 est
676 3440 731 3489 in
748 3440 923 3490 Turic.
947 3449 1000 3488 et
1016 3435 1192 3488 Guelf.
1217 3436 1313 3501 111,

309 3521 375 3584 6,
416 3519 510 3581 233
547 3519 644 3570 sed
679 3520 734 3570 in
771 3517 933 3571 Goth.
973 3517 1047 3568 ibi
1084 3514 1315 3567 Plancus

306 3594 438 3666 (non
456 3594 703 3648 Plancius
720 3608 779 3646 ut
791 3597 949 3647 refert
961 3595 1122 3647 Gesn.
1127 3592 1167 3665 ),
1182 3606 1241 3644 ut
1256 3596 1311 3645 in

302 3676 354 3726 ‘V
357 3690 459 3723 oss.
493 3689 521 3723 2
558 3672 673 3723 solo
690 3711 707 3739 ‚
739 3676 911 3725 caeteri
950 3675 1089 3725 enim
1124 3688 1309 3724 omnes

301 3752 560 3806 Plautum
582 3752 726 3804 dant.
742 3753 989 3818 Lih.v11‚
1010 3754 1042 3820 4
1055 3792 1072 3820 ,
1092 3754 1182 3820 4ο,
1198 3755 1310 3806 sine

304 3834 663 3885 controversia
698 3835 753 3907 in
790 3833 1035 3905 omnibus
1073 3847 1152 3887 est
1184 3832 1310 3885 Ha-

302 3913 441 3978 υἰιις,
466 3930 572 3983 quo
592 3911 713 3963 loco
739 3924 915 3963 tamen
929 3951 946 3978 .,
967 3930 1129 3982 quum
1149 3911 1307 3984 hujus

301 3992 747 4063 interpretationis
780 3988 925 4041 nulla
958 3991 1047 4041 fiat
1076 3993 1308 4058 mentio,

301 4060 563 4122 morosior
575 4072 689 4142 quis
705 4082 879 4139 neget,
892 4069 1135 4121 eumdem
1148 4087 1307 4138 quem

300 4152 493 4202 nostris
529 4150 662 4202 locis
698 4148 973 4217 designari.
1013 4146 1126 4198 Lib.
1156 4149 1306 4214 vm,

301 4228 354 4295 3,
370 4229 456 4295 33,
479 4230 715 4283 omnium
732 4226 946 4301 quidem
959 4224 1127 4281 Godd.
1146 4228 1308 4300 scrip·

1421 1952 1840 1993 consentaneum
1858 1956 2088 1990 errorem
2105 1939 2362 2009 suspicari
2374 1940 2430 1989 in

1421 2016 1634 2070 duobus
1645 2017 1914 2090 prioribus
1927 2016 2059 2069 locis
2069 2056 2088 2082 ‚
2103 2036 2267 2089 quum
2281 2015 2430 2068 Phu-

1420 2098 1492 2161 ti,
1521 2098 1612 2167 qui
1641 2097 1764 2149 talia
1799 2098 2127 2160 tractaverit,
2158 2094 2305 2147 nulla
2333 2114 2424 2147 us-

1421 2193 1580 2246 quam
1597 2178 1893 2228 inveniatur
1909 2175 2139 2240 mentio,
2157 2174 2320 2226 Flavii
2337 2193 2425 2226 ve-

1416 2274 1506 2320 ro,
1527 2254 1662 2308 libro
1684 2258 1909 2326 septimo
1928 2255 2230 2319 memorati,
2248 2256 2424 2325 ipsum

1419 2334 1565 2412 quood
1594 2335 1814 2386 affertur
1837 2351 1974 2406 opus
2007 2351 2130 2384 cum
2161 2331 2424 2404 ejusmodi

1415 2414 1774 2485 disputatione
1814 2431 1923 2464 non
1959 2409 2097 2462 male
2133 2414 2419 2482 conspiret.

1414 2492 1636 2544 Accedit
1657 2492 1942 2543 auctoritas
1970 2490 2180 2542 Senecae
2197 2488 2337 2559 (vide
2355 2491 2420 2542 fi-

1412 2588 1536 2624 nem
1562 2574 1734 2634 notae)
1762 2569 2001 2624 eamdem
2030 2571 2421 2642 interpretatio-

1411 2668 1533 2702 nem
1551 2669 1662 2702 non
1682 2650 1876 2703 Plauto
1893 2650 2173 2702 tribuentis
2185 2688 2201 2714 ,
2215 2649 2312 2703 sed
2325 2652 2420 2702 Fa-

1411 2730 1580 2782 biano.
1618 2732 1687 2782 At
1716 2733 1854 2782 enim
1883 2748 1951 2782 ne
1979 2731 2022 2781 is
2052 2729 2266 2800 quidem
2291 2728 2418 2781 fla-

1410 2810 1555 2860 viam
1573 2812 1828 2861 nominat.
1851 2811 2050 2861 Assunt
2066 2809 2162 2859 viri
2181 2807 2420 2859 doctissi-

1409 2889 1513 2951 mi,
1550 2889 1789 2939 Muretus
1824 2890 1972 2938 Varr.
2006 2885 2149 2937 lectt.
2191 2884 2285 2951 15,
2317 2902 2416 2951 20,

1411 2978 1461 3016 et
1485 2967 1667 3017 Justus
1690 2967 1898 3036 Lipsius
1923 2964 1991 3015 ad
2013 2965 2222 3016 Senecas
2246 2967 2410 3035 Epist.

1410 3042 1479 3094 ad
1495 3042 1662 3095 Lucil.
1681 3042 1777 3107 58,
1797 3060 1994 3093 nomen
2010 3039 2198 3112 hujus,
2216 3041 2284 3093 de
2306 3060 2412 3113 quo

1411 3123 1613 3190 agimus
1629 3157 1646 3184 ‚
1673 3117 1982 3191 philosophi
2010 3131 2063 3170 et
2089 3118 2312 3171 rhetoris
2340 3123 2414 3173 ita

1409 3200 1690 3251 efferentes
1715 3220 1727 3248 ε
1773 3198 1879 3249 Ser.
1916 3196 2126 3249 Planius
2159 3198 2415 3251 Fabianus

1406 3278 1556 3343 alter,
1579 3276 1713 3328 alter
1738 3272 1916 3328 a'utem
1942 3276 2050 3327 Ser.
2075 3274 2286 3328 Flavius
2308 3278 2413 3327 Pa·

1400 3358 1567 3431 pirius
1587 3357 1871 3419 Fabianus,
1894 3374 2002 3426 quo
2029 3355 2241 3425 quidem
2263 3368 2411 3408 certo

1404 3450 1652 3502 auctore,
1671 3434 1916 3506 equidem
1937 3453 2046 3487 non
2065 3433 2309 3501 dixerim,
2329 3438 2412 3487 ni-

1404 3519 1449 3568 si
1469 3515 1614 3587 quod
1638 3534 1668 3567 a
1685 3511 2137 3566 verisimilitudine
2160 3511 2410 3566 abhorret

1402 3595 1626 3668 ejusdem
1655 3594 1749 3645 aevi
1781 3595 2100 3663 scriptores,
2136 3592 2319 3644 Senec.
2355 3606 2410 3645 et

1400 3674 1622 3742 Quintil.
1636 3712 1654 3739 ‚
1677 3672 1979 3742 designasse
2002 3669 2225 3741 ejusdem
2243 3689 2406 3722 voca-

1400 3753 1512 3806 buli
1554 3765 1799 3805 auctores
1839 3751 2071 3802 dt'versos.
2119 3749 2408 3800 Lenissima

1400 3846 1577 3885 eutem
1600 3844 1682 3883 est
1706 3827 2004 3881 emendatio
2028 3825 2271 3878 mutandi
2292 3827 2407 3879 Ser·-

1392 3911 1483 3984 yio
1505 3913 1648 3975 vm,
1673 3910 1733 3975 3,
1758 3908 1855 3972 33,
1878 3908 1934 3957 in
1955 3898 2130 3957 Servio
2154 3903 2238 3955 vel
2263 3906 2369 3958 Ser.
2380 3943 2400 3971 ,

1399 4006 1559 4061 quam
1596 3987 1854 4040 inducens
1894 4003 1961 4036 ne
1998 4000 2248 4036 excusare
2282 3987 2402 4055 qui·

1396 4067 1519 4120 dem
1538 4065 1783 4136 dignatus
1808 4079 1890 4118 est
1911 4066 2166 4116 Muretus.
2197 4063 2400 4137 Serqius

1395 4147 1535 4199 enim
1551 4158 1603 4196 et
1617 4142 1853 4206 flavius,
1872 4140 2188 4212 gentilitium
2202 4160 2397 4196 nomen

1393 4237 1706 4293 utrumque,
1728 4222 1784 4275 in
1805 4239 1971 4275 unum
1991 4218 2262 4277 hominem
2283 4240 2397 4275 non
