3200 5150
646 505 1295 574 INSTITUTIONIS
1330 502 1587 573 ORAT.
1628 502 1790 573 LIB.
1835 502 1900 587 I,
1951 523 2004 573 i.
2290 504 2367 577 δι

275 630 533 704 discere
566 631 729 732 ipsis
762 656 907 703 non
943 629 1265 730 contigit,
1302 630 1654 703 minorem
1689 658 1931 705 curam
1963 631 2259 704 docendi
2293 632 2378 704 li-

272 747 473 819 beros
506 746 850 838 habeant,
887 746 1008 819 sed
1040 746 1179 819 sint
1208 767 1489 845 propter
1520 745 1655 819 hoc
1691 746 1927 845 ipsum
1962 747 2050 819 ad
2084 767 2325 820 caetera
2349 760 2369 794 ¹

272 860 495 959 magis
537 860 924 960 diligentes·
971 864 1077 933 De
1128 861 1460 961 pueris²‚
1513 860 1695 932 inter
1739 887 1917 961 quos
1964 860 2377 935 educabitur

269 975 386 1048 ille
414 976 581 1048 huic
618 976 765 1076 spei
800 976 1213 1069 destinatus,
1244 975 1434 1048 idem
1466 976 1662 1076 quod
1695 975 1781 1048 de
1814 976 2202 1063 nutricibus
2237 976 2376 1049 dic-

267 1114 423 1166 tum
446 1092 552 1166 sit.
580 1095 686 1165 De
716 1094 1108 1194 paedagogis
1126 1091 1155 1137 ³
1180 1094 1315 1168 hoc
1340 1092 1647 1193 amplius
1663 1149 1684 1184 ‚
1715 1113 1795 1167 ut
1814 1112 1936 1167 aut
1957 1093 2095 1166 sint
2122 1093 2375 1166 eruditi

266 1207 517 1308 plane,
553 1230 771 1308 quam
805 1210 1110 1308 primam
1149 1232 1293 1284 esse
1335 1234 1579 1283 curam
1616 1208 1869 1299 velim3
1914 1229 2069 1299 aut,
2112 1236 2184 1282 se
2227 1236 2376 1281 non

266 1351 412 1398 esse
445 1320 753 1399 eruditos
778 1325 1035 1416 sciant3
1071 1325 1249 1401 nihil
1274 1326 1468 1399 enim
1504 1326 1704 1426 pejus
1733 1346 1834 1398 est
1865 1325 1983 1414 iis,
2014 1326 2137 1423 qui
2156 1381 2175 1414 ,
2206 1352 2375 1423 pau-

265 1433 420 1513 lum
453 1439 723 1540 aliquid
757 1440 937 1513 ultra
967 1442 1229 1540 primas
1262 1441 1516 1515 litteras
1550 1440 1926 1541 progressi,
1959 1440 2209 1513 falsam
2242 1441 2377 1514 sibi

261 1555 564 1629 scientiae
598 1555 1121 1655 persuasionem
1159 1555 1578 1645 induerunt3
1616 1580 1785 1627 nam
1822 1576 1890 1627 et
1921 1554 2164 1628 cedere
2207 1581 2375 1654 prae·

264 1670 571 1771 cipiendi
604 1670 838 1772 peritis
872 1671 1351 1771 indignantur,
1397 1690 1465 1743 et
1498 1670 1740 1743 velut'
1708 1697 1872 1772 Jure
1908 1670 2219 1799 quodam
2255 1697 2376 1768 po·-

262 1785 559 1875 testatis‚
613 1808 754 1884 qua
808 1786 953 1858 fere
1009 1785 1144 1860 hoc
1204 1785 1585 1858 hominum
1642 1807 1863 1883 genus
1925 1784 2369 1877 intumescit,

262 1898 616 1997 imperiosi
664 1919 874 1998 atque
923 1900 1204 1972 interim
1227 1890 1265 1961 4
1307 1900 1696 1991 saevientes,
1753 1898 2112 1971 stultitiam
2165 1926 2368 1971 suam

262 2013 662 2112 perdocent.
715 2017 862 2086 Nec
913 2014 1153 2087 minus
1203 2040 1393 2088 error
1447 2039 1694 2087 eorum
1752 2032 1958 2087 nocet
2008 2013 2365 2086 moribus:

259 2127 610 2227 siquidem
652 2128 998 2202 Leonides
1038 2128 1413 2203 Alexandri
1451 2128 1908 2229 paedagoguS‚
1954 2150 2032 2201 ut
2068 2157 2112 2201 a
2145 2129 2367 2227 Baby-

260 2242 451 2319 lonio
481 2238 847 2345 Diogene}
873 2246 1184 2338 traditur,
1211 2246 1639 2349 quibusdam
1673 2265 1840 2317 eum
1868 2245 2046 2317 vitiis
2075 2244 2364 2337 imbuit,

334 2468 353 2502 1
365 2488 377 2500 .
395 2451 601 2503 Goetem.
614 2452 805 2503 Praeter
816 2444 1264 2503 instituendorum

256 2521 541 2598 liberorum
550 2531 827 2603 proprium
837 2528 1092 2600 laborem,
1103 2548 1262 2603 quem

1351 2461 1511 2517 usus,
1531 2455 1593 2503 ut
1615 2444 1686 2505 sit
1706 2460 1806 2522 pro
1826 2441 2103 2501 interdum.
2119 2450 2365 2504 Vicissim

1351 2530 1615 2583 interdum
1635 2544 1894 2602 usurpare
1916 2547 2015 2601 pro
2041 2529 2249 2588 interim
2266 2531 2364 2583 visi

257 2605 472 2682 quidem
494 2625 769 2684 praestare,
792 2612 895 2683 ipsi
921 2609 1151 2678 indocti,
1174 2631 1265 2665 ne·

258 2704 477 2762 queunt.

321 2788 368 2823 α.
382 2770 707 2822 PuerisNon
716 2768 1082 2841 intelliguntur
1090 2777 1263 2840 tequa-

256 2848 331 2903 les
355 2845 602 2919 ingenui,
626 2848 722 2902 sed
749 2852 901 2901 servi.

325 2929 374 2982 3.
402 2929 481 2980 De
497 2927 807 3001 poedaqoqis.
829 2927 1151 2981 Ductoribus
1170 2947 1259 2981 co·

250 3009 573 3080 mitibusque
592 3025 878 3078 puerorum
890 3046 905 3072 ‚
923 3010 1013 3078 qui
1031 3007 1261 3080 plerum

253 3104 357 3161 que
404 3100 554 3140 erant
599 3082 786 3140 liberti.
837 3088 992 3139 Rom..
1031 3116 1105 3126 ——
1138 3087 1259 3137 Pri-

248 3182 429 3221 mam..
438 3208 449 3220 .
461 3186 656 3220 curum.
672 3162 909 3218 Prir‘num
920 3161 974 3218 in
985 3165 1077 3218 tali
1086 3166 1257 3218 forma

247 3243 608 3319 dicitur‚quod
618 3248 841 3300 maxime
851 3260 930 3300 est
939 3240 1254 3318 optandum,

246 3333 336 3382 cui
371 3329 673 3402 proximum
710 3339 822 3394 est,
860 3340 1000 3398 que,
1036 3325 1169 3380 illud
1209 3325 1255 3380 si

245 3426 358 3461 non
390 3405 694 3479 contingat,
727 3409 1128 3478 acquiescimus.
1167 3408 1252 3461 sic

247 3488 391 3560 apud
404 3486 608 3542 Livium
626 3481 798 3554 XXII,
817 3488 912 3541 28:
940 3488 1249 3552 «Primum,

254 3588 277 3614 α
299 3570 389 3639 qui
432 3572 548 3642 ipse
594 3568 835 3621 consulat
857 3591 873 3633 3
918 3559 1250 3635 secundum,

254 3649 389 3718 aqui
413 3646 657 3699 obediat.
684 3662 790 3699 et
811 3647 868 3701 in
890 3647 1011 3700 loco
1035 3650 1249 3717 gemino

245 3729 354 3780 Cic.
385 3746 483 3799 pro
511 3726 716 3780 Cluent.
748 3730 845 3781 31·
833 3751 846 3780 t
884 3729 1252 3800 «sapientissi-

232 3808 276 3855 'a
296 3826 441 3860 mum
461 3825 575 3860 esse
587 3846 603 3872 ‚
620 3809 913 3879 ...proxime
932 3807 1201 3861 accedere.
1219 3834 1243 3857 n

316 3886 367 3955 4.
399 3885 633 3940 Interim.
668 3890 934 3960 Frequens
966 3901 1046 3941 est
1079 3890 1248 3959 inpri-3

242 3969 344 4021 mis
380 3966 738 4036 Quintiliano,
771 3964 865 4020 sed
896 3981 949 4020 et
985 3967 1098 4020 aliis
1133 3964 1249 4039 ejus

242 4047 339 4098 nvi
362 4044 734 4118 scriptoribus,
758 4059 817 4096 ut
839 4046 1047 4101 Senecae
1070 4060 1125 4098 et
1147 4045 1250 4099 Plir-

243 4128 345 4178 niis
369 4140 529 4198 atque
552 4128 766 4192 Tacito,
789 4125 875 4177 ille
888 4163 904 4192 ‚
925 4127 1015 4195 qui
1032 4125 1121 4177 bic
1137 4128 1249 4196 pri-

243 4218 391 4284 mun-i
432 4206 766 4276 observatur,
806 4204 967 4279 hujus
1000 4205 1249 4259 vocabuli

1351 2625 1476 2665 sunt
1504 2609 1827 2682 quibusdam
1849 2611 2131 2682 scriptores
2155 2613 2364 2681 sequior·

1349 2689 1420 2746 ris
1436 2692 1601 2744 aetatis
1612 2730 1630 2758 ,
1648 2689 1715 2744 de
1737 2708 1845 2761 quo
1865 2708 2024 2743 sensu
2041 2689 2161 2743 vide
2179 2690 2364 2744 Dukea·

1349 2785 1469 2828 rum
1482 2769 1549 2824 de
1557 2772 1839 2824 latinitate
1849 2771 2092 2822 ICtorum
2099 2783 2359 2838 veterum,

1348 2871 1404 2922 p.
1449 2852 1570 2921 373.
1616 2853 1804 2921 Neque
1849 2863 2026 2902 tamen
2066 2849 2359 2920 legitimum

1348 2930 1583 2984 adverbii
1596 2947 1812 2986 sensum
1824 2927 1960 3001 fugit
1975 2944 2171 2986 noster.
2183 2930 2301 2984 Vid.
2313 2933 2356 2998 Ι,

1349 3013 1413 3078 8,
1439 3009 1503 3075 53
1526 3014 1581 3077 Ι,
1615 3028 1710 3078 12,
1733 3010 1783 3064 3.

1418 3089 1466 3143 5.
1502 3090 1806 3142 Leonides...
1841 3108 1874 3140 a
1905 3087 2195 3159 Babylonio
2223 3089 2355 3142 Dio-a

1340 3188 1488 3242 gene.
1536 3163 1756 3221 Nullum
1796 3167 2058 3237 reliquum
2092 3166 2353 3222 habemus

1342 3244 1537 3300 librum
1565 3250 1816 3319 Diogenis
1844 3239 2145 3320 Babylonii,
2173 3245 2358 3316 philea

1344 3326 1502 3400 sophi
1523 3328 1710 3394 stoici,
1739 3330 1830 3397 qui
1853 3344 1976 3379 cum
2000 3325 2272 3386 aneade
2296 3333 2350 3378 et

1342 3406 1574 3461 Critolao
1620 3409 1678 3460 in
1718 3403 1916 3459 celebri
1954 3401 2043 3456 ina
2083 3404 2348 3475 legatione

1340 3486 1482 3559 (Cic.
1513 3485 1581 3539 de
1609 3489 1755 3540 Orat.
1785 3487 1863 3552 ΙΙ,
1891 3505 1938 3536 c.
1969 3485 2058 3556 37,
2086 3485 2212 3557 38.)
2238 3488 2348 3538 Ro·-⁴

1340 3586 1480 3619 mam
1507 3568 1681 3634 venit,
1713 3563 2030 3638 scripsitque
2056 3562 2169 3633 esp>
2194 3563 2343 3630 φανὲν

1337 3646 1499 3712 vixit-v
1537 3659 1589 3699 et
1626 3643 1912 3698 haiom-miv
1943 3644 2138 3712 ’τέχνης
2167 3649 2368 3716 'neque⁴

1340 3725 1630 3799 quidquam
1661 3726 1729 3780 de
1760 3725 1906 3779 bisce
1933 3728 2101 3792 vitiis,
2131 3744 2244 3797 quae
2277 3744 2343 3778 ex

1335 3806 1613 3880 pedagogi
1624 3809 1705 3860 sui
1721 3805 2110 3862 consuetudine
2129 3807 2342 3858 traxerit

1336 3886 1652 3954 Alexander,
1666 3880 1734 3941 ab
1744 3887 1857 3940 aliis
1867 3883 2210 3958 scriptoribus
2220 3903 2346 3955 prod

1338 3965 1507 4020 ditum
1531 3979 1642 4032 est,
1668 3979 2017 4039 praeterquam
2043 3962 2189 4036 qnod
2212 3983 2340 4016 auc-⁶

1338 4058 1425 4098 tor
1451 4044 1630 4099 saeculi
1661 4048 1822 4112 noni,
1855 4047 2201 4108 Hine-marus,
2241 4047 2343 4096 Ar-

1337 4125 1711 4198 chiepisoopus
1721 4125 2053 4193 Rhemensiae,
2067 4128 2232 4199 Epist.
2258 4126 2337 4191 14,

1339 4204 1408 4258 ad
1447 4208 1696 4259 Procerus
1741 4208 1889 4275 regni
1910 4245 1925 4272 ,
1971 4205 2084 4257 haec
2125 4217 2336 4266 narrati

2004 4293 2055 4359 4.
