3200 5150
714 498 797 567 28
1178 492 1529 562 GEORG.
1579 495 1805 563 LUD.
1853 490 2336 565 SPALDING

702 625 1107 714 scriptorum
1146 623 1621 713 peritissimuS,
1665 624 2242 712 Bruggemannus,
2288 622 2403 713 qui
2451 644 2694 713 nuper,
2737 624 2809 689 in

706 730 1113 798 editionibus
1145 731 1612 796 Britannorum
1639 728 1863 797 studio
1891 730 2168 811 curatiS,
2199 727 2521 809 ostendit,
2557 747 2810 820 quanto

706 835 1052 902 intervallo
1080 852 1503 916 caeterorum,
1526 837 1644 925 qui
1667 835 1841 902 hanc
1870 854 2163 925 sportam
2192 852 2565 917 ornassent,
2593 836 2813 903 indus·

703 943 900 1007 triam
932 958 1084 1031 post
1116 965 1188 1008 se
1222 941 1656 1031 relinqueret.
1686 943 2256 1008 Commentarium
2282 941 2501 1008 adhuc
2529 941 2813 1031 diligen-

705 1048 1039 1113 tissimum
1064 1064 1131 1113 et
1153 1048 1684 1137 copiosissimum
1709 1046 1794 1113 ad
1823 1048 1954 1115 hoc
1978 1072 2147 1139 opus
2170 1050 2622 1139 composuisse
2644 1050 2810 1115 mihi

703 1152 982 1246 quidem
1004 1151 1272 1219 videtur
1289 1153 1585 1244 Raphael
1607 1155 1879 1244 RegiuS,
1903 1157 2017 1247 qui
2031 1206 2049 1236 ,
2071 1158 2126 1222 si
2143 1156 2345 1223 Vallae
2365 1157 2571 1222 multa
2590 1154 2809 1222 suble-

704 1261 831 1348 git,
873 1282 1021 1350 quae
1055 1276 1155 1326 est
1192 1258 1377 1325 Badii
1414 1261 1710 1325 Ascensii
1749 1263 2117 1343 accusati0,
2156 1286 2362 1329 manu
2390 1263 2703 1352 ascriptas
2739 1263 2812 1328 in

703 1364 935 1432 codice
979 1388 1101 1432 suo
1139 1381 1329 1432 notas
1361 1366 1796 1432 Laurentinas
1823 1366 2157 1448 habentis,
2192 1367 2385 1434 nobis
2414 1385 2634 1434 tamen
2662 1391 2813 1435 auc-

705 1488 811 1536 tor
847 1493 1123 1538 suorum
1168 1470 1401 1537 haberi
1443 1469 1681 1552 debet,
1722 1474 2040 1563 quoniam
2081 1474 2421 1540 Laurentii
2455 1473 2659 1539 Vallae
2702 1472 2814 1539 illa

704 1594 1084 1643 commenta
1113 1594 1375 1644 aetatem
1403 1601 1540 1643 non
1572 1577 1892 1643 tulerunt.
1919 1580 2086 1644 Nam
2117 1578 2302 1670 quod
2323 1582 2580 1646 Veneta
2605 1578 2810 1646 editio

700 1686 723 1767 (
750 1708 771 1746 1
788 1687 950 1773 494)
975 1683 1169 1748 titulo
1195 1683 1524 1772 promittit
1541 1682 1798 1749 Vallam
1824 1684 2325 1750 Institutionum
2350 1685 2588 1751 harum
2617 1686 2813 1750 inter-

700 1806 991 1880 pretem,
1032 1790 1175 1881 ejus
1212 1805 1418 1871 notae,
1460 1806 1537 1855 ut
1573 1806 1805 1855 monet
1844 1791 2043 1855 etiam
2078 1792 2396 1857 Ernestus
2431 1792 2595 1857 Bibl.
2631 1794 2807 1875 Lat„

699 1921 768 1986 p.
798 1896 956 1985 269,
996 1895 1168 1961 ultra
1197 1893 1567 1961 secundum
1597 1894 1846 1960 librum
1879 1919 2016 1960 non
2045 1897 2450 1985 pertingunt.
2485 1895 2810 1962 Eamdem

700 2026 862 2069 vero
900 2024 1045 2067 esse
1085 2002 1366 2090 primam
1390 2001 1596 2066 vallae
1631 2001 1699 2065 in
1731 1999 1857 2068 hac
1892 1999 2185 2066 editione
2218 2019 2476 2081 notam,
2518 2018 2584 2067 et
2619 2002 2808 2090 Regii

702 2109 772 2174 in
798 2107 1273 2187 Locatelliana,
1298 2105 1482 2197 quod
1502 2124 1727 2172 narrat
1751 2106 1929 2171 idem
1954 2108 2301 2188 Ernestus,
2334 2106 2646 2196 equidem
2668 2130 2809 2171 non

698 2216 984 2304 reperio.
1026 2213 1156 2281 Sed
1184 2213 1548 2279 rectissime
1576 2212 2043 2278 animadvertit
2072 2215 2487 2279 Burmannus
2516 2214 2584 2277 in
2616 2215 2804 2302 praef.
2841 2216 2849 2225 '

694 2351 735 2382 α
761 2321 969 2387 multa
1004 2321 1285 2409 Regium
1313 2318 1707 2399 emendare,
1739 2341 1889 2409 quae
1913 2321 2054 2383 VV.
2082 2322 2226 2385 DD.
2253 2321 2321 2385 in
2353 2318 2538 2384 ltalia
2565 2318 2634 2382 in
2659 2318 2806 2409 ipso

698 2428 928 2517 Poggii
973 2425 1253 2506 Codice,
1303 2422 1458 2492 satis
1496 2426 1770 2506 vitios0,
1802 2425 1944 2516 jam
1979 2424 2301 2492 mutanda
2343 2426 2741 2493 censuerint.
2771 2454 2800 2486 n

701 2535 797 2601 Ex
826 2533 1036 2622 Regio
1067 2531 1384 2622 deinceps
1414 2531 1703 2598 editores
1734 2530 1951 2613 Fabii,
1980 2533 2387 2623 quicumque
2418 2529 2671 2623 aliquid
2702 2554 2809 2597 ex·

699 2639 1074 2730 plicationis
1110 2637 1536 2729 adjecerunt,
1583 2639 1725 2703 fere
1761 2637 2095 2727 pendent3
2133 2640 2416 2704 maxime
2448 2636 2806 2704 Turnebus

698 2747 839 2827 ille,
871 2763 946 2811 ut
969 2745 1115 2811 vult
1137 2743 1397 2825 audire,
1425 2745 1615 2838 cujus
1640 2769 1887 2811 nomen
1909 2768 2052 2811 esse
2073 2744 2379 2811 fictitium
2402 2746 2555 2810 satis
2579 2745 2804 2834 cogni·

699 2869 844 2917 tum
881 2868 981 2916 est
1018 2850 1435 2931 testimonio,
1471 2848 1657 2941 quod
1691 2852 1759 2915 in
1792 2850 2179 2940 praefatione
2211 2851 2521 2940 apposuit
2552 2851 2804 2939 Cappe-

697 2958 1050 3024 ronnerius
1074 2981 1141 3047 p.
1168 2960 1291 3037 VI,
1317 2957 1549 3024 Jacobi
1574 2958 1905 3038 Mentelii‚
1932 2955 2176 3022 medici
2203 2957 2581 3023 parisiensis
2605 2959 2807 3041 (mor-

696 3064 795 3129 tui
830 3063 1060 3153 1690),
1083 3065 1197 3130 cui
1226 3065 1463 3130 similia
1491 3063 1718 3153 prodit
1744 3079 1979 3129 manus
2006 3064 2276 3153 antiqua
2293 3112 2311 3143 ,
2338 3064 2474 3128 visa
2504 3065 2803 3129 Gesnero

696 3169 766 3234 in
788 3169 1093 3258 exemplo
1108 3167 1351 3234 horum
1377 3170 2052 3249 Commentariorum,
2075 3169 2516 3258 prostantium
2543 3169 2802 3235 Parisiis

703 3298 725 3340 ι
742 3274 889 3363 756.
916 3276 1280 3340 Narrantur
1306 3276 1486 3340 enim
1510 3274 1714 3341 iidem
1745 3299 1934 3363 paene
1958 3275 2042 3339 ad
2066 3274 2347 3340 verbum
2374 3297 2410 3338 e
2437 3272 2799 3342 Philandro

692 3402 838 3446 esse
862 3381 1257 3469 transcripti.
1294 3381 1509 3471 Hujus
1540 3380 1816 3471 quidem
1844 3382 2049 3470 ipsius
2082 3379 2412 3448 Philandri
2438 3398 2627 3448 notas
2654 3380 2803 3447 bre-

692 3507 843 3566 ves,
874 3508 1024 3574 quae
1067 3503 1223 3552 sunt
1258 3487 1536 3551 seorsim
1579 3484 1806 3566 editae,
1851 3503 2158 3551 narrante
2201 3488 2486 3553 Ernesto
2525 3487 2593 3554 in
2633 3486 2799 3553 Bibl.

694 3594 868 3670 Lat.,
900 3614 965 3680 p.
997 3613 1143 3681 271,
1176 3592 1518 3680 Lugduni,
1562 3590 1760 3671 1535,
1790 3593 1852 3658 8.
1879 3592 2206 3681 inspicere
2231 3592 2394 3657 mihi
2425 3616 2559 3658 non
2590 3594 2800 3658 conti-

693 3698 815 3786 git,
844 3713 917 3762 ut
936 3697 1240 3788 judicare
1265 3721 1559 3786 possem,
1586 3722 1670 3763 an
1697 3698 1860 3763 nihil
1890 3698 2241 3765 differrent
2260 3700 2800 3788 castigationibus

693 3801 992 3895 ejusdem
1011 3855 1028 3885 ,
1060 3828 1210 3896 quae
1239 3823 1628 3894 comparent
1655 3805 1722 3872 in
1751 3805 2231 3872 Basileensibus
2263 3806 2447 3870 meiS.
2487 3805 2654 3874 Sunt
2682 3831 2798 3872 au·

695 3926 828 3975 tem
878 3911 1020 4002 ejus
1065 3910 1673 3978 animadversiones
1719 3913 2023 4003 profecto
2071 3935 2204 3977 non
2261 3912 2648 4000 proletariae.
2698 3916 2797 3980 Ne

691 4017 962 4082 Antonii
1006 4015 1282 4107 quidem
1328 4018 1469 4083 Pini
1521 4020 2074 4085 commentarium
2119 4019 2188 4082 in
2235 4018 2478 4083 librum
2525 4020 2797 4085 tertium

693 4145 1013 4215 usurpare
1049 4123 1240 4214 potui
1278 4125 1644 4216 integrum,
1684 4125 2000 4220 quoniam
2035 4127 2449 4194 Burmannus
2490 4148 2628 4194 non
2666 4126 2796 4197 nisi

3185 424 3186 447 Η
3147 0 3187 339 φης’-
