3200 5150
844 549 927 599 υ
1311 526 1665 595 GEORG.
1715 520 1934 592 LUD.
1983 526 2463 599 SPALDING

841 665 1028 742 ganne
1052 651 1120 716 in
1140 646 1412 717 Bavaria
1432 649 1595 716 Cod.
1623 649 1902 716 membr.
1927 651 2155 734 Quint.
2181 652 2338 719 Saec.
2366 654 2542 734 XIV,
2571 652 2684 719 fol.
2708 677 2937 745 parvo,

940 760 1032 823 Ex
1068 757 1310 848 insigni
1348 755 1752 839 editionum,
1785 780 1934 849 quae
1971 758 2161 825 factae
2200 760 2356 825 sunt
2390 760 2728 850 scriptoris
2765 762 2940 842 mei,

842 862 1273 934 multitudine
1297 887 1431 930 non
1458 862 2027 931 contemnendum
2048 863 2324 931 adhibui
2346 889 2699 931 numerum
2719 888 2945 958 neque

845 970 1233 1078 poenitenda
1274 964 1594 1061 esempla.
1640 971 1945 1061 Principe
1982 970 2256 1063 quidem
2295 970 2627 1055 editione,
2659 994 2807 1064 quae
2848 990 2950 1038 est

847 1079 1201 1168 Campani,
1249 1094 1475 1146 curata
1519 1081 1783 1159 Romae,
1825 1100 2003 1145 anno
2043 1079 2543 1160 MCGCCLXX,
2584 1080 2833 1169 pariter
2868 1102 2948 1147 ac

851 1180 1146 1252 secunda
1162 1182 1510 1250 Andreana
1522 1236 1538 1264 ,
1558 1206 1904 1274 progressa
1919 1185 2027 1249 illa
2044 1183 2283 1251 eodem
2298 1208 2475 1251 anno
2488 1236 2503 1266 ,
2522 1186 2681 1250 item
2697 1186 2950 1266 Romae,

856 1314 939 1359 ex
975 1288 1244 1358 officina
1271 1291 1761 1357 Germanorum
1787 1294 2105 1357 Pannartz
2140 1308 2206 1357 et
2236 1291 2707 1383 Sweynheym,
2746 1291 2952 1357 carui.

853 1398 1368 1487 Campanianam
1394 1421 1603 1488 quum
1629 1399 2204 1487 Capperonnerius
2233 1397 2495 1465 Parisiis
2526 1421 2663 1463 non
2697 1394 2956 1462 inveni·

854 1520 992 1587 ret,
1027 1504 1543 1571 communicavit
1570 1528 1725 1570 cum
1756 1526 1837 1569 eo
1867 1505 2123 1594 aliquot
2153 1505 2455 1571 locorum
2489 1506 2631 1596 ejus
2664 1503 2959 1571 collatio-

856 1632 1014 1677 nem
1038 1610 1359 1676 Metarius
1375 1660 1392 1690 ,
1417 1610 1533 1700 qui
1558 1611 1717 1675 etin
1743 1609 2036 1700 Epistola
2063 1610 2147 1676 ad
2178 1611 2508 1678 Clericum
2533 1610 2619 1677 de
2644 1628 2805 1676 antt.
2825 1610 2954 1694 Qu.

857 1715 1032 1783 Edd.
1055 1714 1362 1807 quaedam
1383 1717 1779 1783 Lectionum
1799 1717 2159 1807 specimina
2181 1717 2476 1800 exhibet,
2499 1733 2730 1817 nzsctus
2751 1739 2962 1782 exem-

860 1823 1051 1914 plum
1086 1822 1515 1888 vetustissimi
1553 1822 1707 1888 libri
1744 1847 1822 1889 ex
1854 1823 2258 1890 bibliotheca
2290 1824 2788 1890 Pembrokiana.
2825 1824 2964 1888 Nec

860 1929 1040 1996 ullus
1056 1945 1375 2018 praeterea
1400 1929 1619 1996 editor
1633 1929 1808 1997 hanc
1832 1930 2192 1997 editionem
2215 1954 2368 1997 cum
2392 1948 2574 1997 textu
2598 1928 2963 1996 contendit.

862 2037 1019 2102 Non
1053 2035 1147 2133 ita
1185 2035 1411 2102 multis
1453 2034 1698 2103 abhinc
1733 2040 1956 2118 annis,
1993 2061 2202 2129 quum
2244 2040 2312 2102 in
2355 2038 2527 2127 regis
2565 2036 2778 2103 nostri
2816 2034 2968 2100 aula

866 2157 1245 2208 versaretur
1267 2139 1687 2208 doctissimus
1712 2143 2125 2232 imperatoris
2149 2159 2371 2210 orator
2393 2142 2689 2209 Revitius
2714 2161 2969 2220 comeS,

869 2246 1068 2314 etiam
1089 2247 1378 2313 Berolini
1403 2263 1662 2337 poterat
1686 2249 1965 2338 spectari
1990 2248 2100 2316 hic
2123 2248 2311 2329 liber,
2340 2250 2657 2340 quoniam
2681 2242 2854 2313 inter
2873 2245 2977 2312 bi·

868 2353 1222 2421 bliothecae
1243 2354 1385 2444 ejus
1403 2354 1773 2422 lectissimae
1792 2355 2049 2421 cimelia
2069 2356 2470 2437 servabatur,
2491 2377 2638 2446 quae
2655 2376 2839 2418 nunc
2856 2355 2978 2418 Co·

870 2460 1106 2525 mitem
1130 2459 1539 2549 Spencerum
1561 2460 1767 2526 habet
1791 2460 2135 2528 dominum
2152 2513 2169 2543 ,
2196 2480 2271 2529 ut
2300 2461 2435 2529 duo
2466 2463 2534 2527 in
2560 2459 2771 2527 insula
2796 2476 2976 2525 vete-

872 2589 1026 2634 rum
1048 2565 1416 2633 litterarum
1441 2566 1921 2636 studiosissima
1942 2569 2142 2662 hujus
2172 2569 2481 2636 editionis
2508 2567 2805 2658 exempla
2829 2589 2977 2633 esse
3061 2625 3064 2630 .

874 2689 1167 2752 constet,
1200 2671 1363 2739 dum
1391 2676 1459 2739 in
1488 2675 1762 2765 reliquis
1790 2677 1980 2742 terris
2007 2700 2091 2742 ne
2116 2678 2231 2742 uni
2257 2675 2530 2768 quidem
2556 2674 2794 2740 editori
2823 2687 2982 2763 post

876 2782 1005 2848 tria
1035 2780 1274 2848 saecula
1301 2783 1503 2872 potiri
1533 2805 1611 2847 ea
1632 2781 1977 2873 contingit.
2012 2783 2433 2850 Andreanam
2462 2782 2796 2848 Gibsonus
2825 2803 2984 2846 con-

878 2888 1032 2954 tulit
1060 2904 1128 2953 et
1151 2890 1509 2978 excerpsit,
1540 2912 1763 2980 neque
1787 2907 2008 2955 tamen
2039 2912 2239 2957 omne
2266 2887 2621 2956 tractandae
2646 2888 2849 2977 ipsius
2875 2883 2988 2951 de·

880 2992 1201 3062 siderium
1244 2995 1504 3061 exemit.
1545 2996 1713 3079 Quae
1753 2993 2067 3084 deinceps
2106 2996 2319 3084 prima
2354 2993 2603 3085 prodiit
2640 2992 2983 3082 scriptoris

880 3100 1226 3190 repetitio,
1253 3101 1549 3168 Venetiis
1590 3123 1715 3190 per
1748 3104 1842 3166 M.
1881 3102 2228 3167 Nicolaum
2268 3102 2696 3178 Jensonium,
2740 3121 2814 3164 ea
2851 3100 2988 3187 pri·

882 3229 1067 3274 mum
1100 3229 1141 3272 a
1171 3207 1470 3273 Gesnero
1499 3230 1653 3273 cum
1678 3206 1943 3296 vulgato
1973 3223 2157 3272 textu
2185 3224 2559 3295 comparata
2577 3256 2594 3286 ,
2625 3204 2790 3271 mihi
2820 3227 2991 3294 quo·

884 3336 1021 3404 que
1049 3313 1428 3402 usurpanda
1453 3330 1584 3394 est,
1613 3335 1923 3380 concessa
1947 3312 2031 3378 ab
2059 3313 2374 3379 Heni-icio
2398 3315 2478 3377 V.
2505 3315 2576 3377 C.
2604 3313 2721 3402 qui
2748 3327 2992 3402 praeest

887 3418 1132 3485 scholae
1177 3421 1614 3509 Ruppinensi.
1662 3422 1885 3504 Quum
1930 3421 2105 3484 enim
2149 3418 2462 3485 undecim
2504 3417 2748 3484 abhinc
2796 3418 2992 3483 annis

885 3526 1114 3593 civitas
1141 3527 1265 3592 ista
1290 3526 1715 3593 acerbissimo
1739 3524 2050 3592 incendio
2078 3510 2504 3614 affligeretur,
2538 3525 2736 3591 etiam
2762 3523 2988 3591 schola

891 3632 1168 3723 ejusque
1206 3632 1488 3698 litterata
1522 3631 1821 3722 supellex
1857 3634 2047 3714 arsit,
2085 3634 2424 3723 coepitque
2462 3655 2633 3720 segre
2671 3629 2991 3718 deinceps

890 3736 1315 3825 popularium
1338 3754 1407 3802 et
1435 3753 1810 3803 exterorum
1834 3761 2103 3829 quoque
2128 3738 2469 3805 beneficiis
2496 3737 2773 3803 restitui.
2797 3739 2994 3802 Tunc

894 3842 1095 3932 igitur
1144 3867 1268 3934 per
1312 3844 1652 3910 tribunum
1701 3846 2056 3936 quemdam
2109 3846 2447 3935 legionum
2494 3846 2997 3910 Borussicaruru

894 3948 1065 4016 liber
1101 3949 1345 4017 scholae
1374 3952 1790 4041 Ruppinensi
1822 3953 1949 4018 fuit
1981 3954 2402 4041 impetratus,
2441 3951 2996 4042 pretiosissimum

894 4078 1140 4122 munus
1166 4056 1471 4123 monachi
1499 4055 1681 4124 docti
1705 4060 1772 4124 in
1798 4059 2181 4125 Franconia.
2203 4056 2633 4149 Splendidam
2657 4056 2829 4123 hanc
2854 4052 2995 4120 edi·

898 4164 1145 4230 tionem
1166 4215 1182 4245 ‚
1211 4162 1325 4231 sed
1351 4187 1388 4231 a
1413 4166 1711 4233 Gesnero
1731 4166 2006 4258 aliisque
2029 4167 2180 4234 satis
2204 4189 2537 4257 superque
2564 4163 2996 4254 descriptam,
