3200 5150
788 506 908 588 164

1346 500 1439 563 M.
1477 497 1705 562 FABII
1744 494 2301 580 QUINTILIANI

778 656 922 702 non
961 621 1327 698 invenitur.
1371 624 1516 693 Nec
1552 619 1945 719 plurimum
1986 619 2223 706 refert,
2272 612 2469 689 nulla
2501 614 2649 687 haec
2672 628 2732 704 ¹,
2783 642 2877 688 an

776 740 1096 843 praedura
1141 738 1311 825 sint3
1357 762 1526 808 nam
1563 733 1736 833 quid
1774 738 2129 833 proqenies
2160 730 2460 831 genitivo
2500 728 2836 829 singulari
2858 785 2880 820 ,

771 856 948 958 quid
972 852 1224 953 plurali
1245 878 1387 952 spes
1404 864 1434 895 ²
1460 848 1706 921 faciet?
1733 846 2115 939 Quomodo
2145 867 2381 919 autem
2411 850 2609 944 quire
2640 866 2707 917 et
2731 872 2879 917 rue-

777 997 850 1043 re
864 967 916 1057 ³,
961 966 1068 1039 vel
1110 966 1184 1037 in
1228 963 1563 1063 praeterita
1611 961 1921 1061 patiendi
1960 961 2210 1050 modo,
2263 959 2371 1032 vel
2412 959 2486 1030 in
2523 959 2884 1059 participia

776 1149 893 1183 cem
927 1125 1243 1180 anomaliam
1269 1124 1498 1177 voluisse
1533 1122 1782 1176 ostende·

776 1230 859 1277 re,
890 1227 992 1280 qua
1019 1220 1073 1260 et
1101 1208 1278 1258 statim
1307 1217 1576 1257 mutantur
1599 1203 1784 1257 flexio·

775 1308 903 1352 nes,
939 1300 1000 1338 ut
1032 1304 1063 1336 a
1086 1284 1209 1357 fero
1247 1284 1305 1335 fit
1342 1281 1471 1347 tuli,
1513 1295 1565 1334 et
1600 1295 1785 1333 carent

774 1366 935 1420 verba
972 1362 1287 1436 quibusdam
1319 1361 1530 1427 formi5‚
1559 1373 1619 1412 ut
1648 1359 1779 1426 tuli,

775 1451 929 1518 cujus
965 1444 1101 1497 ultra
1136 1444 1455 1515 praeteritum
1485 1441 1784 1512 perfectum

774 1524 980 1579 nullum
997 1537 1203 1594 tempus
1217 1524 1492 1574 invenitur.
1516 1523 1672 1594 &qus
1689 1522 1783 1591 igi-

775 1620 863 1657 tur
890 1603 958 1655 ad
985 1601 1158 1655 solum
1187 1599 1287 1651 tuli
1309 1612 1545 1670 spectat,
1574 1597 1642 1650 ad
1659 1599 1781 1670 fero

776 1702 887 1736 uon
909 1685 1052 1734 item.
1078 1683 1269 1731 Fateor
1290 1690 1468 1730 tamen
1491 1680 1661 1730 inesse
1690 1676 1783 1729 ali·

777 1780 937 1834 quam
964 1760 1265 1813 scabritiem
1293 1759 1531 1810 extremis
1566 1756 1668 1808 illis
1691 1778 1703 1808 ε
1733 1767 1786 1808 et

774 1841 991 1893 ulterius
1009 1857 1113 1889 non
1135 1837 1413 1889 invenitur.
1438 1835 1603 1904 Quod
1624 1834 1783 1907 hujus

772 1920 1044 1973 senteutiae
1064 1930 1145 1969 est
1162 1916 1461 1987 subjectum
1473 1917 1498 1966 ἶ
1509 1915 1692 1967 Malim
1707 1913 1788 1965 m'l

771 2020 874 2073 pro
895 2018 1020 2051 non.
1040 2001 1123 2050 An
1142 1996 1357 2049 ulterius
1374 2009 1454 2048 est
1472 2013 1668 2047 nomeu
1688 1993 1784 2059 ad,-

769 2080 1051 2152 jectivum‚
1074 2095 1185 2128 non
1209 2074 1515 2126 adverbium
1530 2076 1554 2124 ἰ’
1575 2072 1787 2147 Gedoy-

770 2176 877 2210 «nus
902 2154 1152 2209 vertendo
1178 2153 1434 2206 mutilavit
1456 2152 1652 2205 locum.

857 2253 899 2288 1.
925 2232 1148 2287 Nulla...
1175 2252 1246 2283 an
1266 2231 1523 2304 praedura.
1555 2231 1787 2285 Alienis·-

778 2316 908 2367 sima
936 2311 1040 2364 hoc
1069 2310 1191 2362 loco
1222 2323 1274 2362 et
1303 2309 1670 2362 molestissima
1704 2323 1784 2361 est

775 2394 924 2462 Regii
970 2390 1139 2458 κρίσις,
1179 2387 1330 2440 nulla
1369 2386 1439 2439 de
1476 2393 1783 2459 conjectura

775 2471 1028 2523 mutantis
1065 2470 1121 2518 in
1155 2465 1375 2531 mollia,
1411 2466 1558 2537 quod
1588 2466 1692 2538 legi
1727 2469 1783 2519 iu

775 2553 824 2603 ,V
827 2560 980 2603 encta
1003 2557 1179 2599 narrat
1202 2542 1349 2598 Gibs.
1374 2543 1630 2615 Equidem
1654 2563 1785 2599 ocu·

767 2629 842 2682 ⁵lis
870 2629 1000 2679 meis
1028 2624 1189 2678 credo
1204 2662 1223 2689 ‚
1251 2623 1376 2676 dare
1400 2642 1517 2675 eam
1538 2641 1662 2676 cum
1686 2643 1785 2678 οε-

778 2709 903 2759 teris
924 2702 1092 2756 nulla.
1108 2704 1233 2754 Nou
1245 2703 1421 2772 igitur,
1440 2702 1584 2773 quod
1599 2706 1673 2756 ait
1688 2705 1786 2756 Er-

776 2799 960 2840 nestus
993 2782 1123 2835 Bihl.
1157 2781 1359 2834 Fabric.
1388 2781 1500 2832 Lat.
1519 2819 1537 2848 ‚
1563 2781 1669 2836 vok
1708 2785 1786 2850 ΙΙ,

778 2884 834 2937 p.
873 2864 1002 2933 269,
1033 2879 1216 2913 omnes
1249 2862 1606 2912 correctiones
1638 2863 1788 2930 Regii

777 2947 984 2996 Veneta
1023 2941 1255 3012 recepit,
1284 2938 1432 3009 quod
1467 2957 1535 2990 ue
1574 2942 1630 2990 in
1673 2939 1786 2992 aliis

780 3020 995 3094 quidem
1033 3020 1166 3072 locis
1203 3017 1562 3070 animadverti.
1610 3020 1787 3087 Quare

775 3114 892 3154 tam
915 3102 1125 3153 inanem
1146 3098 1294 3167 Regii
1312 3111 1498 3148 notem
1521 3097 1788 3168 repetierit

777 3184 1060 3234 Burmann.
1075 3216 1092 3245 ‚
1117 3179 1208 3248 qui
1231 3190 1313 3229 sat
1333 3175 1524 3230 multas
1547 3176 1787 3248 ejusdem

779 3260 910 3314 alias
941 3258 1234 3330 suppressit
1248 3295 1265 3322 ‚
1297 3255 1457 3326 plane
1493 3274 1603 3309 non
1642 3274 1786 3308 asse-

782 3357 933 3410 quor.
958 3368 1032 3377 —
1052 3340 1113 3389 R.
1153 3354 1171 3388 1
1208 3350 1259 3386 et
1288 3336 1478 3401 Cum,
1508 3353 1578 3386 an
1603 3334 1783 3407 plura.

779 3416 1005 3470 Videant
1028 3415 1209 3467 critici.
1240 3415 1332 3465 En.

856 3513 902 3547 2.
921 3496 1065 3565 Spes.
1094 3495 1310 3545 Jenson.
1341 3494 1523 3544 Locat.
1549 3506 1601 3545 et
1624 3495 1781 3547 Rusc.

779 3574 963 3647 species
974 3609 990 3636 ,
1008 3590 1166 3642 quem
1179 3570 1369 3623 Badius
1384 3585 1534 3642 putat
1553 3591 1785 3626 errorem

779 3650 1099 3726 typographi
1113 3688 1132 3716 ,
1155 3650 1248 3702 sed
1273 3650 1504 3703 ostendit
1526 3665 1654 3705 nota
1678 3655 1784 3705 Re-

771 3735 852 3803 gii
879 3749 999 3782 vere
1025 3731 1099 3781 ita
1126 3728 1324 3784 lectum
1354 3748 1502 3796 esse,
1532 3734 1784 3801 quoniam

778 3810 962 3866 locum
989 3811 1095 3862 Cic.
1127 3810 1295 3861 affert.
1326 3839 1399 3852 -
1425 3809 1635 3861 Pluralt'
1657 3829 1780 3882 spes.

778 3893 862 3945 De
896 3909 1029 3942 voce
1061 3889 1216 3944 simili
1244 3890 1428 3961 species
1458 3889 1643 3941 eadem
1675 3890 1783 3943 fere

781 3971 910 4022 dicit
936 3971 1044 4022 Cic.
1074 3971 1260 4040 Topic.
1279 4007 1297 4034 ,
1328 3987 1376 4021 c.
1409 3987 1457 4039 7.
1487 3972 1675 4041 Neque
1706 3984 1787 4023 ta-

775 4067 905 4102 men
928 4061 1272 4111 necesse‘est,
1298 4061 1358 4099 ut
1381 4067 1446 4100 eo
1470 4051 1783 4120 respexerit,

779 4139 836 4184 et
849 4130 962 4198 ipse
979 4144 1192 4198 quoque
1205 4125 1274 4177 de
1282 4144 1412 4178 voce
1426 4127 1611 4198 species
1623 4129 1785 4198 egerit

773 4208 886 4278 ‚Qu-
907 4205 1106 4262 Charis.
1118 4242 1138 4272 ‚
1159 4225 1213 4278 p.
1233 4204 1447 4257 Putsch.
1477 4206 1567 4273 18,
1587 4220 1643 4259 et
1656 4207 1783 4278 Diog-

1870 1122 2009 1176 med.
2024 1161 2041 1189 ‚
2063 1142 2118 1194 p.
2144 1123 2266 1190 281,
2292 1121 2600 1188 observant,
2622 1120 2881 1173 feminina

1872 1206 2067 1275 quinne
2076 1202 2444 1255 declinationis
2457 1204 2513 1255 in
2525 1202 2756 1272 genitivo
2766 1200 2883 1272 plu·

1871 1284 1967 1336 ruli
2001 1302 2179 1336 carere
2211 1282 2384 1336 littera
2417 1302 2446 1334 r
2474 1296 2527 1335 et
2557 1282 2732 1334 facere
2767 1300 2885 1353 spe·-

1872 1362 2067 1430 cieum,
2088 1376 2186 1416 etc.
2201 1401 2217 1429 ‚
2238 1362 2677 1415 consuetudinem
2700 1375 2879 1414 tamen

1872 1441 2058 1494 efferre
2075 1442 2373 1513 specierum.
2396 1439 2532 1494 Illud
2550 1439 2696 1514 apud
2715 1443 2882 1513 serip-

1873 1534 2013 1574 tores
2035 1523 2120 1574 vix
2144 1523 2397 1575 invenias,

1944 1599 1995 1653 3.
2025 1600 2181 1670 Quire
2203 1610 2253 1651 et
2276 1619 2435 1652 ruere.
2460 1601 2538 1651 Ita
2560 1597 2733 1651 Guelf.
2758 1616 2883 1650 cum

1871 1681 2059 1752 majori
2092 1679 2260 1733 codd.
2298 1694 2466 1753 perte.
2500 1679 2674 1731 Habet
2705 1692 2879 1732 tamen

1872 1760 2029 1811 etiam
2047 1762 2201 1811 Voss.
2231 1777 2258 1811 α
2286 1772 2339 1812 et
2359 1758 2519 1811 Goth.
2546 1771 2604 1810 ut
2630 1771 2683 1810 et
2703 1756 2881 1830 plera-

1873 1855 2096 1908 rumque
2124 1837 2245 1890 edd.
2268 1850 2394 1890 vett.
2422 1839 2681 1908 scriptura
2696 1874 2714 1901 ‚
2736 1836 2884 1908 quire

1873 1928 1926 1968 et
1944 1917 2043 1982 ire,
2066 1935 2174 1988 quo
2195 1936 2249 1969 se
2268 1915 2620 1969 commendet.
2647 1917 2722 1968 Ea
2740 1916 2882 1966 enim

1876 1994 2048 2048 solent
2084 1998 2240 2049 etiam
2276 2014 2309 2048 a
2343 1994 2673 2047 Putschianis
2704 2011 2881 2065 gram·

1874 2079 2077 2129 maticis
2096 2080 2249 2149 jungi
2265 2077 2424 2130 verba
2437 2116 2453 2146 ‚
2475 2095 2639 2149 quum
2658 2077 2881 2148 exponi-

1874 2168 1961 2206 tur
1983 2173 2167 2207 eorum
2191 2155 2470 2208 anomalia.
2496 2157 2561 2208 Et
2585 2155 2694 2208 iens
2713 2156 2881 2226 parti-

1873 2235 2072 2305 cipium
2095 2247 2305 2306 poterat
2326 2233 2591 2304 designari
2614 2252 2644 2285 a
2667 2234 2881 2302 Quinti-

1872 2310 2015 2364 liano
2028 2351 2044 2379 ‚
2062 2313 2208 2384 quod
2226 2316 2445 2366 inveniri
2468 2326 2627 2383 negat
2648 2311 2851 2364 Phocas
2865 2350 2884 2379 ,

1871 2409 1927 2462 p.
1953 2390 2166 2443 Putsch.
2202 2409 2367 2463 17193
2394 2390 2486 2444 sed
2510 2392 2806 2444 afferuntur
2826 2394 2884 2442 in

1873 2472 2196 2523 contrarium
2221 2470 2456 2543 exempla
2480 2472 2645 2542 ipsius
2669 2471 2885 2523 Cicero—

1872 2550 1970 2602 nis.
2007 2549 2207 2603 Pendet
2238 2563 2415 2603 tamen
2445 2548 2558 2602 haec
2591 2548 2884 2622 disputatio

1873 2632 2031 2682 etiam
2067 2630 2190 2683 inde
2205 2669 2222 2697 ‚
2257 2645 2437 2684 utrum
2469 2630 2742 2704 praeferas,
2780 2648 2884 2701 pa·

1872 2708 2037 2759 fiendi
2073 2727 2142 2761 an
2165 2709 2410 2783 faciendi
2442 2707 2622 2760 modo.
2657 2710 2795 2761 Nam
2829 2721 2886 2761 et

1872 2784 1979 2838 hoc
2010 2800 2091 2840 est
2120 2790 2176 2840 in
2211 2787 2529 2859 quibusdam
2556 2787 2676 2840 edd.
2707 2786 2883 2859 (qua-

1873 2883 1992 2916 rum
2022 2878 2104 2919 est
2135 2879 2188 2918 et
2213 2866 2412 2939 Gryph.
2454 2866 2637 2938 1544),
2668 2869 2724 2919 in
2746 2866 2881 2920 cod.

1876 2943 2116 3014 quidem,
2132 2944 2281 3016 quod
2300 2945 2682 3011 scinm‚nullo;
2706 2965 2881 3018 neque

1873 3041 1997 3076 vera
2018 3041 2343 3096 magnopere
2359 3024 2565 3077 videtur
2580 3024 2693 3077 haec
2715 3029 2884 3098 scrip-

1875 3114 1993 3153 tura
2003 3139 2020 3168 ,
2035 3102 2129 3155 sed
2142 3116 2326 3174 posset
2342 3115 2454 3155 tum
2466 3102 2691 3174 intelligi
2704 3104 2856 3177 quivi
2864 3143 2882 3170 ,

1876 3194 1929 3232 et
1948 3181 2072 3246 iens,
2095 3200 2322 3252 quorum
2336 3185 2483 3255 prius
2498 3185 2658 3235 etiam
2672 3202 2701 3236 a
2713 3202 2885 3255 gram·
2916 3197 2923 3205 '

1873 3261 2079 3314 maticie
2100 3274 2435 3314 memoratur.
2452 3265 2706 3314 Praeterea
2722 3266 2884 3334 quaeri

1873 3351 2080 3410 potest,
2097 3352 2273 3391 utrum
2292 3341 2396 3408 Qu.
2417 3339 2644 3392 voluerit
2661 3340 2887 3412 intelligi

1874 3417 1942 3470 de
1978 3419 2042 3476 iis
2078 3417 2422 3486 flexionibus,
2452 3437 2567 3490 quae
2599 3418 2765 3474 nulloe
2795 3438 2885 3472 es·

1874 3509 2024 3562 seut,
2055 3513 2125 3548 an
2157 3493 2223 3548 de
2255 3498 2349 3563 iis,
2383 3515 2498 3567 quae
2526 3497 2797 3570 pnedm.
2827 3499 2884 3552 Si

1873 3576 2013 3626 enim
2028 3575 2357 3646 ‚posteriores
2380 3574 2543 3627 modo
2563 3574 2885 3646 designavit,

1871 3672 1985 3706 non
2020 3666 2100 3706 est
2136 3652 2282 3725 quod
2314 3656 2564 3706 miremur
2595 3658 2755 3708 etism
2785 3654 2882 3708 has

1870 3735 2014 3805 ipsas
2041 3734 2238 3785 formas
2254 3771 2272 3799 ‚
2296 3751 2428 3804 ques
2452 3733 2720 3805 improbet
2742 3736 2848 3803 Qu.
2864 3772 2881 3802 ‚

1873 3812 2019 3885 apud
2042 3814 2300 3885 quosdam
2330 3816 2614 3885 scriptores
2642 3815 2878 3866 inveniri.

1873 3894 2023 3944 -Β,
2058 3894 2368 3965 2‚quireet
2394 3893 2481 3946 ire.
2508 3896 2601 3947 En.
2626 3922 2699 3934 --
2724 3894 2881 3964 Quis-e

1873 3980 1926 4021 et
1949 3988 2105 4022 ruere.
2131 3971 2577 4026 verisimillimum
2601 3986 2682 4025 est
2696 4010 2713 4038 ‚
2736 3974 2876 4042 cogi·

1874 4062 2013 4102 tasse
2040 4051 2426 4119 Quintilianum
2452 4052 2521 4105 de
2553 4055 2665 4105 istis
2688 4074 2701 4103 :
2735 4062 2879 4104 runis

1870 4146 1983 4181 sum
2001 4141 2053 4181 et
2066 4130 2264 4201 quiens,
2283 4148 2398 4201 quie
2410 4133 2495 4184 vix
2512 4143 2735 4202 possent
2752 4130 2872 4183 diei.

1870 4208 1983 4261 Etsi
2001 4209 2206 4279 quitum
2230 4211 2388 4264 etiam
2409 4211 2587 4284 potuit
2606 4222 2876 4280 tamquam
