3200 5150
753 515 863 580 xiv
1547 506 2067 607 PRAEFA‘rlo.

732 659 937 733 wopa
971 649 1221 707 nostra
1264 636 1595 706 virorum
1619 692 1638 724 ,
1685 634 1937 706 laudes
1975 649 2212 731 atque·
2234 626 2566 701 favorem
2598 629 2862 701 merito

750 767 1189 822 consecutus
1203 754 1314 821 sit.
1334 751 1582 849 Hujus
1605 754 1827 849 igitur
1848 749 2472 821 commentarium
2490 748 2863 843 integrum

750 864 1053 954 damus3
1099 868 1471 963 integrum
1510 864 1865 951 dicimus,
1897 867 2072 963 quia
2109 858 2297 932 nihil
2336 885 2422 931 ex
2459 884 2547 930 eo
2582 858 2865 931 detrac-

748 996 914 1051 tum
942 997 1082 1068 est,
1116 979 1307 1051 nihil
1336 996 1746 1069 mutatum,
1781 978 2031 1079 quoad
2063 976 2285 1049 verba
2314 992 2383 1046 et
2409 1000 2735 1047 sensum:
2771 974 2863 1046 de

734 1078 991 1166 'forma
1018 1119 1173 1166 non
1200 1098 1412 1183 item3
1444 1094 1717 1167 scilicet
1744 1096 1835 1167 G.
1868 1098 1948 1166 L.
1982 1095 2493 1178 SPALmNG,=ut
2519 1094 2673 1189 ipse
2698 1115 2861 1189 pro-

730 1208 975 1281 ·fessus
1004 1225 1107 1280 est
1136 1214 1213 1281 in
1240 1209 1520 1282 Praefat.
1553 1209 1779 1299 infra,
1811 1236 1883 1307 p.
1915 1209 1954 1280 3
1973 1266 1993 1300 ,
2028 1223 2290 1281 secutus
2313 1206 2860 1278 doctissimorum

728 1323 1193 1425 :popularium
1234 1316 1663 1425 exemplum,
1706 1329 1988 1398 secrevit
2027 1325 2276 1394 diversi
2311 1327 2580 1421 ρεπεν-ῖς
2625 1336 2823 1392 notas
2834 1351 2862 1405 ,-

747 1440 823 1511 id
874 1456 1013 1527 est,
1059 1445 1366 1527 criticas,
1417 1440 1689 1540 quibus
1730 1443 2050 1513 auctoris
2088 1455 2334 1510 textus
2378 1437 2472 1509 ad
2511 1436 2747 1509 Codd.
2795 1453 2864 1507 et

744 1553 914 1626 edd.
959 1553 1184 1625 fidem
1224 1555 1764 1643 emendaretur,
1803 1558 1939 1653 ipsi
1977 1558 2200 1625 textui
2238 1552 2586 1651 subjecit,
2622 1550 2865 1648 longis

743 1666 957 1741 lineis
1007 1674 1364 1768 expositas
1392 1726 1411 1758 ,
1464 1696 1758 1743 necnon
1822 1669 2261 1742 minusculis
2317 1667 2861 1740 characteribus

743 1809 1076 1874 excusas3
1115 1802 1323 1858 notas
1357 1803 1605 1857 autem
1641 1791 2056 1885 exeqeticas‚
2094 1811 2262 1884 quae
2287 1785 2380 1856 ad
2410 1784 2857 1882 explanatio-

746 1926 919 1972 nem
948 1926 1201 1972 sensus
1232 1905 1636 1998 pertinent,
1677 1901 1768 1973 de
1796 1926 2006 1973 more
2038 1905 2381 1997 antiquo,
2414 1900 2704 1972 duabus
2739 1905 2859 1971 in-

745 2014 981 2087 clusas
1027 2014 1435 2105 columniS,
1481 2016 1675 2089 infra
1720 2021 2000 2116 priores
2048 2033 2116 2088 et
2163 2020 2236 2088 in
2289 2016 2538 2089 eadem
2592 2021 2859 2115 pagina

728 2130 1138 2201 ordinavit.
1189 2132 1291 2201 Ita
1339 2157 1644 2230 quoque
1685 2131 2037 2231 Virgilius
2090 2149 2357 2202 nostrae
2401 2131 2857 2203 collectionis

744 2246 1148 2344 Heynianis
1187 2246 1637 2318 editionibus
1672 2246 2160 2345 obsequentis.
2202 2246 2341 2317 Sed
2377 2251 2579 2318 istius
2609 2245 2857 2343 dispo—

744 2365 1025 2433 sitionis
1055 2361 1569 2450 incommoda,
1606 2387 1698 2433 ne
1729 2361 1974 2432 dicam
2007 2364 2216 2449 vitia,
2246 2360 2853 2460 jampridemnos

746 2475 1210 2549 offenderant
1227 2533 1245 2565 ,
1260 2503 1614 2577 quorum,
1637 2482 1830 2548 inter
1847 2476 1990 2549 alia
2010 2481 2343 2575 graviora
2356 2534 2375 2565 ,
2395 2480 2855 2575 praecipuum

745 2593 943 2665 istud
977 2613 1116 2682 est,
1163 2593 1371 2690 quod
1415 2611 1608 2665 notae
1646 2620 1870 2693 quam
1909 2585 2290 2692 plurimae,
2335 2611 2496 2665 tum
2542 2597 2852 2682 criticae,

728 2727 905 2780 ‘tum
950 2712 1363 2808 exegeticae,
1402 2709 1497 2781 ad
1537 2709 1872 2781 eamdem
1922 2709 2379 2782 locutionem
2425 2707 2854 2781 revocandae

730 2841 815 2896 ¹et
834 2824 1055 2895 simul
1078 2823 1468 2897 lectoribus
1491 2825 2021 2924 proponendae,
2041 2825 2564 2925 disjungantur
2580 2841 2851 2914 tamen,

730 2958 963 3040 *atque
978 2945 1088 3013 ita
1121 2939 1263 3012 illis
1305 2939 1632 3011 laborem
1672 2958 2023 3039 augeant,
2062 2940 2264 3012 unde
2291 2939 2623 3012 molestia
2653 2938 2853 3011 mul-

729 3052 965 3151 ·tiplex
997 3068 1066 3125 et
1088 3052 1376 3125 fastidia
1406 3058 1764 3125 oriantur.
1798 3057 1945 3126 Has
1975 3082 2230 3127 omnes
2260 3054 2481 3126 simul
2511 3054 2850 3126 collectas

730 3170 995 3241 denuo
1026 3169 1278 3267 junxi,
1310 3188 1380 3241 et
1414 3168 1706 3242 duabus
1731 3170 2103 3243 columnis
2136 3176 2232 3242 ita
2262 3170 2642 3268 dispositas
2676 3195 2851 3242 con·

743 3290 1076 3371 cinnavi,
1113 3301 1197 3356 ut
1243 3290 1481 3381 prima
1525 3311 1691 3383 pars
1736 3303 1966 3374 notae,
2010 3310 2176 3385 quae
2220 3302 2373 3357 tota
2414 3290 2663 3357 critica
2702 3304 2847 3376 est,

726 3398 1181 3500 ‘praecederet
1217 3406 1650 3499 exegeticam
1674 3456 1692 3490 ,
1737 3401 2111 3500 interjecta
2153 3418 2442 3473 tantum
2475 3399 2615 3473 hac
2644 3401 2847 3473 brevi

740 3513 1014 3587 lineola
1050 3545 1182 3604 --;
1229 3515 1535 3604 deinde,
1581 3533 1663 3586 ut
1704 3515 1923 3587 altera
1967 3520 2584 3614 interpretationis
2631 3542 2844 3615 pars,

734 3655 909 3730 quae
937 3654 1193 3702 vocem
1222 3646 1456 3702 textus
1486 3657 2017 3730 quamcunque
2048 3649 2432 3730 spectaret,
2468 3632 2560 3703 ab
2590 3631 2846 3702 eadem

736 3750 1046 3844 pagina,
1093 3750 1173 3817 in
1208 3772 1372 3845 -qua
1422 3769 1563 3820 vox
1616 3752 1748 3817 ista
1800 3745 2090 3844 legitur,
2137 3771 2422 3844 semper
2468 3749 2844 3845 inciperet.

728 3863 1086 3933 ssPraeterea
1105 3917 1124 3948 ‚
1154 3887 1392 3960 quum
1428 3859 1519 3931 de
1548 3888 1756 3933 more
1784 3864 1986 3961 apud
2017 3863 2271 3933 doctos
2300 3861 2717 3936 Germaniae
2747 3865 2843 3931 vi-

736 4001 861 4049 ros
884 3994 1173 4075 recepto
1189 4032 1207 4064 ‚
1233 3975 1533 4048 nullum
1559 3982 1853 4077 signum
1872 4036 1890 4065 ,
1915 3976 2168 4050 nullus
2191 4004 2549 4049 numerus
2573 3975 2846 4048 indicet

728 4109 993 4164 ¹notam
1029 4109 1436 4163 cum’textu
1466 4094 1950 4183 concordem3
1984 4121 2372 4195 quumque
2404 4090 2590 4163 illud
2625 4118 2841 4190 grave

730 4207 1312 4280 incommodum
1337 4213 1568 4309 priori
1597 4212 1970 4304 additum,
2002 4210 2253 4284 lectori
2283 4209 2451 4282 talia
2478 4233 2666 4306 saepe
2687 4212 2844 4280 sine
