3200 5150
761 526 851 597 92

1335 504 1427 569 M.
1466 501 1697 588 FABII
1734 498 2292 589 QUINTILIANI

747 629 1035 730 positio,
1089 648 1169 700 ut
1208 644 1388 703 secat
1430 632 1675 715 secuit,
1731 628 1918 700 cadit
1955 596 2481 714 excidit‚'coedit
2520 626 2806 700 excidit¹
2831 682 2857 716 ,

747 744 973 817 calcat
1010 741 1366 816 exculcat:
1406 763 1474 814 et
1510 742 1606 815 sic
1645 769 1687 813 a
1720 740 2016 813 lavando
2055 739 2265 829 lotus,
2306 761 2374 813 et
2411 740 2574 813 inde
2615 764 2858 816 rursus

750 857 977 931 illotus
995 872 1061 947 ²,
1093 877 1161 930 et
1184 856 1376 929 mille
1402 855 1572 945 alia;
1618 855 1740 927 sed
1763 876 1830 927 et
1856 882 2013 955 quae
2043 855 2240 928 rectis
2269 881 2551 954 quoque
2582 855 2857 927 casibus

751 994 943 1051 aetate
971 972 1428 1046 transierunt:
1477 997 1646 1043 nam
1677 991 1755 1042 ut
1789 968 2043 1047 Valesii
2069 992 2138 1045 et
2163 973 2350 1042 Fusii
2369 967 2398 1013 ³
2433 970 2505 1041 in
2544 969 2858 1071 Valerios

748 1090 1130 1189 Furiosque
1173 1106 1550 1175 venerunt;
1594 1086 1689 1157 ita
1732 1083 1964 1172 arbos,
2016 1082 2231 1173 labos,
2283 1112 2495 1183 vapos
2538 1084 2749 1157 etiam
2793 1105 2862 1157 et

650 1224 713 1294 ¹4
751 1201 1007 1275 clamos
1038 1229 1117 1273 ac
1157 1198 1401 1288 lases4‚
1435 1200 1645 1273 aetatis
1676 1196 2032 1271 fuerunt5.
2072 1200 2161 1270 Et
2195 1198 2340 1271 haec
2375 1198 2524 1296 ipsa
2556 1199 2602 1270 S
2637 1190 2860 1271 littera

753 1318 842 1392 ab
876 1318 983 1391 his
1024 1318 1435 1392 nominibus
1476 1317 1800 1406 exclusa,.
1836 1314 1910 1388 in
1956 1314 2382 1415 quibusdam
2427 1312 2624 1416 ipsa⁶
2668 1313 2864 1388 alteri

831 1543 875 1580 1.
911 1526 1100 1589 Coedit,
1132 1526 1334 1579 excidit.
1364 1528 1632 1579 Posterius
1664 1543 1763 1597 pro

750 1605 935 1658 cecidit
952 1609 1157 1660 restitui
1177 1624 1240 1659 ex
1258 1620 1383 1659 vett.
1406 1606 1525 1659 edd.
1552 1620 1612 1659 ut
1635 1607 1761 1658 Loc.

753 1688 915 1738 Viart.
937 1690 1123 1739 Venet.
1158 1687 1320 1756 1494,
1345 1686 1463 1738 Ald.
1490 1686 1567 1757 (in
1586 1688 1765 1739 novis-

753 1767 884 1816 sima
928 1768 1134 1837 apicem
1153 1804 1170 1831 ‚
1212 1765 1581 1837 productionis
1622 1763 1764 1818 indi-

751 1862 868 1896 cem
908 1863 1069 1915 super
1103 1847 1121 1896 i
1157 1847 1212 1897 in
1247 1843 1463 1909 excidit,
1505 1863 1670 1916 quum
1708 1847 1764 1896 in

746 1925 927 1994 priore
950 1923 1144 1976 excidit
1159 1927 1510 1997 correptionis
1532 1938 1664 1977 nota
1686 1925 1766 1977 lit-

749 2018 872 2055 terae
900 2005 919 2056 i
947 2006 1013 2056 sit
1046 2005 1332 2076 inscripta,
1364 2014 1645 2077 perperam
1675 2022 1764 2057 ex-

748 2081 917 2132 cindit
949 2084 1324 2155 interpretatur
1354 2082 1569 2152 Burm.)
1598 2101 1763 2154 quum

747 2160 909 2214 Goth.
937 2160 1061 2231 (tac.
1083 2161 1268 2234 Gesn.)
1288 2174 1346 2212 ut
1365 2174 1418 2213 et
1434 2162 1610 2213 Guelf.
1633 2162 1762 2214 dent

747 2238 980 2305 excudit,
1015 2240 1160 2311 quod
1189 2260 1253 2293 ex
1283 2239 1596 2311 quibusdam
1627 2261 1762 2315 prae-

746 2333 893 2372 terea
923 2319 1093 2372 Codd.
1130 2334 1386 2372 memorat
1419 2323 1627 2384 Burm.;
1667 2320 1761 2373 sed

748 2412 803 2452 et
829 2402 1005 2472 ipsum
1033 2403 1288 2452 Nostrum
1314 2401 1505 2452 excidit
1531 2420 1594 2452 ex
1619 2400 1755 2453 Alm.

748 2478 1037 2547 Quomodo
1063 2478 1232 2530 Codd.
1265 2491 1317 2531 et
1342 2481 1559 2531 Jenson.
1593 2481 1760 2552 scrip-

745 2570 921 2610 turam
944 2556 1153 2610 excudit
1173 2577 1288 2611 esse
1313 2561 1567 2632 optimam
1589 2560 1761 2633 possit

749 2639 1009 2708 suspicari
1029 2638 1188 2689 Gesn.
1215 2656 1325 2690 non
1349 2653 1635 2709 assequor3
1664 2658 1761 2691 ue-

749 2734 855 2787 que
873 2719 1013 2768 enim
1031 2729 1164 2787 puto
1186 2734 1506 2787 quemquam
1518 2729 1761 2770 veterum

747 2793 995 2847 excudere
1015 2813 1049 2846 a
1071 2793 1313 2846 caedendo
1340 2794 1602 2849 derivasse
1617 2835 1634 2862 ‚
1665 2795 1761 2851 sed

752 2885 866 2926 erat
884 2890 1029 2924 error
1046 2871 1270 2938 librarii,
1293 2875 1383 2944 qui
1401 2873 1568 2926 nollet
1587 2873 1757 2941 idem,

750 2951 897 3022 quod
932 2950 1127 3018 modo,
1161 2950 1388 3005 scribere
1420 2952 1753 3005 vocabulum.

747 3032 808 3082 In
823 3029 927 3082 hac
936 3029 1150 3101 quidem
1158 3043 1339 3083 nostra
1355 3034 1615 3103 scriptura
1629 3049 1758 3085 non·

746 3112 851 3162 nisi
891 3128 1055 3163 unum
1098 3112 1404 3164 mutationis
1447 3129 1477 3162 a
1518 3111 1756 3164 declina-

747 3191 893 3242 tione
926 3203 1052 3242 ortae
1086 3189 1385 3262 exemplum
1419 3192 1757 3263 proponitur,

738 3287 913 3338 quum
945 3272 1043 3321 tria
1077 3269 1290 3321 alterius
1319 3287 1349 3319 a
1382 3271 1755 3340 praepositione

745 3361 1121 3419 compareant,
1173 3347 1269 3400 sed
1311 3345 1368 3400 id
1412 3349 1469 3400 in
1513 3361 1756 3400 neutram

742 3441 951 3500 partem
993 3441 1071 3480 est
1113 3440 1455 3480 momentum.
1490 3457 1563 3469 —
1596 3429 1759 3482 coedit

743 3508 948 3559 excidit.
979 3508 1058 3558 Ita
1086 3509 1145 3558 R.
1177 3525 1224 3559 2.
1250 3510 1320 3559 At
1345 3509 1407 3559 R.
1446 3524 1465 3560 1
1484 3545 1499 3574 ‚
1529 3508 1750 3560 excudit.

742 3589 905 3639 Cam».
936 3587 1199 3639 exscindit.
1230 3588 1348 3639 Cn».
1380 3587 1576 3640 cecidit.
1611 3591 1755 3641 Ana—

746 3666 889 3736 logia
925 3665 1080 3718 uobis
1116 3666 1387 3737 postulare
1422 3666 1630 3721 videtur
1664 3677 1757 3719 exi

668 3811 675 3816 υ
744 3745 898 3811 cidit,
928 3758 980 3796 et
1002 3749 1065 3797 V.
1092 3746 1149 3797 C.
1177 3747 1264 3818 Sp.
1297 3749 1626 3798 assentimur.
1657 3748 1748 3799 En.

819 3842 866 3878 2.
905 3825 1063 3877 Lotus
1101 3835 1153 3877 et
1191 3825 1312 3878 inde
1353 3843 1521 3879 rursus
1557 3825 1749 3879 illotus.

743 3909 988 3959 Fortasse
1011 3925 1110 3979 pro
1136 3903 1271 3960 lotus
1289 3910 1498 3980 scripsit
1514 3910 1621 3977 Qu.
1644 3906 1755 3959 lau·

743 3997 859 4050 tus,
896 4001 954 4040 ut
995 4006 1060 4040 eo
1101 3992 1274 4061 aptius
1315 3987 1507 4041 deinde
1552 3986 1753 4040 diceret

742 4067 864 4120 inde
906 4086 1075 4121 rursus
1115 4068 1306 4121 illotus.
1352 4070 1535 4121 Potest
1574 4081 1753 4123 tamen

742 4164 881 4199 nova
916 4148 1138 4199 mutatio
1181 4147 1394 4199 nonnisi
1429 4149 1485 4201 in
1522 4146 1544 4201 l
1577 4166 1677 4223 pro
1712 4167 1750 4202 n

742 4227 920 4296 posito
944 4228 1001 4281 in
1024 4224 1202 4280 illotm
1222 4227 1435 4281 versari.

1927 1522 1977 1574 3.
2026 1521 2223 1575 Fusii...
2266 1519 2561 1591 Furiosque.
2600 1515 2735 1571 Vide
2774 1519 2865 1571 Li·

1852 1601 1999 1653 vium
2022 1601 2124 1665 111,
2149 1599 2182 1666 4
2197 1638 2214 1664 ‚
2247 1617 2290 1651 1.

1926 1680 1977 1746 4.
2002 1679 2165 1731 Lases.
2189 1681 2247 1730 ln
2266 1677 2368 1729 hac
2386 1693 2546 1742 voce,
2568 1674 2697 1728 lares
2714 1693 2863 1746 seque

1850 1760 2025 1831 possis
2049 1759 2278 1828 cogitare
2295 1795 2312 1822 ‚
2337 1774 2398 1807 ac
2423 1755 2569 1820 laser,
2597 1756 2862 1826 posterius

1855 1837 2069 1909 quidem
2097 1835 2446 1889 verosimilius
2484 1834 2555 1886 ob
2587 1847 2776 1886 caetera
2804 1835 2862 1886 in

1854 1935 1883 1968 r
1905 1935 2047 1968 nunc
2072 1915 2383 1968 desinentia.
2420 1912 2523 1967 Sed
2555 1915 2781 1967 Scaurus
2803 1933 2858 1986 p.

1854 1994 2064 2048 Putsch.
2101 1994 2234 2048 2252
2255 2017 2267 2046 z
2306 2017 2328 2039 κ
2348 1996 2506 2046 Lares
2532 2010 2668 2064 quos
2691 1991 2860 2061 (anti-

1859 2097 1882 2120 ι
1903 2076 2018 2148 qui)
2040 2077 2199 2128 Lases
2219 2099 2242 2123 n
2259 2113 2275 2141 ‚
2301 2072 2448 2145 quod
2471 2086 2524 2125 et
2547 2076 2712 2124 Varro
2738 2090 2862 2124 con·

1851 2155 2024 2207 firmat
2047 2155 2116 2207 de
2137 2158 2194 2208 L.
2220 2156 2278 2207 L.
2305 2153 2396 2229 lily.
2421 2157 2488 2220 V,
2511 2173 2566 2225 p.
2594 2152 2678 2206 52.

1922 2233 1970 2288 5.
1990 2236 2068 2287 Ac
2083 2235 2234 2300 lases,
2256 2234 2420 2287 oetatis
2420 2234 2664 2306 fuerunt.
2680 2231 2855 2286 Guelf.

1848 2333 1947 2386 pro
1968 2313 2049 2368 his
2071 2314 2197 2367 lases
2212 2332 2274 2366 ac
2286 2314 2529 2386 finer-unt.
2547 2317 2702 2366 Voss.
2733 2330 2777 2379 ι,
2797 2313 2859 2380 3,

1850 2392 1977 2447 lases
2004 2404 2056 2446 et
2080 2395 2393 2466 assuerunt.
2420 2397 2560 2445 Vett.
2592 2392 2710 2445 edd.
2742 2391 2859 2464 pie·

1845 2492 2024 2546 raeque
2047 2494 2109 2527 ac
2132 2475 2258 2527 lases
2282 2475 2548 2526 omittunt.
2579 2473 2714 2525 Mihi
2741 2490 2858 2525 sus-

1850 2570 2065 2630 pectum
2101 2557 2295 2622 oetatis,
2327 2555 2474 2629 quod
2503 2556 2730 2628 conjicio
2763 2573 2857 2608 na—

1849 2653 1962 2690 tum
1991 2658 2055 2691 ex
2075 2639 2417 2692 insolentiore
2441 2655 2504 2688 ac
2527 2636 2683 2702 laseS,
2712 2635 2857 2708 quod

1850 2716 2000 2769 abest
2019 2735 2049 2768 a
2069 2730 2150 2769 tot
2168 2716 2288 2769 edd.
2306 2731 2364 2786 ut
2381 2729 2433 2768 et
2447 2715 2615 2768 codd.
2631 2720 2785 2769 Voss.
2805 2734 2853 2768 a.

1848 2795 1984 2848 Alm.
2024 2795 2173 2848 Bodi.
2213 2798 2295 2849 Sic
2333 2815 2458 2848 mox
2493 2793 2715 2866 (§.15)
2756 2813 2853 2867 pro

1843 2877 2098 2942 Burrum,
2124 2874 2269 2947 quod
2295 2878 2572 2941 omittunt,
2596 2873 2727 2927 dant
2747 2876 2857 2945 qui-

1848 2952 1970 3006 dam
1994 2955 2113 3008 libri
2132 2956 2434 3028 proprium,
2458 2968 2517 3008 ut
2535 2956 2741 3021 notius,
2760 2952 2854 3006 sed

1847 3031 2078 3106 alienum
2093 3071 2110 3100 ‚
2149 3033 2294 3105 quod
2336 3033 2527 3085 deinde
2571 3052 2692 3085 cum
2733 3050 2854 3085 vera

1847 3115 2105 3183 scriptura
2129 3113 2265 3165 male
2290 3114 2388 3163 fuit
2402 3115 2665 3184 junctum.
2687 3140 2759 3151 —
2776 3111 2854 3162 Ac

1843 3189 1987 3243 ‘lasea
2024 3193 2145 3243 Haec
2174 3191 2333 3243 verba
2367 3193 2560 3242 omittit
2594 3203 2646 3242 et
2673 3191 2849 3242 Turio.

1845 3270 1976 3323 Cod.
2003 3273 2175 3324 Sum.
2201 3274 2257 3322 in
2280 3271 2425 3322 Praef.
2444 3309 2461 3334 .,
2489 3290 2543 3343 p.
2572 3269 2657 3336 84.
2683 3298 2750 3311 —-
2775 3267 2857 3321 Ac

1847 3350 1987 3403 lases.
2023 3353 2146 3403 Haec
2177 3350 2336 3403 verba
2365 3353 2618 3403 omittunt
2644 3352 2706 3401 R.
2741 3367 2769 3403 2
2799 3361 2852 3401 et

1844 3432 2003 3484 Gnn».
2032 3433 2093 3483 R.
2129 3449 2146 3484 1
2182 3431 2376 3484 habet:
2407 3441 2564 3503 atque
2591 3429 2700 3501 ipsa
2730 3429 2853 3482 lases

1844 3529 1900 3562 as
1915 3510 2157 3581 fuerunt.
2188 3513 2280 3563 En.
2307 3539 2376 3550 -
2400 3509 2590 3561 AEtatis
2606 3507 2848 3579 fuerunt.

1843 3589 2086 3660 Explices
2097 3628 2115 3654 ,
2130 3607 2286 3659 suam
2298 3601 2502 3640 aetatem
2521 3587 2850 3653 habuerunt,

1843 3667 1936 3719 ubi
1959 3667 2274 3721 dicerentur.
2300 3669 2393 3720 Est
2417 3680 2593 3718 tamen
2615 3666 2848 3719 insolens

1843 3744 2062 3799 locutio.
2679 3743 2684 3748 ⁴

1914 3826 1964 3878 6.
1991 3827 2168 3897 Ipsa...
2195 3825 2320 3897 ipsa.
2347 3826 2520 3878 Possis
2539 3825 2716 3876 mirari
2734 3836 2851 3876 tan-

1843 3904 1957 3958 tulo
1982 3904 2255 3956 intervallo
2275 3905 2379 3973 Qu.
2400 3903 2482 3955 bis
2501 3903 2640 3956 hanc
2661 3919 2849 3956 vocem

1841 3986 2101 4055 posuisse.
2119 3985 2313 4037 Sensus
2335 3982 2548 4053 quidem
2561 4001 2672 4034 non
2688 3980 2849 4058 plane

1839 4063 1983 4117 idem
2010 4062 2310 4134 utrobique.
2339 4066 2487 4115 Prius
2516 4062 2720 4134 explica
2738 4099 2756 4127 ‚
2784 4060 2851 4114 de

1840 4162 1945 4216 qua
1964 4160 2104 4196 nunc
2126 4143 2355 4216 aqimus,
2379 4140 2573 4194 deinde
2599 4141 2843 4205 vicissim,

1840 4237 1900 4277 ut
1922 4237 2078 4281 antea
2099 4242 2130 4279 r
2148 4225 2198 4279 ei
2219 4233 2559 4279 successerat.
