3200 5150
772 473 900 562 296

1334 470 1429 534 Μ.
1470 467 1700 531 FABII
1736 462 2296 550 QUINTILIAM

762 592 1110 682 moribuS,
1136 590 1343 665 etiam
1373 591 1763 663 irascuntur
1785 586 2283 676 admonitioni,
2308 607 2378 658 et
2395 585 2580 659 taciti
2613 610 2874 686 repug-

762 729 977 781 nant:
1025 734 1152 779 nec
1198 705 1355 778 ideo
1399 727 1636 801 tamen
1676 704 1912 777 minus
1954 704 2113 776 vitia
2153 723 2386 803 aperte
2425 702 2872 801 coarguenda

686 837 721 905 4
761 845 943 896 sunt.
989 820 1337 894 Habenda
1374 821 1569 894 enim
1611 819 1780 894 ratio
1820 840 2259 906 caeterorum,
2294 817 2416 917 qui
2455 838 2640 890 recta
2678 843 2867 907 esse,

762 964 920 1038 quae
948 957 1328 1036 praeceptor
1354 961 1499 1008 non
1530 933 2032 1025 emendaverit,
2058 934 2366 1006 credent.
2400 935 2713 1033 Utraque
2748 959 2874 1003 au·-

762 1075 906 1126 tem
930 1050 1097 1123 ratio
1114 1064 1133 1096 ¹
1160 1051 1522 1124 miscenda
1540 1071 1673 1137 est,
1696 1050 1876 1122 etita
1899 1049 2285 1137 tractanda,
2306 1070 2383 1121 ut
2407 1048 2572 1146 ipsae
2599 1074 2872 1146 respos-

687 1183 721 1237 5
764 1166 1112 1240 tulabunt.
1153 1167 1478 1264 Namque
1517 1164 2017 1263 incipientibus
2054 1163 2287 1236 danda
2321 1163 2450 1235 erit
2479 1160 2670 1235 velut
2701 1188 2875 1261 prae-

761 1282 1057 1356 formata
1077 1291 1115 1356 ².
1136 1280 1425 1352 materia
1456 1279 1851 1352 secundum
1885 1278 2227 1379 cujusque
2259 1277 2456 1349 vires.
2491 1278 2618 1367 At,
2645 1303 2872 1375 quum

760 1394 920 1466 satis
954 1393 1428 1492 composuisse
1468 1413 1539 1466 s'e
1576 1395 1665 1466 ad
1704 1392 2110 1494 exemplum
2145 1391 2596 1480 videbuntur,
2640 1391 2878 1465 brevia

762 1506 1089 1607 quaedam
1137 1507 1683 1583 demonstranda
1727 1508 2049 1607 vestigia,
2093 1535 2250 1608 quae
2298 1506 2679 1606 persecuti,
2718 1505 2872 1606 jam

577 1719 589 1732 ,
689 1634 725 1687 6
762 1621 905 1694 suis
932 1622 1197 1695 viribus
1215 1622 1364 1696 sine
1388 1621 1822 1697 adminiculo
1849 1623 2171 1724 progredi
2206 1622 2490 1722 possint.
2518 1624 2876 1694 Nonnun-

762 1761 981 1837 quam
1010 1737 1196 1810 credi
1219 1739 1350 1812 sibi
1376 1736 1603 1838 ipsos³
1631 1739 2009 1839 oportebit,
2036 1766 2126 1811 ne
2157 1738 2343 1811 mala
2368 1736 2878 1810 consuetudine

763 1897 1125 1962 BurmannuS,
1154 1916 1263 1969 quo
1302 1901 1473 1952 minus
1506 1901 1773 1952 recentio-

764 1995 873 2027 rem
896 1991 947 2027 et
967 1978 1421 2047 Francogallicum
1440 1980 1551 2030 fere
1571 1979 1774 2049 signifi-

763 2068 941 2105 catum
964 2074 1311 2124 agnoscamus
1333 2059 1385 2108 in
1406 2057 1510 2108 hoc
1526 2056 1776 2109 vocabuli

764 2151 880 2184 usu.
904 2133 1038 2184 vide
1061 2153 1176 2204 quae
1200 2134 1425 2186 diximus
1445 2134 1582 2201 adl,
1609 2153 1634 2187 2
1649 2174 1666 2203 ,
1689 2151 1773 2188 2ο.

766 2215 969 2283 Neque„
996 2209 1171 2268 tamen
1208 2216 1469 2285 protinus,
1492 2215 1740 2266 vivacitas
1757 2251 1776 2276 ,

766 2295 862 2358 Vl,
887 2295 1108 2344 Prooem.
1138 2294 1198 2358 3,
1223 2292 1412 2346 eodem
1438 2308 1515 2360 est
1540 2294 1804 2368 intellec-u

765 2381 825 2422 tu
846 2371 1170 2442 accipienda.
1186 2374 1346 2439 Usus,
1363 2369 1531 2443 qualis
1547 2388 1626 2425 est
1641 2375 1780 2426 Nos-

768 2463 874 2514 ter,
914 2451 1170 2521 originem
1212 2450 1611 2522 deprehendere
1633 2452 1780 2511 'Jnihi

768 2526 950 2580 videor
977 2530 1032 2580 in
1060 2528 1182 2580 loco
1210 2529 1366 2583 Gellii
1388 2534 1453 2599 V,
1486 2531 1549 2599 2',
1578 2531 1780 2599 ‹le-Bu-

769 2606 995 2677 cephalo
1011 2645 1028 2671 ,
1072 2607 1162 2658 ubi
1209 2614 1376 2679 equus
1398 2647 1416 2675 ,
1455 2629 1779 2681 quamquam

767 2686 1158 2739 moribundus...
1197 2706 1373 2757 regem
1407 2687 1599 2742 dicitur
1635 2689 1781 2741 viva-

769 2764 967 2817 cissimo
987 2783 1143 2816 cursu
1162 2766 1421 2818 retulisse.
1447 2767 1783 2837 significatur

770 2861 954 2895 cursus
970 2882 989 2907 ,
1026 2844 1195 2914 qualis
1243 2847 1310 2897 sit
1354 2848 1635 2899 animantis
1675 2849 1781 2899 vita

768 2922 1059 2994 plenissimi
1070 2961 1087 2987 ,
1109 2923 1407 2976 oblitterata
1422 2924 1783 2978 diuturnitatis

771 3002 1174 3071 significatione,
1192 3021 1305 3073 quoe
1320 3003 1450 3056 aliae
1464 3004 1782 3076 plerumque

769 3081 1093 3150 intelligitur.
1119 3082 1319 3134 Gellius
1340 3082 1549 3154 aliquot
1570 3097 1784 3155 praeter·¹

770 3180 835 3213 ea
876 3160 1008 3212 locis
1045 3160 1369 3215 celeritatem
1405 3162 1782 3215 vivacissimam

771 3238 931 3304 dicit,
965 3251 1023 3290 ut
1055 3240 1171 3305 XV,
1206 3255 1302 3305 22,
1340 3241 1607 3294 «Cerva...
1634 3242 1781 3293 viva·

778 3341 801 3363 ιι
820 3319 1032 3371 cissimoe
1072 3317 1353 3371 celeritatis
1374 3342 1431 3382 η
1473 3334 1527 3373 et
1567 3323 1676 3387 IX,
1716 3320 1784 3388 4,

778 3419 802 3443 κ
822 3397 1152 3449 vivacissime
1165 3400 1508 3469 pernicitatis.
1524 3422 1550 3448 n
1569 3401 1717 3452 Sicut
1731 3413 1785 3453 et

770 3476 1020 3549 Appulei.
1050 3477 1276 3545 Florid.,
1303 3498 1356 3551 p.
1383 3479 1517 3531 Elm.
1544 3480 1679 3546 363,
1703 3479 1785 3532 υἰ-

772 3557 911 3608 vacis
940 3575 1089 3628 pern.
1120 3557 1296 3610 Simile
1331 3555 1460 3627 quid
1489 3560 1548 3610 L.
1582 3560 1784 3611 Seneca

773 3636 989 3689 consol.
1010 3635 1080 3688 ad
1098 3637 1379 3702 Marciam,
1398 3655 1446 3688 c.
1472 3636 1560 3702 26,
1585 3658 1610 3683 a
1627 3655 1786 3708 quam

778 3734 804 3761 α
824 3733 1018 3784 magno
1070 3728 1123 3767 et
1174 3732 1334 3785 quam
1384 3715 1553 3767 vivaci
1606 3718 1784 3769 animo

781 3815 804 3837 a
825 3794 1150 3865 scripsissem
1170 3816 1194 3841 ι
1210 3830 1229 3859 ,
1253 3811 1575 3865 quamquam
1601 3794 1678 3846 ibi
1707 3796 1786 3846 vi-

774 3891 876 3923 vax
903 3873 1154 3926 Cremutii
1181 3870 1342 3924 Cordi
1367 3873 1575 3925 animus
1605 3886 1786 3946 potest

776 3951 937 4003 videri
963 3953 1243 4024 oppositus
1266 3953 1433 4022 ipsius
1456 3952 1633 4004 morti.
1651 3955 1786 4005 Item

774 4028 918 4083 Flav.
942 4033 1205 4102 Vopiscus
1228 4031 1284 4081 in
1306 4030 1623 4097 Aureliano,
1646 4049 1694 4084 c.
1720 4031 1784 4100 4,

781 4128 803 4154 α
823 4127 853 4159 a
890 4111 1059 4182 prima
1092 4123 1245 4163 etate
1282 4110 1493 4183 inqenio
1528 4111 1786 4165 vivacissia

782 4208 804 4232 a
826 4205 938 4240 mus
958 4211 981 4235 ιο
994 4224 1014 4255 ,
1032 4188 1177 4258 quod
1196 4191 1437 4259 proxime
1456 4188 1525 4244 ad
1543 4204 1784 4245 nostrum

1865 1900 2042 1952 locum
2059 1896 2280 1952 accedit.
2297 1897 2656 1969 intelligemus
2676 1916 2803 1968 ergo
2825 1911 2878 1950 et

1863 1978 1987 2031 hic:
2028 1977 2335 2042 alam-iores,
2369 1977 2716 2030 animosiores.
2741 1976 2879 2030 Vide

1864 2059 2118 2111 Gronovii
2142 2058 2361 2110 Observ.
2389 2058 2490 2121 111,
2522 2056 2589 2123 4,
2616 2075 2670 2128 p.
2705 2055 2876 2108 Platn.

1866 2137 1969 2190 352
1987 2175 2005 2204 ,
2047 2139 2140 2208 qui
2185 2136 2327 2188 idem
2372 2134 2584 2207 probat.
2632 2135 2880 2187 Similiter

1851 2229 2170 2287 vergentem
2211 2214 2282 2268 ad
2323 2232 2480 2267 usum
2516 2213 2880 2284 Francogelli-

1868 2314 1990 2346 cum
2021 2313 2208 2346 vocem
2242 2293 2511 2363 legemus,
2544 2295 2645 2358 111,
2682 2293 2749 2358 8,
2775 2291 2882 2362 59,

1869 2373 1961 2425 ubi
1986 2396 2009 2419 κ
2030 2373 2197 2425 civilis
2214 2387 2266 2424 et
2284 2371 2548 2424 humanus
2567 2374 2836 2443 ingressus
2852 2394 2874 2419 ιι

1869 2454 2163 2526 opponitur
2193 2472 2218 2498 α
2240 2450 2558 2523 quiritando.
2579 2474 2603 2498 ιι
2638 2452 2723 2503 Sic
2745 2454 2881 2504 Rut-

1868 2551 2004 2603 gers.
2024 2536 2147 2586 Var.
2169 2530 2321 2597 lect.,
2345 2550 2400 2604 p.
2430 2529 2560 2597 234,
2584 2532 2638 2583 in
2662 2545 2882 2586 auctore

1867 2613 2004 2666 Dial.
2028 2611 2095 2664 de
2116 2613 2263 2664 corr.
2285 2610 2468 2680 Eloq.,
2493 2628 2540 2661 c.
2570 2627 2666 2679 29,
2694 2629 2721 2663 2
2739 2649 2756 2675 ,
2779 2629 2879 2682 pro

1869 2701 1920 2743 et
1955 2689 2180 2743 libertati
2213 2689 2397 2743 scribit
2433 2699 2496 2740 ut
2521 2688 2789 2740 vivat-imi
2818 2708 2883 2742 ex

1869 2782 2046 2821 vetere
2069 2767 2236 2834 libro,
2259 2766 2353 2820 ubi
2375 2766 2711 2820 inveniebat:
2735 2778 2790 2821 et
2810 2769 2882 2820 ba·-

1869 2848 2081 2900 bacitati
2093 2886 2111 2913 ‚
2155 2865 2267 2901 non
2311 2848 2498 2918 utique
2542 2849 2843 2900 necessario
2861 2886 2884 2913 ,

1869 2927 2142 2997 eleganter
2164 2941 2360 2980 tamen.

1948 3025 1968 3058 1
1981 3045 1993 3057 .
2019 3007 2304 3079 Utraque...
2323 3005 2720 3077 ratimllepetit,
2735 3002 2884 3076 quod

1869 3084 2034 3137 modo
2048 3123 2067 3151 ,
2092 3087 2138 3155 S.
2168 3103 2196 3136 2
2215 3124 2231 3152 ,
2253 3097 2595 3157 praeceperat.
2753 3108 2758 3112 ·

1947 3180 1994 3217 2.
2034 3163 2195 3216 Velut
2218 3162 2372 3236 proef.
2406 3161 2583 3215 Guelf.
2617 3159 2702 3213 vel
2726 3160 2883 3234 praef.

1869 3270 1944 3285 -—
1953 3242 2302 3315 Proeformata
2313 3240 2550 3294 materia.
2566 3239 2886 3312 Metaphorn

1872 3334 1953 3373 est
1994 3320 2155 3373 ducta
2196 3320 2266 3373 ab
2303 3319 2637 3386 architectis,
2673 3321 2766 3390 qui
2799 3318 2888 3372 vel

1871 3400 2196 3473 sct'oqmphia
2210 3398 2663 3472 ,·ichnoymphia,
2687 3397 2771 3451 vel
2797 3416 2886 3450 ov—

1871 3478 2187 3551 thoqraphia
2198 3497 2336 3552 opus
2349 3480 2706 3550 prason-mant.
2716 3480 2886 3530 Tuan.

1945 3558 1997 3612 3.
2016 3557 2126 3611 Sibi
2146 3558 2295 3629 ipsos.
2313 3556 2494 3611 Guelf.·
2509 3570 2562 3609 et
2574 3554 2735 3609 Goth.
2756 3555 2883 3626 (tac.

1873 3635 2068 3707 Gesn.)
2098 3636 2192 3689 sibi
2215 3654 2327 3701 eos,
2357 3649 2411 3688 et
2437 3635 2706 3708 pleraeque
2731 3635 2883 3688 editt.

1870 3716 2017 3787 Ipsos
2048 3715 2180 3770 Obr.
2217 3718 2396 3769 Burin.
2432 3716 2603 3787 Capp.
2636 3727 2691 3767 et
2720 3718 2885 3769 Gesn-

1872 3809 2190 3867 receperuns
2213 3815 2278 3848 ex
2300 3796 2438 3849 Alm.
2458 3795 2657 3867 (rur-ic.
2684 3795 2783 3866 ipsi
2803 3796 2886 3866 ip·

1871 3892 1975 3940 sos,
2001 3874 2171 3946 male)
2192 3875 2344 3929 Bodl.
2370 3889 2424 3928 et
2447 3875 2531 3928 ed.
2561 3874 2757 3942 Andr„
2783 3894 2884 3927 ne·-

1873 3973 1978 4026 que
2009 3969 2186 4008 tamen
2211 3956 2546 4018 necessari03
2580 3968 2634 4007 et
2666 3955 2886 4026 elegan-

1874 4035 1977 4085 tior
2010 4035 2119 4087 fere
2152 4034 2282 4087 mihi
2317 4033 2525 4086 videtur
2560 4037 2729 4097 ratio,
2767 4051 2886 4105 qu-

1873 4111 2005 4183 ipsos
2023 4113 2194 4181 istud,
2214 4113 2362 4186 quod
2378 4112 2536 4166 facile
2555 4113 2884 4184 intelligitur,

1873 4209 1983 4243 non
2008 4192 2143 4245 adeo
2162 4194 2411 4249 inculcat.
2425 4222 2500 4237 ·-·-
2514 4193 2686 4250 codd.
2702 4195 2812 4248 lm.
2835 4210 2884 4259 ι,
