3200 5150
737 510 1381 578 INSTITUTIONIS
1417 511 1672 578 ORAT.
1712 515 1872 580 LIB.
1914 520 1980 595 1,
2030 538 2125 585 io.

389 637 642 737 regalia
666 638 974 708 convivia
1005 635 1244 708 laudes
1274 636 1567 709 heroum
1600 665 1678 710 ac
1704 639 1996 714 deorum
2024 643 2111 714 ad
2140 644 2475 718 citharam

387 754 834 825 canebantur.
879 754 1079 849 Iopas
1107 778 1266 822 vero
1296 750 1409 823 ille
1441 753 1713 850 Virgilii
1741 769 1758 799 ¹
1800 783 2037 829 nonne
2071 759 2254 830 canit
2279 817 2296 847 ‚

2311 541 2468 587 '221

600 906 948 956 ...Errantem
970 904 1172 955 Lunam
1191 902 1233 967 '‚
1257 901 1498 973 Solisque
1520 902 1771 956 labores?
1794 919 1893 957 etc.

382 1023 663 1114 Quibus
696 1044 876 1094 certe
906 1021 1138 1122 palam
1175 1022 1541 1096 confirmat
1575 1044 1814 1096 auctor
1847 1025 2475 1116 eminentissimus,

381 1139 697 1211 musicen
739 1165 903 1209 cum
950 1135 1342 1208 divinarum
1377 1138 1585 1210 etiam
1632 1167 1866 1211 rerum
1901 1139 2294 1238 cognitione
2332 1168 2475 1212 esse

378 1252 852 1354 conjunctam.
889 1250 1102 1340 Quod
1137 1250 1192 1322 si
1223 1250 1455 1339 datur,
1501 1254 1626 1322 erit
1653 1255 1861 1326 etiam
1894 1256 2142 1327 oratori
2171 1282 2476 1328 necessa·
2519 1288 2577 1324 ιι

377 1368 511 1456 ria,
557 1365 902 1465 siquidem
925 1421 942 1453 ‚
982 1386 1061 1436 ut
1099 1363 1447 1437 diximus³
1472 1423 1491 1455 ,
1532 1364 1679 1438 haec
1717 1393 1997 1466 quoque
2040 1397 2197 1470 pars
2223 1428 2242 1460 ,
2281 1398 2474 1469 quae,

377 1482 467 1553 ab
498 1480 881 1553 oratoribus
910 1480 1140 1553 relicta
1158 1538 1177 1569 ,
1207 1507 1247 1551 a
1277 1479 1709 1579 philosophis
1738 1502 1839 1553 est
1867 1506 2230 1582 occupata,
2263 1484 2475 1556 nostri

375 1596 601 1696 operis
630 1595 762 1666 fuit
783 1653 802 1686 ‚
839 1623 915 1666 ac
946 1595 1093 1667 sine
1128 1596 1452 1667 omnium
1486 1596 1732 1667 talium
1764 1595 2048 1668 scientia
2083 1624 2227 1669 non
2258 1619 2478 1698 potest

375 1737 518 1783 esse
549 1712 851 1810 perfecta
890 1710 1306 1810 eloquentia.
1352 1712 1580 1810 Atque
1625 1709 1843 1781 claros
1882 1710 2171 1783 nomine
2208 1713 2475 1812 sapien·
2518 1750 2576 1784 η

372 1825 480 1898 tiae
519 1825 734 1915 viros,
788 1853 1000 1898 nemo
1044 1824 1456 1897 dubitaverit
1501 1824 1839 1897 studiosos
1884 1825 2181 1897 musices
2219 1827 2472 1918 fuisse;

372 1967 598 2040 quum
618 1940 1072 2039 PythagoraS,
1100 1960 1305 2039 atque
1333 1967 1496 2012 eum
1520 1939 1734 2011 secuti
1753 1996 1772 2028 ,
1800 1961 2155 2039 acceptam
2177 1940 2322 2013 sine
2349 1941 2473 2014 du-

369 2054 488 2127 bio
509 2055 886 2153 antiquitus
912 2054 1317 2154 opinionem
1336 2110 1355 2143 ‚
1376 2054 1839 2153 vulgaverint,
1861 2055 2216 2127 mundum
2238 2056 2469 2155 ipsum

371 2169 521 2271 ejus
546 2170 804 2242 ratione
830 2196 973 2242 esse
1000 2169 1504 2270 compositum;
1538 2195 1754 2268 quam
1782 2190 2017 2269 postea
2041 2169 2128 2240 sit
2147 2169 2296 2268 lyra
2324 2171 2471 2243 imi-

369 2306 507 2356 tata
524 2281 575 2356 4.
616 2288 760 2357 Nec
802 2285 921 2357 illa
964 2286 1177 2358 modo
1221 2284 1526 2357 contenti
1564 2283 2008 2356 dissimilium
2060 2285 2469 2376 concordia,

370 2424 585 2496 quam
619 2421 866 2472 vocant
906 2413 1185 2491 ἁρμονίαν,
1230 2427 1484 2472 sonum
1526 2426 1809 2499 quoque
1847 2399 1957 2471 his
1997 2398 2303 2470 motibus
2346 2399 2473 2472 de-

369 2512 640 2587 derunt.
676 2517 859 2586 Nam
889 2514 1083 2588 Plato
1103 2570 1122 2604 ‚
1153 2541 1319 2588 cum
1349 2513 1421 2588 in
1449 2514 1596 2587 aliis
1623 2514 2047 2614 quibusdam
2069 2569 2088 2604 ,
2122 2535 2274 2598 tum
2301 2542 2468 2615 prae-
2512 2537 2577 2589 13

368 2628 572 2727 cipue
605 2630 677 2701 in
708 2630 975 2702 Timaeo
997 2629 1026 2675 ⁵
1046 2686 1065 2720 ,
1100 2657 1188 2702 ne
1219 2630 1510 2730 intelligi
1539 2630 1828 2729 quidem
1851 2688 1870 2722 ‚
1906 2631 2040 2702 nisi
2071 2630 2161 2701 ab
2195 2631 2308 2719 iis,
2345 2633 2467 2731 qui

447 2825 488 2858 1.
516 2806 738 2880 Virgilii.
766 2809 969 2861 AEneid.
991 2809 1081 2862 lib.
1105 2812 1155 2876 1,
1173 2827 1222 2862 v.
1246 2810 1366 2881 746.

442 2902 490 2936 2.
530 2887 681 2938 canit
710 2899 963 2939 errantem
996 2889 1218 2940 Lunam.
1253 2891 1369 2940 Hoc

366 2964 679 3034 fecitVirgil.
700 2966 766 3016 ad
781 2967 1124 3018 imitationem
1136 2969 1369 3032 Homeri,

366 3042 511 3114 apud
537 3062 691 3113 quem
714 3046 768 3096 in
792 3046 1030 3097 convivio
1056 3044 1269 3096 Alcinoi‘
1291 3046 1369 3096 in-

368 3119 577 3173 ducitur
623 3121 869 3173 Phemius
913 3122 1134 3174 musicus
1178 3121 1367 3174 eodem

368 3200 530 3253 modo
555 3214 790 3255 cantans.
811 3204 977 3253 Tum«.

438 3280 489 3332 3.
519 3280 589 3332 Ut
610 3280 849 3332 diximus.
877 3283 1096 3332 Prooem.
1132 3280 1210 3347 14.

439 3359 490 3425 4.
519 3359 686 3428 Quam
713 3369 889 3431 postea
915 3361 981 3411 sit
1008 3359 1122 3429 lyra
1147 3358 1365 3410 imitata.

367 3436 558 3489 Circuli
604 3452 806 3510 septem
851 3437 1182 3510 planetarum
1227 3455 1370 3507 sym-

363 3514 616 3585 phoniam
639 3516 920 3587 quamdam
941 3517 1195 3583 efficiunt,
1212 3534 1370 3587 quam

368 3608 553 3664 postea
595 3610 672 3647 est
712 3599 943 3650 imitatus
981 3599 1272 3648 Mercurius
1313 3596 1369 3646 in

369 3676 760 3726 constructione
814 3675 934 3748 lyrae
956 3714 973 3741 ,
1024 3677 1110 3727 cui
1165 3688 1367 3746 septem

369 3749 596 3803 chordas
612 3750 778 3803 dedit:
799 3756 1004 3805 tametsi
1016 3767 1203 3825 postea
1218 3751 1372 3803 chor·

368 3829 553 3882 darum
575 3849 821 3883 numerus
841 3845 920 3884 est
939 3846 1140 3885 auctus.
1157 3834 1321 3884 Tuan.

442 3907 491 3960 5.
527 3910 595 3960 In
631 3908 841 3960 Timoeo.
878 3910 1122 3982 Intelligit
1156 3910 1370 3976 locum,

373 3987 464 4039 ubi
492 3990 635 4040 Deus
663 3989 717 4038 in
744 3988 1023 4040 condenda
1049 3988 1233 4041 mundi
1262 3991 1372 4041 ani·

372 4085 458 4118 ma
477 4069 732 4119 rationem
751 4069 1071 4119 musicorum
1090 4068 1200 4119 fere
1218 4070 1374 4119 inter·

371 4143 627 4195 vallorum
669 4159 881 4197 secutus
924 4145 1167 4215 fingitur-5
1210 4144 1371 4198 editio

373 4223 709 4296 Steph.‚vol.
744 4226 845 4291 111,
875 4243 931 4297 p.
962 4222 1058 4291 35,
1092 4222 1191 4285 365
1224 4225 1372 4296 Rip„

1457 2810 1562 2862 vol.
1597 2813 1701 2877 lx,
1732 2829 1786 2882 p.
1820 2811 1952 2877 313,
1983 2809 2077 2876 ῐ4;
2110 2811 2163 2861 in
2197 2811 2465 2863 Ciceronis

1457 2892 1745 2955 Versinm,
1781 2888 1884 2940 vol.
1925 2892 2046 2941 Em.
2091 2891 2178 2954 IV,
2220 2902 2353 2959 part.
2402 2906 2429 2939 2
2449 2927 2465 2954 ‚

1457 2986 1511 3039 p.
1530 2985 1591 3037 9,
1616 2987 1633 3019 1
1652 2987 1669 3019 1
1686 2985 1704 3019 1
1717 3008 1729 3019 .
1747 2970 1960 3019 Musicae
1977 2968 2247 3018 scientiam
2262 2965 2366 3016 hoc
2381 2969 2466 3037 ip-

1459 3063 1519 3097 so
1534 3045 1657 3098 loco
1673 3045 1968 3117 prodidisse
1983 3044 2274 3109 Platonem,
2288 3059 2467 3096 narrat

1455 3124 1769 3175 Plutarchus
1811 3123 1878 3174 de
1913 3125 2149 3188 Musica,
2191 3143 2245 3193 p.
2300 3124 2464 3188 1138,

1458 3202 1555 3270 39,
1572 3203 1663 3272 qui
1683 3215 1734 3253 et
1753 3204 1866 3274 ipse
1884 3201 2175 3267 ψυχογονίαν
2195 3200 2337 3252 illam
2355 3202 2469 3253 Pla·

1458 3282 1690 3332 tonicam
1722 3282 1878 3333 meris
1909 3282 2135 3331 musices
2173 3279 2465 3332 rationibus

1458 3357 1686 3430 explicat
1702 3396 1719 3424 .,
1751 3376 1804 3429 p.
1847 3373 1978 3408 1012
2019 3375 2165 3426 seqq.
2205 3359 2463 3409 Musicam

1457 3450 1709 3508 praeterea
1739 3439 1794 3488 in
1816 3438 2014 3487 Timaeo
2043 3438 2240 3505 tangit,
2268 3456 2321 3507 p.
2349 3438 2460 3508 Bip.

1459 3516 1594 3584 3393
1643 3514 1823 3585 Steph.
1873 3515 1969 3585 473
2018 3526 2070 3564 et
2117 3532 2173 3585 p.
2222 3516 2276 3565 B.
2326 3515 2422 3567 381
2446 3554 2463 3582 ‚

1459 3592 1639 3665 Steph.
1663 3593 1749 3662 67.
1769 3595 1997 3666 Copiose
2020 3593 2258 3645 eamdem
2278 3605 2465 3646 tractat

1456 3673 1607 3724 Plato
1641 3674 1695 3723 in
1724 3675 1856 3744 Rep.
1875 3712 1892 3739 ,
1921 3671 1954 3723 l.
1986 3674 2081 3739 m,
2107 3692 2159 3745 p.
2187 3675 2297 3745 Bip.
2332 3672 2465 3725 285-

1461 3750 1588 3821 296;
1610 3750 1790 3824 Steph.
1804 3751 1939 3817 ‚voL
1964 3754 2037 3819 11,
2051 3770 2104 3823 p.
2123 3752 2389 3822 398-4033
2407 3754 2462 3804 it.

1461 3829 1659 3882 Phileb.
1684 3831 1796 3901 Bip.
1816 3829 1922 3881 vol.
1948 3833 2036 3895 lv,
2060 3850 2114 3902 p.
2144 3849 2272 3893 221;
2294 3831 2365 3882 St.
2392 3831 2465 3896 11,

1468 3925 1547 3978 17.
1568 3911 1824 3961 Caeterum
1844 3923 2064 3980 propter
2087 3908 2463 3962 obscuritatem

1460 3990 1514 4038 in
1534 3986 1871 4059 proverbium
1891 3986 2133 4039 abierunt
2151 3987 2385 4039 Platonis
2410 3990 2466 4040 in

1458 4068 1655 4117 'rimmo
1693 4066 1914 4116 numeri.
1953 4067 2061 4117 Cic.
2103 4065 2170 4117 ad
2206 4070 2313 4118 Att.
2342 4067 2464 4132 VH,

1467 4145 1557 4210 13,
1582 4142 1676 4195 ubi
1696 4161 1796 4214 pro
1821 4161 2036 4196 numero
2060 4145 2203 4198 MSS.
2237 4144 2468 4210 Timaeo,-

1463 4235 1517 4277 et
1538 4220 1794 4275 deFinib.
1821 4223 1896 4288 11,
1923 4220 1971 4274 5.
