3200 5150
675 541 1329 612 INSTITUTIONIS
1366 540 1622 606 oRA'r.
1664 541 1826 606 Lm.
1868 542 1929 622 1,
1979 564 2031 605 t.
2324 547 2408 630 49

307 669 666 770 reperitur,
701 668 824 768 qui
858 667 944 740 sit
973 666 1201 740 studio
1236 666 1413 739 nihil
1449 687 1883 738 consecutus,
1921 668 2075 737 Hoc
2101 666 2221 766 qui
2255 694 2412 765 per-

305 784 583 875 viderit,
636 782 949 884 protinus
996 804 1074 854 ut
1128 782 1254 855 erit
1303 808 1553 882 parens
1598 783 1859 872 factuS,
1907 808 2139 856 acrem
2191 809 2408 881 quam

308 900 611 973 maxime
646 927 885 972 curam
915 899 1064 999 spei
1087 898 1304 971 futuri
1332 896 1614 969 oratoris
1638 896 2021 995 impendat.
2052 900 2233 969 Ante
2260 924 2414 968 om-

307 1017 462 1107 nia,
493 1042 582 1088 ne
617 1016 702 1088 sit
727 1016 1007 1087 vitiosus
1039 1041 1269 1087 sermo
1303 1013 1690 1086 nutricibus
1713 1070 1731 1102 ‚
1762 1040 1964 1113 (μιᾶς,
1995 1014 2050 1085 si
2087 1002 2236 1085 fieri
2261 1040 2414 1111 pos-

310 1151 446 1221 set,
487 1130 828 1228 sapientes
863 1129 1292 1229 Chrysippus
1331 1127 1622 1227 optavit,
1660 1149 1878 1218 certe,
1915 1149 2260 1227 quantum
2308 1155 2412 1199 res

307 1265 678 1345 pateretur,
723 1244 1018 1343 optimas
1062 1244 1220 1342 eligi
1264 1243 1521 1334 voluit;
1576 1264 1643 1315 et
1685 1270 1967 1315 morum
2010 1243 2297 1342 quidem
2337 1243 2410 1314 in
2465 1291 2473 1298 -

308 1357 416 1433 his
457 1359 650 1433 haud
688 1359 900 1433 dubie
939 1360 1128 1459 prior
1163 1360 1333 1431 ratio
1370 1380 1509 1449 est3
1558 1380 1736 1431 recte
1779 1350 2016 1431 tamen
2058 1360 2267 1430 etiam
2311 1358 2415 1431 lo-

308 1496 635 1577 quantur.
673 1477 817 1548 Has
846 1476 1157 1576 primum
1193 1474 1429 1547 audiet
1459 1501 1658 1574 puer,
1691 1474 1946 1545 harum
1976 1474 2184 1547 verba
2211 1474 2417 1546 effin-

306 1618 469 1692 gere
506 1590 845 1663 imitando
880 1590 1285 1680 conabitur3
1336 1612 1405 1663 et
1437 1613 1685 1671 natura
1715 1589 2135 1662 tenacissimi
2169 1616 2414 1663 sumus

308 1734 557 1781 eorum
578 1765 596 1797 ,
621 1733 777 1807 quae
813 1707 1101 1780 rudibus
1140 1705 1340 1777 annis
1367 1705 1808 1804 percepimus
1835 1719 1885 1794 ¹,
1922 1726 1998 1776 ut
2021 1730 2246 1803 sapor,
2272 1732 2415 1803 quo

306 1848 492 1896 nova
517 1822 826 1911 imbuas,
858 1821 1094 1910 durat3
1126 1848 1256 1893 nec
1281 1821 1605 1893 lanarum
1634 1820 1932 1911 coloreS,
1964 1820 2222 1919 quibus
2251 1821 2418 1891 sim-

306 1936 469 2040 plex
501 1936 617 2010 ille
651 1936 913 2010 candor
945 1956 1252 2009 mutatus
1286 1958 1422 2028 est,
1459 1936 1599 2008 elui
1635 1958 1960 2037 possunt3
1994 1956 2062 2008 et
2092 1935 2239 2007 haec
2269 1937 2418 2035 ipsa

311 2052 533 2153 magis
578 2052 1016 2152 pertinaciter
1060 2052 1359 2144 haerem,
1408 2078 1565 2152 quae
1610 2052 1948 2124 deteriora
1988 2048 2196 2141 sunt3
2244 2079 2415 2124 nam

311 2167 502 2241 bona
539 2166 742 2240 facile
787 2188 1150 2240 mutantur
1181 2167 1256 2238 in
1289 2166 1528 2269 pejus:
1581 2193 1774 2239 nunc
1808 2168 2140 2268 quando²
2179 2167 2254 2240 in
2293 2169 2420 2239 bo-

311 2309 491 2357 num
521 2284 796 2356 verteris
829 2282 1035 2355 vitia?
1063 2285 1223 2354 Non
1255 2304 1596 2354 assuescat
1624 2308 1824 2381 ergo,
1859 2310 1949 2356 ne
1981 2283 2157 2355 dum
2185 2282 2420 2355 infans

308 2397 601 2501 quidem
624 2418 756 2490 est,
784 2397 1125 2487 sermoni,
1153 2397 1276 2497 qui
1302 2394 1761 2469 dediscendus
1781 2398 1887 2470 sit.
1911 2400 1995 2470 In
2014 2398 2420 2499 parentibus

310 2540 474 2588 vero
524 2513 1134 2615 quamplurimum
1191 2538 1335 2586 esse
1384 2512 1791 2587 eruditionis
1842 2514 2261 2615 optaverim:
2306 2542 2425 2588 ve-

315 2627 522 2702 rum³
557 2656 686 2703 nec
727 2629 814 2702 de
855 2629 1169 2730 patribus
1210 2649 1485 2700 tantum
1528 2630 1821 2730 loquor3
1861 2659 2033 2703 nam
2063 2631 2423 2705 Graccho-

311 2771 474 2817 rum
509 2742 920 2844 eloquentiae
956 2745 1267 2817 multum
1303 2744 1674 2818 contulisse
1717 2747 2114 2847 accepimus
2156 2749 2423 2819 Corne-

314 2859 485 2932 liam
536 2880 832 2931 matrem
859 2857 892 2923 4
948 2861 1150 2960 cujus
1216 2860 1653 2933 doctissimus
1704 2887 1936 2936 sermo
1986 2863 2060 2932 in
2111 2884 2418 2960 posteros

314 3044 579 3082 coerceas.
618 3027 894 3081 Meliorem
930 3029 1177 3099 equidem
1209 3043 1321 3083 non
1409 3035 1563 3084 Voss.
1590 3049 1618 3084 2
1646 3049 1917 3103 nunquam
1942 3030 2071 3102 (pro
2097 3050 2237 3085 nunc
2254 3051 2421 3105 quan·

308 3110 523 3182 reperio
573 3109 1082 3180 interpretationem.
1145 3110 1317 3163 Sem).
1406 3108 1501 3180 do)
1516 3109 1664 3182 quod
1676 3113 1876 3180 recepit
1889 3110 2173 3176 Obrecht,
2191 3113 2417 3164 fortasse

312 3188 516 3261 praefat.
543 3190 663 3253 cin,
686 3207 740 3260 p.
768 3204 853 3259 72.
1411 3208 1441 3241 ε
1466 3189 1596 3242 cod„
1624 3192 1838 3259 Argent.
1869 3190 2031 3242 Nunc
2055 3189 2195 3242 unde
2220 3193 2317 3257 sit,
2341 3193 2421 3262 ig-

396 3284 439 3319 1.
484 3267 827 3339 Pemepimus.
867 3268 983 3322 Hoc
1021 3285 1085 3319 ex
1121 3266 1318 3320 Bodlei.
1409 3287 1578 3332 noi-03
1611 3271 1812 3340 primus
1843 3268 2051 3324 videtur
2077 3266 2203 3321 dare
2227 3270 2420 3323 Badius

314 3346 478 3400 Goth.
527 3345 663 3399 Alm.
714 3362 768 3401 et
806 3346 1087 3409 Poullainii
1126 3347 1324 3399 Codice

313 3424 525 3498 praetuli
553 3425 769 3498 vulgato
798 3427 1125 3499 percipimus.
1155 3427 1327 3478 Etiam

319 3504 623 3561 Obrechtus
645 3508 863 3579 recepit.
890 3535 961 3547 -
980 3506 1325 3577 Peroe—pimus.

317 3582 380 3640 R.
412 3603 457 3654 1,
479 3604 525 3639 2.
548 3587 706 3640 Cam.
725 3585 1054 3658 perct'pt’nms.
1076 3585 1195 3638 Cn».
1220 3584 1322 3638 Ed.

396 3683 444 3718 2.
471 3667 631 3718 Nunc
648 3666 875 3738 quandm
898 3667 1021 3718 Haec
1046 3664 1326 3717 durissime

316 3758 434 3810 est,
471 3757 525 3795 et
557 3744 782 3816 abrupte
812 3747 1173 3815 interrogatio.
1212 3746 1325 3797 Nec

321 3822 572 3877 ostendas
597 3823 765 3875 ullum
788 3823 1029 3876 codicem
1053 3826 1108 3876 in
1133 3842 1240 3895 quo
1262 3826 1329 3875 sit

316 3922 480 3955 nunc·
500 3903 676 3968 Num,
699 3903 844 3973 quod
861 3923 959 3975 pro
976 3923 1040 3957 eo
1056 3903 1149 3956 dat
1162 3903 1298 3957 Alm.
1311 3941 1329 3971 ,

318 3996 377 4037 et
399 3984 577 4054 ipsum
600 3981 960 4049 salebrosum,
986 4001 1150 4055 quum
1174 4001 1327 4046 nam,

320 4062 674 4137 plurimorum
697 4076 757 4113 ut
776 4074 830 4114 et
846 4061 1020 4115 Guelf.
1043 4066 1331 4136 scripture,

320 4146 451 4197 ferri
495 4143 656 4217 plane
699 4155 947 4213 nequeat‘
990 4143 1106 4195 Nisi
1148 4157 1333 4194 sensus

324 4223 473 4278 fieret
518 4227 746 4294 nimius„
786 4224 1012 4295 maxime
1052 4221 1335 4296 probarem

548 4329 592 4368 1.
1003 4303 1015 4336 ⁵

1414 3350 1718 3400 Ascensius.
1740 3350 1799 3400 ln
1818 3347 1993 3400 Guelf.
2018 3361 2235 3421 recepto
2261 3352 2316 3401 in
2339 3368 2423 3401 or-

1413 3425 1595 3479 dinem
1621 3443 1746 3479 nam
1774 3427 1986 3499 quando
2015 3429 2424 3501 superscribitur

1416 3507 1745 3559 tenuioribus
1763 3507 1949 3560 litteris
1967 3530 1978 3558 :
2000 3506 2083 3560 al.-
2105 3527 2173 3560 ne
2189 3509 2418 3582 quando,

1414 3613 1481 3626 -
1505 3585 1666 3638 Nunc
1687 3586 1915 3657 quande.
1945 3589 2008 3639 R.
2043 3605 2071 3640 2
2100 3589 2191 3640 ita.
2221 3590 2282 3640 R.
2317 3606 2335 3641 t
2368 3602 2423 3642 et

1414 3664 1574 3717 CAuP.
1594 3664 1738 3716 Nam
1759 3665 1986 3738 quando,
2009 3669 2317 3739 Per-peram:
2341 3671 2426 3720 in-

1414 3756 1565 3815 grata
1591 3755 1671 3796 est
1700 3746 1840 3796 enim
1869 3748 2113 3817 repetitio
2144 3749 2233 3798 τοῦ
2263 3767 2420 3809 nam,-

1416 3836 1666 3896 praeterea
1676 3862 1692 3892 ,
1708 3824 1861 3880 facile
1875 3825 2084 3895 vulgata
2098 3827 2420 3897 intelligitur.

1417 3905 1758 3974 Quapropter
1780 3922 1898 3955 eam
1919 3903 2252 3974 praetulerim.
2280 3910 2369 3962 En.

1491 3983 1543 4034 3.
1572 3982 1783 4038 Verum.
1810 3982 2000 4036 Melius
2021 3982 2158 4034 absit
2174 3984 2285 4037 haec
2305 4005 2421 4038 vox.

1420 4065 1505 4116 Au
1531 4064 1742 4132 irrepsit
1766 4080 1863 4135 per
1891 4081 2121 4115 errorem
2145 4083 2208 4116 ex
2230 4085 2429 4137 praece-

1421 4139 1595 4193 dentis
1625 4140 1820 4193 ultimis
1840 4179 1857 4208 ‚
1887 4143 2206 4214 optaverim?

1494 4220 1546 4287 4.
1581 4219 1872 4274 Corneliam
1901 4231 2137 4273 matr-em.
2168 4223 2275 4277 Cic.
2303 4226 2432 4278 Bru·

2111 4311 2147 4380 4
