3200 5150
727 521 1383 597 fflsTlTU'rtoms
1418 522 1674 593 ORAT.
1718 523 1878 593 Lm.
1918 526 1984 609 1,
2033 550 2088 593 1.
2377 530 2454 597 ει

362 646 629 747 aliquid
662 670 1050 722 monentes,
1092 649 1538 749 Prosequitur
1569 648 1716 722 haec
1752 650 2093 722 memoria
2123 649 2197 722 in
2231 677 2461 726 senec·
2499 665 2570 719 36

362 784 582 837 tutem
606 821 626 856 ,
661 785 729 838 et
759 765 1093 865 impressa
1126 765 1366 836 animo
1396 764 1588 854 rudi,
1623 791 1845 864 usque
1874 766 1963 838 ad
1993 793 2222 839 mores
2255 769 2465 867 profi-

361 878 495 952 ciet
521 892 570 951 ¹.
618 880 847 952 Etiam
895 880 1076 951 dicta
1125 879 1473 952 clarorum
1520 879 1829 953 virorum
1853 936 1873 970 ‚
1926 900 1994 952 et
2039 874 2332 972 electos,
2381 909 2464 954 ex

359 992 581 1092 poetis
613 994 914 1066 maxime
949 995 1298 1093 (namque
1333 1018 1579 1066 eorum
1619 993 1842 1093 parvis
1877 994 2176 1092 cognitio
2212 997 2464 1094 gratior

361 1109 500 1202 est)
540 1105 728 1180 locos
771 1107 1073 1181 ediscere
1114 1107 1295 1180 inter
1334 1107 1571 1179 lusum
1617 1105 1797 1180 licet.
1841 1109 2024 1180 Nam
2061 1129 2128 1182 et
2160 1110 2462 1185 maxime

360 1223 743 1295 necessaria
770 1242 871 1295 est
902 1223 1149 1296 oratori
1168 1278 1188 1312 ‚
1218 1223 1394 1295 sicut
1424 1250 1552 1295 suo
1586 1222 1742 1296 loco
1779 1222 2007 1296 dicam
2026 1278 2045 1313 ‚
2077 1226 2418 1299 memoria
2439 1285 2460 1317 ,

360 1360 429 1411 et
469 1365 551 1411 ea
591 1340 938 1441 praecipue
982 1339 1300 1412 firmatur
1334 1360 1540 1440 atque
1583 1339 1791 1413 alitur
1830 1339 2351 1433 exercitatione3
2395 1365 2464 1418 et

358 1453 434 1525 in
475 1452 596 1546 iis,
641 1454 727 1527 de
771 1455 1030 1554 quibus
1063 1482 1254 1528 nunc
1288 1454 1670 1554 loquimur,
1706 1455 2053 1548 aetatibus,
2089 1483 2245 1556 quae
2283 1458 2462 1532 nihil

359 1568 531 1640 dum
569 1569 732 1669 ipsae
766 1597 847 1643 ex
879 1598 950 1643 se
985 1597 1312 1670 generare
1342 1591 1654 1669 queunt,
1692 1597 1908 1671 prope
1941 1570 2087 1643 sola
2120 1595 2261 1665 est,
2303 1601 2461 1674 quae

347 1684 579 1786 juvari
608 1713 775 1758 cura
793 1700 822 1731 ²
853 1686 1256 1759 docentium
1286 1685 1518 1786 possit.
1553 1689 1714 1757 Non
1749 1684 2062 1760 alienum
2089 1688 2300 1761 fuerit
2327 1689 2459 1762 exi·
2497 1701 2563 1771 37

357 1825 518 1898 gere
547 1800 635 1871 ab
659 1799 767 1872 his
792 1802 1101 1874 aetatibus
1117 1858 1136 1891 ‚
1158 1828 1304 1900 quo
1330 1801 1420 1872 sit
1440 1800 1823 1873 absolutius
1849 1827 1959 1892 os,
1984 1821 2053 1874 et
2083 1804 2461 1902 expressior

358 1939 626 2004 sermo,
662 1935 741 1985 ut
772 1915 1063 1988 nomina
1097 1914 1419 2015 quaedam
1440 1912 1470 1959 ³
1504 1940 1879 2014 versusque
1912 1917 2246 1990 affectatae
2278 1916 2459 1991 diffi-

354 2029 629 2100 cultatis
676 2055 757 2101 ex
804 2029 1122 2129 pluribus
1169 2050 1237 2102 et
1281 2029 1656 2129 asperrime
1705 2029 2122 2104 coeuntibus
2166 2031 2345 2105 inter
2384 2059 2458 2107 se

355 2141 639 2242 syllabis
681 2130 1063 2237 catenatoS‚
1108 2168 1175 2218 et
1211 2145 1403 2218 velut
1444 2146 1922 2244 confragosos,
1959 2173 2174 2245 quam
2212 2147 2457 2222 citatis-

355 2259 531 2332 sime
555 2259 865 2336 volvant:
895 2278 1116 2353 χαλεποὶ
1136 2264 1374 2335 θτεεεε
1393 2283 1749 2335 vocantur.
1771 2264 1906 2335 Res
1931 2262 2208 2335 modica
2232 2263 2453 2356 dictu;

356 2407 499 2480 qua
529 2402 764 2453 tamen
796 2379 1085 2469 omissa,
1118 2377 1339 2481 multa
1362 2378 1621 2478 linguae
1649 2378 1841 2468 vitia,
1875 2378 2009 2450 nisi
2042 2370 2284 2478 primis
2318 2381 2459 2452 exi-

354 2518 650 2570 muntur
676 2494 915 2588 annis,
948 2493 1451 2568 inemendabili
1484 2493 1556 2565 in
1587 2514 1943 2596 posoerum
1977 2488 2306 2594 pravitate
2325 2493 2457 2568 du-

354 2619 597 2686 ra'ntur
612 2610 666 2685 4.

433 2801 477 2836 1.
511 2784 680 2857 Usque
704 2783 775 2835 ad
800 2799 963 2835 mores
984 2778 1235 2855 proficiet.
1266 2785 1359 2837 Est

354 2860 532 2933 aliqua
571 2861 855 2913 difficultas
898 2862 952 2911 iu
992 2878 1122 2911 voce
1161 2879 1357 2926 mores,

357 2955 519 3012 quare
559 2937 946 2993 Almeloveuius
983 2939 1248 3010 cogitabat
1294 2940 1360 2993 de

354 3020 679 3087 mutatione,
712 3029 771 3070 ut
803 3019 1117 3071 scriberetur
1140 3030 1357 3073 mortem

352 3117 455 3172 pro
483 3117 649 3152 mores
657 3118 679 3161 ,-
707 3100 964 3151 sententia
987 3099 1139 3149 nimis
1156 3101 1356 3170 jejuna.

354 3177 456 3231 sed
483 3196 672 3251 usque,
702 3179 989 3251 praesertim
1017 3194 1179 3248 quum
1210 3191 1359 3228 ante-

354 3260 568 3309 cesserit
585 3257 914 3331 prosequt’tur
939 3257 991 3308 ἰη
1019 3267 1324 3309 senectutem
1339 3295 1356 3322 ,

356 3339 512 3409 spatii
537 3337 619 3390 vel
652 3334 1168 3409 temporis-aliquem
1200 3336 1359 3387 finem

347 3416 575 3490 jubebat
602 3431 905 3489 exspectare
922 3456 939 3483 ‚
967 3430 1019 3469 et
1044 3417 1361 3468 frustrantur

352 3515 455 3549 nos
481 3495 876 3568 quodammodo
895 3514 1059 3548 mores
1076 3498 1178 3549 isti.
1198 3498 1360 3548 Inter-

354 3590 536 3649 pretor
559 3596 717 3650 usque
738 3576 809 3628 ad
829 3594 993 3630 mores
1008 3573 1268 3650 proficiet,
1293 3575 1361 3628 ad

353 3656 501 3727 ipsos
526 3673 698 3708 mores
726 3657 1017 3728 pertinget,
1041 3655 1359 3728 permutabit,-

356 3747 416 3786 ut
456 3732 703 3808 proficere
743 3753 955 3788 sensum
995 3734 1359 3809 proqrediendt‘

353 3825 567 3865 tueatur
587 3812 693 3865 hoc
714 3812 836 3866 loeo
852 3854 870 3884 ‚
901 3813 1045 3887 quod
1068 3827 1248 3867 mouet
1269 3815 1359 3867 Er-

355 3906 538 3947 nestus
572 3892 639 3944 ad
661 3895 769 3948 Cic.
804 3893 870 3947 de
898 3898 1118 3950 Oratore
1146 3896 1224 3962 11,
1255 3912 1312 3947 21
1336 3931 1354 3964 ‚

353 3988 467 4027 not.
494 3974 597 4042 68,
627 3976 717 4045 qui
743 3977 861 4047 ipso
888 3974 996 4028 hoc
1024 3989 1205 4028 nostro
1233 3974 1356 4026 loco

353 4068 535 4108 untur·

430 4153 477 4187 2.
502 4134 690 4200 lavari
709 4151 849 4185 cura.
873 4134 1023 4185 Hanc
1047 4134 1361 4205 scripturam

352 4214 507 4272 Voss.
538 4231 566 4275 a
586 4228 640 4267 et
656 4213 817 4270 Goth.
845 4211 950 4276 soli,
965 4211 1158 4270 habete
1178 4211 1359 4270 viden-

1447 2797 1549 2836 tur.
1569 2782 1743 2837 Guelf.
1766 2801 1888 2835 cum
1910 2779 2024 2835 aliis
2033 2783 2226 2855 juvare
2244 2799 2422 2840 curum
2433 2822 2450 2848 ,

1447 2882 1546 2916 nec
1569 2876 1650 2915 est
1670 2862 1963 2936 spernenda
1981 2860 2093 2915 haec
2114 2866 2264 2916 ratio.
2286 2862 2455 2935 Adju—

1447 2955 1535 2994 vat
1553 2960 1734 2994 curam
1751 2941 1991 2994 docentis
2011 2960 2071 2993 ea
2086 2940 2197 2994 sola
2213 2944 2268 2994 in
2281 2945 2455 3014 parvis

1450 3024 1609 3073 animi
1626 3021 1872 3088 facultas,
1884 3039 2048 3092 quum
2067 3035 2263 3074 caeterae
2279 3021 2453 3074 adhuc

1446 3100 1607 3172 plane
1630 3104 1733 3153 sint
1756 3100 1922 3152 nervis
1945 3098 2130 3153 allenis
2152 3100 2339 3152 mobile
2363 3099 2455 3173 {1‘9-

1448 3195 1595 3231 num.
1610 3181 1710 3232 vix
1729 3191 1904 3231 tamen
1926 3196 2084 3249 neges
2108 3191 2319 3230 caeteras
2343 3178 2452 3231 ullo

1448 3258 1612 3310 modo
1636 3275 1795 3331 posse
1812 3259 2013 3332 juvari.
2042 3256 2290 3310 Judicent
2311 3260 2454 3329 peri-

1450 3341 1639 3402 tiores;
1663 3357 1787 3390 nam
1814 3352 1866 3391 et
1888 3351 2098 3411 recepta
2120 3336 2314 3404 habet,
2345 3356 2452 3412 quo

1449 3436 1563 3470 sese
1586 3415 1852 3470 defendat.
1878 3416 2195 3491 Gedoynus:
2231 3418 2308 3468 La
2339 3419 2453 3469 mc!-

1447 3497 1610 3549 moire
1631 3507 1704 3550 est
1725 3495 1778 3548 la
1800 3494 1939 3550 seule
1958 3495 2106 3549 chose
2126 3497 2221 3570 qui
2244 3496 2456 3571 soulaqe

1447 3595 1521 3628 un
1545 3576 1750 3628 main-e.
1775 3606 1845 3617 -
1866 3577 2061 3628 Juvare
2086 3595 2281 3629 curam.
2311 3579 2372 3629 R.
2407 3595 2449 3632 ι,

1448 3656 1610 3709 ΟΔΜΡ.
1625 3655 1812 3707 Juvan’
1829 3674 1967 3707 cura.
1984 3657 2046 3707 R.
2068 3674 2094 3708 2
2114 3669 2166 3708 et
2178 3658 2332 3708 Rom..
2348 3655 2450 3707 Ed.

1518 3735 1567 3788 3.
1608 3734 1678 3786 Ut
1707 3734 1924 3786 nomina
1952 3733 2223 3806 qua-dam,
2258 3744 2350 3785 etc.
2381 3734 2454 3785 Ut

1440 3813 1849 3889 perterricmpus.
1901 3814 2061 3886 Apud
2110 3811 2450 3885 Aristophan.

1445 3889 2086 3963 oopaytd‘owxaeyoxmnioeac
2100 3906 2152 3945 et
2166 3913 2454 3958 κομποφακ-

1444 3971 1713 4045 &affuimu-
1738 3976 1803 4026 Et
1824 3990 2004 4024 versus
2025 3971 2113 4024 ille
2136 3975 2413 4043 antiquus:

1446 4059 1635 4103 aninu'
1650 4060 1727 4102 fin
1743 4059 1857 4100 ferox
1875 4060 2021 4101 infe-t·
2037 4059 2263 4100 infunditur
2280 4061 2397 4104 onia.

1447 4134 1605 4186 Rou..

1523 4210 1573 4277 4.
1615 4209 1899 4262 Durantur.
1936 4208 2108 4262 Guelf.
2126 4247 2144 4276 ,
2178 4227 2301 4262 cum
2334 4210 2452 4279 qui—
