3200 5150
743 516 829 583 88

1311 518 1405 583 Μ.
1446 517 1672 582 FABn
1710 518 2267 600 QUINTILIANI

639 668 699 707 11
740 659 837 711 tat
876 640 1084 711 etiam
1124 665 1204 712 ex
1242 641 1464 712 tribus
1500 640 1856 743 vocalibus
1892 641 2233 740 syllabam
2274 641 2460 733 fieri3
2492 641 2683 741 quocl
2718 668 2843 717 ne-

741 754 960 852 quit¹,
997 755 1052 826 si
1091 781 1235 827 non
1284 755 1807 863 altiwfficio
1843 757 2386 829 ,consonantium
2431 758 2837 856 fungantur.

741 869 1027 957 Quaeret
1049 870 1257 942 etiam
1283 870 1415 943 hoc
1432 928 1449 959 ,
1477 870 1836 970 quomodo
1863 871 2135 944 duabus
2166 872 2459 946 demum
2486 872 2840 945 vocalibus

736 986 811 1058 in
856 1013 926 1056 se
975 987 1200 1090 ipsas²
1237 988 1537 1060 coeundi
1585 1009 1833 1061 natura
1876 988 1995 1078 sit,
2033 1016 2257 1089 quum
2303 989 2837 1062 consonantium

737 1100 973 1190 nulla,
1008 1103 1142 1173 nis'i
1181 1103 1464 1177 alteram
1485 1161 1504 1195 ,
1539 1106 1815 1205 frangat
1831 1103 1885 1177 ³.
1920 1107 2131 1206 Atqui
2164 1105 2393 1179 littera
2431 1108 2466 1178 1
2502 1105 2635 1178 sibi
2675 1105 2841 1178 insi-

743 1312 768 1337 «
787 1294 892 1344 sint
914 1295 969 1344 in
993 1311 1097 1344 una
1124 1293 1353 1366 syllaba,
1373 1297 1472 1347 nisi
1495 1296 1634 1348 forte
1659 1294 1748 1347 ali-

743 1391 767 1416 «
789 1389 891 1441 qua
921 1390 1099 1423 earum
1129 1374 1378 1443 fungatur
1406 1376 1584 1426 officio
1611 1393 1745 1429 con·

740 1471 765 1493 κ
787 1453 1023 1501 sonantis
1040 1490 1056 1517 ,
1084 1465 1145 1502 ut
1178 1469 1267 1504 voe.
1292 1477 1313 1500 n
1352 1455 1631 1524 Perperam
1655 1456 1746 1524 igi-

735 1544 824 1582 tur
837 1551 953 1582 sum
970 1547 1180 1585 secutus
1195 1534 1507 1600 Gesner-um,
1523 1535 1589 1587 ad
1610 1535 1743 1589 duas

734 1612 844 1662 inte
890 1614 1116 1665 'ventem
1145 1635 1166 1657 α
1187 1613 1412 1685 syllabas
1433 1639 1454 1662 n
1486 1627 1538 1665 et
1563 1634 1741 1667 exem-

732 1690 883 1761 plum
921 1693 975 1742 in
1016 1695 1127 1763 ipsa
1167 1711 1299 1744 voce
1329 1708 1705 1762 agnoscentem
1724 1734 1741 1762 ‚

735 1772 827 1839 qui
843 1789 988 1821 error
1002 1774 1255 1842 repetitur
1272 1772 1407 1823 infra
1421 1786 1534 1823 not.
1556 1790 1602 1826 2.
1622 1775 1743 1827 Hoec

734 1869 766 1901 a
791 1852 852 1903 G.
880 1851 1132 1922 Spalding
1156 1852 1506 1905 emendantur
1526 1857 1581 1907 in
1605 1857 1743 1907 1²1-ae-

734 1930 968 1995 fatione,
997 1951 1051 2002 p.
1081 1933 1162 2001 73.
1197 1935 1286 1983 Eo.

814 2028 856 2062 1.
887 2011 1023 2060 Fieri
1033 2032 1050 2069 ;
1080 2011 1221 2082 quod
1247 2012 1441 2083 nequit.
1476 2015 1744 2082 Repeten—

734 2089 863 2140 dum
888 2103 1062 2141 mente
1073 2087 1224 2160 fieri,
1252 2105 1310 2142 ut
1334 2093 1506 2144 Livius
1530 2094 1629 2157 VI,
1653 2094 1741 2161 37,

736 2188 797 2240 7:
833 2192 854 2214 κ
872 2169 1219 2222 obtinendum
1245 2191 1387 2236 esse,
1413 2171 1559 2242 quod
1583 2175 1744 2225 comi-

739 2270 764 2294 ιι
785 2251 868 2300 tiis
891 2259 1206 2321 ...nequeam
1226 2249 1380 2301 videl.
1411 2272 1433 2296 ιι
1451 2249 1692 2303 obtineri.
1712 2276 1733 2299 a

728 2357 804 2371 -—
844 2330 996 2400 Quod
1035 2332 1229 2404 nequi&
1268 2335 1434 2396 Vacat
1473 2334 1529 2384 in
1568 2332 1736 2386 codd.

731 2411 839 2462 RR.
874 2427 892 2461 ι
916 2447 932 2473 ,
958 2410 1022 2474 3,
1046 2409 1095 2475 4.
1125 2413 1214 2462 En.

806 2506 852 2540 2.
889 2489 954 2540 In
985 2489 1248 2558 seipsas...
1283 2490 1484 2541 Seruus.
1519 2491 1739 2543 Secutus

731 2584 851 2618 sum
872 2566 1164 2618 Gesnerum
1176 2604 1193 2632 ‚
1208 2569 1434 2637 quicum
1452 2570 1739 2622 veterrimis

731 2644 852 2699 edd.
885 2658 937 2696 et
965 2644 1132 2696 codd.
1166 2647 1410 2699 omnibus
1439 2647 1573 2718 (nisi
1601 2651 1739 2701 forte

728 2726 922 2776 Joann.
977 2741 1197 2776 numero
1253 2740 1334 2779 est
1389 2721 1695 2779 eiimendus
1721 2768 1737 2794 ,

732 2802 879 2874 quod
908 2822 936 2854 e
963 2804 1172 2855 silentio
1201 2805 1422 2859 Gibsoni
1450 2807 1738 2879 conjicias)

728 2884 867 2934 inter
884 2884 1279 2935 consonantium
1301 2899 1352 2936 et
1372 2884 1522 2936 nulla
1544 2887 1738 2938 omittit

727 2971 899 3024 coeat,
923 2960 1068 3031 quod
1094 2975 1171 3013 est
1194 2965 1247 3014 in
1273 2964 1449 3015 multis
1473 2957 1735 3016 recentio-

727 3040 900 3104 ribus,
924 3058 1034 3091 non
1054 3053 1257 3107 tamen,
1273 3055 1331 3093 ut
1352 3056 1526 3095 narrat
1542 3042 1702 3095 Gesn.
1716 3082 1733 3111 ,

725 3132 850 3190 post
901 3117 1225 3190 Stephanum
1271 3120 1484 3173 demum
1501 3160 1517 3187 ,
1569 3140 1736 3193 quum

725 3200 918 3252 Badius
950 3199 1082 3254 1516
1105 3202 1244 3254 banc
1266 3220 1452 3254 vocem
1469 3206 1579 3272 jam
1598 3223 1734 3275 prae-

724 3280 874 3332 ferat.
919 3281 1090 3333 Guelf.
1136 3280 1318 3334 itidem
1356 3284 1548 3333 omittit
1582 3295 1643 3333 ut
1680 3297 1732 3335 et

724 3361 889 3412 Viarti
923 3357 1104 3411 editio.
1129 3359 1415 3412 Tantillum
1454 3374 1629 3413 tamen
1664 3362 1732 3415 de

725 3456 847 3490 meo
877 3437 1087 3504 addidi,
1116 3452 1174 3490 ut
1201 3452 1326 3510 post
1353 3437 1568 3490 alteram
1597 3443 1732 3495 inci-

723 3517 920 3571 derem.
946 3518 1214 3570 Sententia
1234 3516 1345 3570 haec
1368 3516 1601 3570 videtur:
1631 3524 1733 3571 Vo-

721 3596 863 3647 cales
887 3594 1004 3646 duae
1028 3594 1189 3664 (eave
1208 3598 1347 3647 enim
1370 3596 1438 3648 de
1459 3597 1729 3668 quibusvis

721 3673 931 3726 duabus
944 3674 1243 3740 vocalibus,
1262 3680 1410 3747 juxta
1433 3694 1488 3728 se
1508 3672 1695 3748 positis
1710 3716 1727 3743 ‚

717 3752 980 3822 intelligas
995 3792 1011 3818 ,
1060 3768 1118 3806 ut
1161 3757 1288 3808 fecit
1336 3755 1623 3829 Gedoynus
1675 3771 1729 3810 et

718 3834 835 3903 ipse
858 3834 1082 3885 fortasse
1097 3835 1378 3888 Gesnerus.
1395 3836 1455 3888 ld
1469 3849 1612 3888 vetat
1633 3856 1728 3906 po-

720 3913 852 3962 situs
874 3913 1020 3961 vocis
1047 3912 1242 3966 duabus
1266 3917 1321 3965 in
1349 3915 1524 3971 fronte
1553 3914 1725 3966 collo—

719 3991 909 4062 catae),
947 3990 1069 4044 ⁸01ae
1107 3992 1347 4063 (demum
1386 3990 1483 4065 pro
1519 4005 1723 4045 tantum

715 4067 822 4119 vid.
846 4067 914 4119 ad
938 4071 1156 4122 Prooem.
1181 4071 1244 4140 3)
1263 4085 1488 4142 possunt
1506 4075 1649 4125 coire
1668 4076 1724 4126 in

716 4164 775 4199 se
793 4150 935 4219 ipsas
953 4147 1006 4201 h.
1031 4168 1075 4201 e.
1101 4149 1183 4200 bis
1208 4152 1364 4220 poni,
1389 4152 1460 4202 ita
1484 4165 1542 4203 ut
1567 4152 1723 4205 simul

696 4231 1162 4298 *pronuncientuu
1202 4244 1558 4284 consonantes
1601 4250 1721 4284 om-

1834 1313 1930 1347 nes
1967 1295 2121 1347 aliam
2155 1295 2329 1349 solum
2361 1308 2771 1363 consonantem,
2808 1314 2841 1348 a

1835 1391 1892 1426 se
1916 1373 2172 1425 diversam
2186 1413 2203 1440 ,
2226 1376 2493 1444 franffint.

1907 1453 1957 1504 3.
1984 1454 2226 1525 Frangat.
2252 1454 2367 1504 Hoc
2380 1452 2672 1526 fmnqendi
2687 1469 2841 1504 voca·

1833 1530 2047 1598 bulum,
2066 1532 2299 1585 insolens
2317 1532 2418 1585 hac
2430 1570 2445 1596 ,
2468 1550 2571 1603 qua
2591 1532 2810 1602 legimus
2822 1571 2840 1598 ,

1834 1611 2252 1680 significatione,
2286 1611 2554 1664 difficilem
2591 1611 2718 1662 facit
2757 1610 2842 1662 lo-

1832 1707 1970 1741 cum.
1997 1692 2161 1742 Recte
2184 1703 2360 1744 tamen
2382 1692 2646 1743 Gesner-us
2666 1703 2839 1757 tenet,

1833 1772 1877 1821 si
1907 1780 2052 1821 coeat
2081 1772 2357 1836 inseratur,
2388 1789 2556 1822 meras
2594 1770 2837 1822 tenebras

1835 1847 2026 1919 objici,
2052 1866 2154 1919 qua
2178 1851 2233 1901 in
2256 1868 2311 1900 re
2336 1852 2450 1920 ejus
2474 1861 2703 1901 mentem
2727 1866 2836 1900 non

1835 1941 1912 1979 est
1924 1941 2196 1980 assecutus
2206 1927 2600 1992 Lochmannus,
2612 1927 2713 1979 loc.
2727 1929 2837 1993 cit.,

1832 2024 1952 2077 pag.
1988 2024 2080 2072 10,
2106 2009 2195 2076 qui
2222 2017 2395 2070 coeat,
2424 2007 2532 2057 sive
2560 2004 2835 2072 scribatur,

1833 2086 1939 2136 sive
1955 2088 2244 2151 omittatur,
2257 2085 2478 2154 intelligi
2492 2098 2666 2137 tamen
2684 2103 2837 2156 opor-

1830 2177 1939 2216 tere
1954 2177 2121 2235 putat.
2138 2166 2292 2216 Hunc
2309 2181 2536 2215 errorem
2549 2162 2832 2216 incidendo

1830 2256 1955 2314 post
1998 2243 2215 2295 alterum
2256 2242 2441 2294 videor
2479 2241 2830 2312 prohibuisse.

1831 2324 2192 2393 opponuntur
2211 2326 2407 2394 junctae
2423 2360 2441 2388 ‚
2469 2340 2681 2393 unaque
2707 2341 2833 2393 pro-

1830 2402 2167 2469 nunciandae,
2186 2403 2395 2485 vpcales
2416 2402 2833 2455 consonantibus

1828 2480 2009 2533 itidem
2038 2482 2194 2533 simul
2220 2480 2651 2553 pronunciandis.
2668 2484 2834 2532 Voca-

1830 2561 1904 2615 les
1928 2560 2044 2615 duae
2068 2562 2254 2615 saltem
2278 2561 2332 2633 (1
2357 2575 2407 2616 et
2424 2564 2501 2627 U,
2523 2560 2666 2633 quod
2686 2574 2831 2634 patet

1831 2643 2080 2714 exemplis
2110 2662 2231 2695 mox
2260 2641 2579 2714 afferendis)
2606 2655 2832 2714 possunt

1828 2722 2035 2775 sibimet
2057 2725 2186 2794 ipsis
2211 2723 2406 2775 eaedem
2423 2724 2607 2793 jungi3
2636 2739 2831 2773 conso-

1827 2815 2013 2854 nantes
2038 2804 2220 2868 nullae,
2244 2805 2345 2855 nisi
2364 2801 2513 2854 alteri
2532 2820 2561 2853 a
2582 2820 2638 2853 se
2655 2801 2829 2854 diver—

1827 2899 1911 2934 sae.
1947 2884 2095 2934 Hanc
2127 2884 2229 2933 vim
2258 2883 2587 2954 pronominis
2611 2879 2829 2932 alteram

1826 2964 1870 3013 si
1909 2964 2025 3033 quis
2061 2976 2331 3033 gravatur,
2369 2975 2548 3034 potest
2580 2961 2827 3033 exemplis

1822 3053 2057 3093 veterum
2099 3040 2373 3111 redargui,
2418 3059 2531 3111 quae
2571 3043 2830 3094 ministrat

1822 3120 2200 3173 Taubmannus
2229 3120 2297 3171 ad
2325 3120 2491 3173 Plaut.
2518 3119 2822 3172 Truculent.

1824 3215 1924 3252 act.
1951 3202 2004 3267 l,
2030 3219 2101 3253 sc.
2133 3220 2189 3265 2,
2212 3220 2261 3252 v.
2300 3219 2364 3270 70
2382 3238 2398 3267 ‚
2423 3214 2484 3252 ut
2517 3213 2569 3252 et
2601 3199 2822 3252 Turseli.

1822 3284 1876 3333 in
1913 3280 2013 3333 hac
2045 3300 2207 3347 voce,
2241 3301 2293 3353 p.
2338 3298 2449 3349 ¹⁰9·
2486 3283 2664 3345 Loco,
2699 3278 2824 3332 huie

1820 3361 2061 3431 gemino,
2079 3363 2202 3425 XII,
2229 3378 2318 3426 io,
2347 3377 2443 3428 29,
2469 3359 2710 3430 exemplo
2733 3358 2826 3410 do-

1765 3443 1774 3450 '
1821 3456 2001 3490 cemur
2023 3438 2329 3502 manifesto,
2350 3438 2477 3508 quid
2500 3441 2565 3490 sit
2578 3437 2828 3510 franqere

1820 3527 2203 3568 consonantem.
2231 3518 2435 3569 Dicitur
2462 3519 2602 3568 enim
2625 3520 2666 3568 F
2689 3518 2825 3569 fran-

1818 3613 1941 3665 gere
1966 3610 2348 3648 consonantem
2372 3597 2601 3666 aliquam
2625 3599 2678 3648 in
2702 3599 2821 3666 ipso

1817 3674 1922 3727 hoc
1934 3676 2160 3748 fmnyit.
2189 3678 2324 3728 Nam
2349 3675 2492 3747 qnod
2520 3676 2594 3728 ibi
2618 3675 2823 3727 addita-

1816 3769 2053 3807 mentum
2066 3755 2196 3807 hoc:
2215 3767 2275 3807 ut
2287 3757 2342 3807 ἰη
2360 3757 2456 3807 hoc
2471 3757 2577 3828 ipso
2581 3757 2818 3830 frangit,

1817 3846 2085 3904 tamquam
2115 3835 2346 3905 glossam
2373 3839 2585 3907 rejecit,
2618 3836 2818 3907 aliquot

1814 3914 1983 3966 Codd.
2010 3916 2347 3983 auctoribus,
2376 3919 2736 3981 Burmannus,
2763 3914 2820 3967 id

1817 3994 2027 4065 quidem
2060 4014 2245 4065 parum
2278 3995 2483 4065 κριταῖς
2508 3995 2713 4047 videtur
2737 3996 2818 4047 fe-

1814 4077 1961 4128 cisse.
1978 4074 2278 4128 Tralatitius
2297 4092 2373 4129 est
2394 4076 2724 4134 librariorum
2742 4094 2817 4129 er·

1811 4172 1901 4205 ror
1915 4154 2191 4207 omittendi
2215 4158 2485 4227 interjecta
2505 4155 2676 4209 eidem
2694 4157 2818 4207 voci

1809 4233 1892 4287 bis
1923 4236 2109 4308 positae
2140 4233 2234 4305 (ut
2259 4234 2347 4289 hic
2364 4236 2628 4309 frangit...
2653 4234 2819 4309 fran—
