3200 5150
913 511 947 588 4
960 508 1039 574 36
1473 504 1567 568 Μ.
1607 504 1836 568 FABII
1873 502 2428 587 QUINTILIANI

910 651 979 702 et
1012 628 1231 702 verbis
1247 659 1272 714 ,·
1314 626 1606 700 facultas
1647 622 1890 698 orandi
1932 649 2464 701 consummatur
2499 646 2768 721 natura,
2802 650 2938 721 arte,

911 749 1434 830 exercitatione,
1484 741 1597 812 cui
1644 761 1963 839 quartam
2011 762 2282 840 partem
2328 742 2666 844 adjiciunt
2705 747 2941 846 quidam

837 887 867 922 2
912 863 1306 932 imitationis
1325 871 1343 901 ¹
1355 914 1374 947 ,
1392 883 1610 955 quam
1626 882 1754 927 nos
1773 856 1899 927 arti
1920 854 2394 957 subjicimus².
2407 860 2572 933 Tria
2586 883 2743 933 sunt
2757 861 2940 950 item³,

905 1001 1061 1073 quae
1081 994 1396 1072 praestare
1419 968 1708 1043 debeatl*
1728 992 1976 1059 orator,
1998 984 2075 1044 u‘t
2100 972 2358 1060 doceat,
2382 991 2672 1062 moveat,
2691 975 2945 1061 delectet,⁸

904 1090 1052 1161 haec
1083 1089 1274 1160 enim
1305 1085 1550 1159 clarior
1579 1085 1854 1177 divisio,
1876 1112 2093 1184 quam
2124 1112 2405 1176 eorum,
2429 1089 2551 1187 qui
2576 1110 2788 1162 totum
2809 1116 2944 1189 opus

900 1204 978 1275 in
1013 1230 1111 1276 res
1145 1224 1213 1275 et
1233 1203 1307 1274 in
1340 1202 1628 1300 affectus
1650 1200 2083 1299 partiuntur3
2117 1228 2260 1273 non
2289 1226 2567 1302 semper
2588 1225 2811 1277 autem
2830 1232 2948 1276 om-

902 1319 1020 1389 nia
1057 1318 1130 1390 in
1169 1343 1325 1389 eam
1349 1373 1367 1405 ‚
1402 1342 1557 1417 quae
1599 1316 2022 1405 tractabitur,
2062 1318 2425 1391 materiam
2466 1319 2754 1410 cadent;
2788 1340 2948 1392 erunt

902 1433 1094 1505 enim
1123 1432 1447 1531 quaedam
1477 1451 1756 1503 remotae
1783 1431 1871 1502 ab
1900 1431 2311 1505 affectibus⁵
2334 1491 2355 1525 ‚
2385 1435 2539 1534 qui,
2566 1457 2649 1508 ut
2670 1463 2805 1508 non
2826 1435 2949 1508 uhi-

899 1576 1037 1648 que
1061 1549 1324 1623 habent
1344 1547 1584 1620 locum
1601 1603 1621 1636 ‚
1645 1548 1769 1637 ita,
1796 1575 2245 1648 quocumque
2276 1550 2680 1651 irruperunt
2690 1550 2744 1645 ⁶,
2768 1552 2949 1652 pluri-

827 1678 862 1730 3
901 1691 1104 1736 mum
1135 1663 1386 1735 valent.
1417 1661 1995 1735 Praestandssimis
2028 1664 2427 1738 auctoribus
2462 1665 2723 1765 placet,
2756 1666 2872 1739 alia
2892 1666 2950 1737 in

897 1779 1237 1851 rhetorica
1271 1803 1450 1866 esse,
1480 1803 1636 1875 quae
1674 1777 2157 1875 probationem
2202 1778 2629 1872 desiderent,
2673 1781 2799 1853 alia
2831 1807 2951 1880 quae

894 1920 1040 1966 non
1075 1891 1464 1965 desiderent
1483 1920 1504 1981 3
1541 1918 1708 1963 cum
1744 1891 2041 1991 quibus⁷
2081 1893 2228 1992 ipse
2264 1896 2667 1968 consentio:
2709 1895 2952 1995 quidam

893 2099 1229 2168 Quamquam
1267 2095 1507 2170 exemplo
1546 2094 1702 2148 simili
1739 2094 1903 2147 desti-
1990 2108 2113 2142 cero
2138 2090 2334 2157 scribit.
2359 2094 2484 2144 Non
2510 2094 2675 2163 igitur
2697 2109 2880 2165 semper
2899 2090 2955 2142 ai-

897 2190 1034 2227 tuor.

973 2272 1016 2306 1.
1043 2255 1373 2307 Imitationis.
1400 2253 1485 2306 Ad
1507 2255 1737 2305 Herenn.
1764 2255 1814 2320 1,
1836 2269 1898 2304 2:

901 2357 924 2381 ι
944 2336 1168 2386 Imitatin
1190 2347 1296 2400 est,
1318 2352 1422 2404 qua
1441 2333 1760 2405 impellimur
1778 2351 1900 2384 cum

901 2435 924 2460 ιι
939 2413 1180 2482 diligenti
1196 2416 1399 2464 ratione
1410 2452 1427 2479 ,
1443 2426 1502 2464 ut
1521 2411 1821 2482 aliquorum
1835 2414 1900 2463 si·

903 2514 926 2538 α
943 2491 1093 2544 miles
1117 2495 1172 2543 in
1195 2491 1423 2543 dicendo
1442 2491 1663 2542 velimus
1683 2508 1813 2542 esse.
1836 2514 1859 2539 n

969 2589 1016 2622 2.
1042 2569 1366 2642 Sabjicimus‘
1390 2567 1523 2623 Vide
1547 2566 1616 2621 ad
1638 2569 1739 2635 111,
1762 2568 1824 2636 3,
1846 2568 1898 2621 6.

968 2651 1017 2702 3.
1042 2650 1196 2701 Item.
1221 2651 1366 2702 Jens.
1388 2659 1562 2700 autem
1585 2667 1711 2699 eum
1733 2651 1901 2700 omni-

1986 2168 2160 2221 fectus
2191 2173 2249 2222 in
2280 2189 2496 2223 causam
2524 2171 2728 2224 cadunt
2743 2209 2761 2237 ‚
2790 2186 2958 2240 semper

1989 2260 2167 2301 tamen
2184 2249 2336 2302 fides.
2352 2248 2507 2303 Unde
2523 2269 2693 2321 quum
2704 2250 2955 2303 Demetrius

1988 2325 2271 2380 Phalereus
2288 2327 2489 2381 diceret
2507 2328 2858 2400 eloquentiam
2876 2340 2959 2377 tan-

1990 2418 2103 2457 tum
2128 2406 2301 2459 valere
2334 2409 2390 2458 iu
2421 2408 2668 2473 civitate,
2694 2425 2844 2478 quam
2869 2404 2958 2475 gla-

1991 2483 2109 2536 dius
2145 2486 2200 2537 in
2235 2484 2382 2537 bello
2400 2523 2417 2551 ‚
2459 2484 2791 2557 intelligebat
2827 2484 2886 2537 de
2913 2501 2960 2535 ea

1993 2581 2106 2635 quae
2129 2564 2355 2617 affectus
2378 2583 2487 2616 non
2510 2579 2767 2618 moveret.
2786 2567 2925 2617 Tm.

2061 2643 2113 2696 6.
2154 2644 2480 2716 Irruperant.
2527 2646 2607 2696 lta
2654 2644 2824 2697 Guelf.
2865 2660 2959 2695 cum

895 2729 996 2783 hm
1025 2742 1148 2782 ante
1174 2729 1438 2783 Stoerium
1462 2730 1593 2781 meis
1623 2727 1743 2780 edd.
1761 2766 1778 2792 ,
1807 2728 1902 2781 sed
1988 2725 2126 2776 Alm.
2165 2729 2222 2776 et'
2252 2729 2405 2777 Voss.
2447 2726 2514 2789 3;
2557 2728 2689 2779 item
2726 2726 2846 2780 obr.
2882 2722 2962 2777 Sed

893 2808 1026 2861 cod.
1045 2848 1062 2875 ‚
1092 2821 1282 2880 preter
1307 2806 1469 2862 Goth.
1487 2846 1504 2873 ,
1530 2806 1678 2878 quod
1705 2809 1900 2873 sciam,
1989 2803 2149 2855 Goth.
2180 2816 2233 2855 et
2258 2806 2401 2857 Jens.
2434 2803 2558 2876 (tac.
2589 2805 2778 2876 Gesn.)
2807 2806 2962 2856 irrum-

892 2887 1070 2950 nullo;
1091 2900 1144 2942 et
1162 2887 1321 2939 refert
1337 2885 1444 2938 hoc
1464 2888 1691 2958 scriptor
1710 2886 1777 2938 ad
1799 2905 1901 2938 nu·
1985 2894 2127 2954 punt
2140 2921 2159 2947 ‚
2198 2901 2320 2934 cum
2356 2887 2507 2936 Voss.
2551 2902 2581 2936 2
2624 2899 2679 2937 et
2716 2883 2833 2937 edd.
2867 2895 2964 2935 ante

892 2985 1096 3019 merum
1127 2967 1412 3018 ternarium
1443 2963 1606 3016 modo
1634 2968 1899 3037 positum,
1989 2962 2144 3015 Basil.
2168 2963 2432 3017 omnibus.
2463 2966 2589 3018 Haec
2608 2969 2784 3037 prima
2806 2965 2963 3034 inape-

892 3062 953 3099 ut
975 3059 1188 3120 praestet
1211 3046 1351 3098 item.
1374 3046 1610 3114 Confusa
1641 3056 1816 3096 autem
1847 3059 1901 3097 et
1989 3043 2119 3108 rint,
2142 3057 2202 3094 ut
2224 3061 2408 3096 omnes
2433 3044 2710 3117 deinceps.
2734 3046 2964 3116 Gonjunc·

894 3128 1018 3178 item
1054 3123 1173 3177 vide
1210 3124 1354 3196 apud
1389 3126 1643 3194 Heusing.
1684 3123 1753 3176 ad
1788 3125 1896 3177 OEc.
1988 3124 2123 3175 tivus
2170 3122 2408 3187 alienum
2454 3123 2549 3176 sed
2595 3138 2654 3176 et
2705 3126 2964 3197 perfectum

892 3205 1003 3258 off.
1029 3206 1124 3270 111,
1149 3203 1210 3268 3,
1246 3205 1328 3256 13.-
1349 3233 1423 3243 —
1442 3206 1551 3256 ΗΒ.
1585 3221 1633 3270 ῐ,
1662 3202 1727 3271 5,
1756 3204 1896 3256 itera.
1988 3213 2198 3274 praestat
2222 3205 2483 3273 presenti.
2508 3231 2582 3243 -
2602 3205 2685 3255 Ex
2712 3205 2878 3255 Tui-ic.
2904 3199 2965 3250 af·

891 3286 953 3336 R.
983 3300 1011 3334 2
1039 3296 1093 3334 et
1114 3283 1304 3347 Cum,
1328 3292 1520 3334 autem.
1545 3284 1638 3335 Eo.

859 3361 866 3372 ¹
964 3360 1013 3427 4.
1040 3360 1247 3411 Debent.
1275 3361 1360 3414 Sic
1381 3361 1555 3412 Guelf.
1578 3379 1700 3412 cum
1717 3363 1892 3413 Tui-ic.

892 3455 945 3493 et
973 3438 1092 3492 edd.
1126 3452 1247 3492 aute
1273 3439 1471 3513 Gryph.
1504 3440 1767 3492 omnibus.
1797 3443 1896 3493 nic

890 3521 1090 3592 primus
1108 3518 1276 3584 debet,
1301 3518 1446 3589 quod
1467 3538 1650 3572 omnes
1673 3522 1905 3573 retinue-'

890 3611 1015 3651 runt
1034 3596 1302 3668 deinceps·
1324 3600 1389 3648 Et
1408 3597 1558 3649 adest
1577 3600 1639 3649 iis
1660 3597 1820 3650 Goth.
1844 3612 1897 3650 et

885 3679 1111 3728 fortasse
1138 3674 1290 3726 multi
1320 3689 1600 3747 praeterea;
1636 3675 1729 3729 sed
1760 3695 1895 3728 con-

886 3758 1095 3808 cinnior
1130 3766 1210 3806 επ
1245 3768 1426 3806 noma
1458 3757 1735 3826 scriptura.
1759 3755 1895 3808 Vide

887 3837 987 3900 ΠΙ,
1020 3833 1087 3899 6,
1127 3849 1218 3884 12:
1261 3832 1407 3885 ·hoc
1441 3845 1520 3886 est
1554 3832 1777 3903 quod....
1808 3834 1894 3885 de-

894 3914 1110 3965 ·beat.·
1143 3941 1216 3952 --
1241 3913 1346 3965 BR.
1386 3929 1431 3979 1,
1463 3931 1526 3979 2,
1555 3913 1587 3966 3
1617 3926 1671 3964 et
1696 3913 1893 3980 Cin,

886 3991 1078 4044 debeat.
1103 3993 1196 4043 En.

959 4071 1009 4122 5.
1042 4073 1271 4122 Remotoe
1295 4071 1359 4122 ab
1389 4069 1679 4142 affectibus.
1707 4073 1889 4124 Causae

885 4148 1038 4202 exiles
1072 4152 1408 4222 potissimum
1445 4149 1644 4203 docent
1662 4187 1678 4215 ‚
1711 4168 1889 4222 qraves

882 4241 1124 4300 movent,
1138 4227 1413 4283 mediocres
1426 4227 1721 4298 delectant,
1735 4244 1793 4281 ut
1809 4231 1888 4284 ci·

1984 3282 2152 3333 fertur
2176 3282 2338 3333 altera
2367 3282 2663 3335 collatione
2691 3282 2965 3355 inu-aperiat.

1985 3360 2088 3414 Sed
2101 3364 2288 3415 confer
2299 3362 2367 3415 de
2380 3362 2486 3415 hoc
2502 3377 2625 3436 post
2639 3377 2967 3435 eumquecon-

1980 3443 2220 3513 junctivo
2245 3443 2461 3495 Bentlei.
2488 3442 2556 3494 ad
2578 3444 2769 3496 Horat.
2794 3444 2911 3496 Sm.
2928 3440 2969 3500 Ῐ,

1992 3537 2081 3587 ιο,
2110 3521 2207 3587 88,
2235 3524 2325 3591 qui
2354 3540 2419 3573 ex
2444 3524 2619 3594 poetis
2647 3535 2833 3574 tuetur
2855 3518 2968 3571 indi·

1983 3601 2424 3653 nativum—RB.
2452 3619 2497 3668 ι,
2515 3618 2573 3668 2,
2594 3601 2628 3654 3
2646 3615 2703 3655 et
2718 3602 2781 3669 4,
2801 3601 2966 3669 irrupe-

1984 3689 2120 3731 runt.
2145 3681 2307 3732 Cim».
2329 3694 2382 3732 et
2399 3682 2546 3733 Cum.
2573 3681 2874 3753 irruperint.
2896 3679 2967 3729 &a

2056 3775 2105 3828 7.
2143 3762 2272 3811 Cum
2298 3759 2495 3831 quibus.
2531 3760 2614 3813 sic
2648 3777 2757 3831 pro
2789 3757 2969 3830 quibat-

1983 3855 2101 3888 σωκ
2118 3839 2301 3908 optimi
2318 3839 2514 3908 quique
2537 3840 2847 3910 scriptores.
2862 3836 2971 3887 Pris-

1982 3919 2116 3967 cian.
2144 3935 2198 3987 p.
2224 3915 2481 3988 (Putsch.)
2503 3917 2607 3986 949
2624 3938 2639 3966 z
2681 3940 2707 3962 α
2727 3934 2845 3968 cum
2874 3913 2971 3985 qni·

1988 3997 2117 4048 «bus
2153 4009 2205 4048 et
2239 3996 2595 4067 quibuscum...
2636 3991 2971 4067 antiquissimi

1986 4096 2008 4119 α
2028 4087 2311 4145 utrumque
2343 4073 2620 4140 dicebant,
2655 4075 2758 4127 sed
2791 4077 2845 4126 iu
2874 4071 2974 4143 plu-

1985 4173 2006 4197 α
2026 4151 2121 4203 ruli
2166 4154 2345 4223 primm
2389 4171 2626 4224 personae
2649 4190 2668 4218 ‚
2714 4149 2972 4222 caet-phau}

1982 4252 2004 4277 α
2025 4247 2180 4284 eausa
2198 4267 2216 4297 ‚
2244 4229 2484 4285 solebant
2506 4249 2599 4303 per
2620 4227 2976 4302 anam-opheta
