3200 5150
1120 480 1238 547 PR
1251 478 1635 548 AEFATIO.
2348 477 2430 556 25

411 604 549 663 dixia
576 604 640 662 ld
673 603 926 683 inprimis
958 598 1103 659 male
1133 621 1223 659 me
1254 601 1448 660 habuit
1462 643 1482 673 ,
1505 601 1658 680 quod
1687 617 1966 682 nusquam
1994 607 2209 664 notavit
2230 607 2434 667 Gibso-

408 720 516 759 nus
530 741 546 771 ‚
571 704 629 757 in
652 698 852 778 quibus
880 699 1234 775 potissimum
1256 695 1390 754 locis
1414 696 1593 754 mutili
1618 710 1803 755 essent
1817 740 1835 769 ‚
1858 718 1998 777 quos
2019 702 2076 757 in
2098 722 2300 779 genere
2317 724 2432 761 non

408 815 530 853 esse
564 799 807 872 integros
839 795 1090 863 monuit,
1113 790 1243 848 libri
1269 794 1594 850 Joannensis
1623 805 1682 849 et
1710 793 2049 851 Baliolensis.
2082 799 2185 854 Hic
2210 800 2433 856 interim

406 899 593 944 teneat
621 886 815 958 lector,
843 884 1107 959 codicem
1128 883 1519 956 nudissimum,
1550 890 1708 962 cujus
1734 905 1863 943 eum
1894 886 2348 947 Almeloveniano
2378 903 2435 947 et

404 983 695 1038 'turicensi
731 981 1006 1056 insignem
1045 976 1538 1035 animadvertimus
1578 981 2026 1036 convenientiam
2067 981 2163 1054 (et
2197 980 2435 1040 fortasse

402 1079 584 1152 major
605 1085 926 1153 appareret,
948 1075 996 1130 si
1019 1076 1324 1130 accuratius
1353 1083 1500 1131 esset
1525 1076 1856 1147 excussus),
1884 1075 2168 1148 eamdem,
2196 1088 2433 1135 testante

403 1167 650 1224 Gibsono
665 1208 684 1237 ‚
711 1186 880 1246 quam
902 1166 1108 1222 horum
1130 1176 1427 1244 utrumque
1442 1205 1459 1237 ,
1485 1166 1777 1223 ostendere
1800 1166 2010 1225 librarii
2029 1171 2383 1247 imperitiam.

325 1262 707 1339 Argentorati,
739 1280 809 1317 ex
838 1262 1160 1316 recensione
1182 1257 1355 1318 ulrici
1383 1258 1669 1317 Obrechti.
1709 1263 1870 1333 1698.
1899 1265 1951 1332 4.
1990 1261 2306 1321 Obrechtus
2324 1304 2342 1333 ‚
2370 1275 2433 1320 ut

378 1358 573 1432 ‘supra
601 1356 829 1424 monui,
860 1364 1039 1409 morte
1061 1363 1362 1430 occupatus
1385 1351 1527 1423 fuit,
1549 1373 1664 1431 qno
1687 1355 1873 1411 niinus
1911 1379 1934 1405 ι
1959 1355 2237 1432 peculiare
2266 1355 2435 1414 volu·

407 1470 433 1497 a
460 1466 590 1504 men
604 1487 622 1517 ‚
645 1445 797 1524 quod
816 1457 987 1521 notas·
1000 1463 1127 1503 suas
1151 1456 1207 1502 et
1227 1447 1536 1525 praecipuos
1560 1448 1791 1525 insuper
1812 1447 2160 1505 eruditorum
2180 1451 2430 1506 virorum

410 1564 433 1590 ι
458 1542 884 1598 commentarios
913 1537 1372 1616 complecteretur
1395 1564 1418 1590 a·
1440 1579 1460 1609 ,
1496 1541 1791 1597 emitteret.
1820 1540 2095 1599 Adhibuit
2117 1545 2207 1599 vir
2232 1541 2431 1600 doetus

401 1631 476 1688 ad
497 1631 907 1711 repurgandum
931 1643 1142 1689 textum
1164 1651 1299 1710 opes
1323 1631 1689 1690 Gibsonianas
1703 1674 1722 1704 ‚
1745 1632 2105 1691 Bodleianum
2127 1638 2432 1713 praecipue,

401 1727 548 1782 utin
572 1722 806 1802 epistola
837 1723 1175 1782 dedicatoria
1201 1722 1273 1781 ad
1302 1723 1614 1781 Gibsonum
1646 1735 1898 1796 testatur,
1925 1726 2220 1792 Codicem;
2249 1726 2348 1783 sed
2376 1741 2432 1783 et

403 1819 658 1895 proprias
680 1814 839 1872 dotes
867 1815 1038 1872 offert
1058 1815 1220 1885 liber,
1243 1817 1450 1893 quippe
1475 1814 1695 1874 Codicis
1718 1819 1827 1873 ΜΒ.
1855 1814 2204 1873 bibliothece
2225 1821 2432 1903 Argen3

399 1911 694 1966 toratensis
712 1909 1012 1986 scripturas
1030 1907 1313 1967 exbibens.
1329 1913 1426 1965 11ae
1442 1918 1630 1965 autem
1648 1906 1839 1985 quales
1859 1910 1971 1964 sint
1987 1911 2242 1987 proprie,
2257 1929 2430 1988 quum

400 2014 456 2061 et
474 1988 907 2079 conjectura'sua
928 2019 1095 2058 usum
1115 2019 1176 2058 se
1198 1999 1524 2078 profiteatur
1544 1999 1858 2058 Obrecbtus
1873 2041 1893 2071 ‚
1915 2003 2035 2079 ipsa
2057 2001 2285 2078 quidem
2309 2002 2431 2059 edi-

399 2099 480 2153 tio
510 2096 791 2153 neminem
821 2091 1014 2163 docet,
1051 2103 1107 2150 et
1136 2092 1231 2150 hic
1260 2112 1483 2172 quoque
1513 2092 1736 2163 Codex,
1765 2095 1861 2171 qui
1899 2093 2122 2151 videtur
2146 2113 2266 2152 esse
2288 2115 2430 2174 prae-

400 2189 769 2248 stantissimus
791 2187 1153 2266 proximeque
1175 2185 1247 2243 ad
1267 2188 1452 2244 Turic.
1476 2185 1621 2243 Alm.
1646 2185 1801 2243 Bodl.
1827 2185 2088 2244 accedere
2102 2227 2123 2258 ‚
2149 2199 2431 2271 exspectat

399 2300 611 2341 novum
642 2277 994 2349 collatorem,
1030 2282 1127 2358 qui
1162 2278 1326 2337 facile
1361 2291 1548 2357 potest
1581 2281 1637 2337 ei
1673 2280 1994 2357 contingere
2029 2282 2089 2337 in
2121 2281 2295 2352 urbe,
2329 2280 2430 2339 ubi

397 2360 706 2433 Brunckius
719 2414 739 2444 ‚
768 2372 1289 2452 Schweighenserus
1308 2414 1326 2444 ‚
1353 2372 1652 2431 obet-linus
1678 2383 1933 2431 tutantur
1953 2384 2171 2431 nostras
2198 2373 2427 2432 litteras.

396 2472 481 2525 Ex
504 2465 687 2544 aliqua
708 2476 866 2545 parte
887 2464 1225 2525 desiderium
1247 2477 1502 2524 nostrum
1524 2464 1734 2524 levavit
1754 2464 2069 2523 Obrechtus
2091 2470 2430 2544 premittens

397 2561 572 2620 textui
599 2584 623 2610 ι
642 2557 885 2618 indicem
904 2558 1274 2637 quorumdam
1297 2557 1550 2618 locorum
1567 2579 1711 2639 quos
1727 2591 1800 2604 —
1818 2558 2152 2618 emendavit.
2174 2586 2198 2611 υ
2221 2564 2345 2641 Ipse
2367 2563 2426 2621 in

396 2673 462 2711 ea
475 2694 494 2723 ‚
521 2672 690 2731 quam
717 2651 832 2709 dixi
855 2651 1088 2732 epistola
1110 2655 1415 2712 rectissime
1439 2657 1610 2714 sentit
1627 2653 1698 2710 de
1720 2656 1875 2711 omni
1899 2653 2008 2711 hoc
2025 2656 2266 2733 negotio.
2284 2660 2426 2714 Nam

401 2773 425 2799 ι
450 2747 722 2817 Vulnera,
764 2750 872 2817 ait,
907 2758 972 2804 ut
1005 2749 1187 2805 sanari
1224 2767 1286 2806 se
1328 2750 1630 2827 patiantur,
1670 2746 1842 2806 cruda
1883 2757 2015 2805 sunt
2049 2749 2336 2807 tractanda
2370 2761 2427 2807 et

400 2864 425 2889 a
450 2839 621 2896 callus
636 2880 653 2908 ‚
677 2838 831 2917 quod
852 2838 1106 2898 obductis
1130 2840 1275 2898 male
1300 2840 1649 2899 cicatricibus
1673 2839 1793 2898 fieri
1821 2839 1996 2912 solet,
2023 2840 2095 2897 ad
2117 2844 2312 2899 vivum
2334 2861 2426 2901 re-

402 2955 425 2981 ·
450 2931 736 2988 secandus.
776 2937 822 2988 E
856 2936 1131 3010 corruptis
1166 2947 1314 2991 certe
1346 2933 1484 2991 locis
1525 2933 1710 2991 nullos
1743 2932 1960 2991 felicius
1993 2937 2294 2992 correxerit
2327 2938 2424 3014 qni

399 3049 422 3075 ι
449 3034 567 3084 arte
588 3036 646 3080 et
662 3022 874 3102 judicio
890 3023 1068 3096 valet,
1090 3029 1379 3106 quamqui
1398 3038 1454 3084 et
1476 3046 1510 3083 a
1532 3024 1774 3084 librariis
1798 3029 2212 3104 imperitissime
2231 3031 2422 3108 scripti

399 3141 424 3167 ι
449 3128 505 3174 et
526 3116 599 3176 ab
621 3114 1069 3178 emendatoribus
1090 3136 1195 3196 pro
1217 3116 1678 3195 desperatissimis
1697 3117 1898 3195 abjecti
1918 3130 2064 3177 sunt.
2092 3144 2118 3168 υ

314 3209 641 3288 Alteuburgi
669 3229 737 3267 ex
764 3208 988 3267 officina
1009 3209 1289 3272 Richter-ia
1326 3212 1487 3283 ¹773·
1525 3214 1576 3266 8.
1615 3213 1718 3267 Hic
1744 3230 1955 3288 ponere
1978 3209 2148 3269 malui
2177 3225 2425 3271 curatam

394 3303 466 3362 ab
493 3304 710 3366 Harlete
728 3310 793 3360 V.
817 3309 877 3363 C.
902 3306 1292 3384 repetitionem
1312 3303 1633 3362 Rollinianae
1652 3307 1952 3383 epitomes,
1974 3325 2144 3384 quam
2167 3326 2278 3365 suae
2295 3328 2428 3387 pro-

392 3401 514 3476 prie
530 3400 673 3455 aetati
692 3397 942 3455 reddere.
966 3402 1173 3454 Notum
1193 3409 1277 3454 est
1293 3396 1495 3454 Rollini
1513 3400 1830 3456 institutum
1853 3398 2143 3457 breviandi
2164 3400 2421 3459 rhetoris.

393 3491 615 3550 Editum
645 3489 753 3547 fnit
779 3490 1174 3569 compendium
1201 3490 1311 3547 hoc
1333 3493 1552 3548 Parisiis
1584 3511 1603 3548 ι
1620 3492 1746 3565 715.
1780 3512 1864 3548 ια.
1901 3492 2243 3550 Monendnm
2270 3493 2423 3551 vide-

393 3594 504 3654 tur,
525 3582 807 3642 Rollinum
833 3582 1041 3642 nullam
1065 3583 1325 3641 habuisse
1353 3602 1544 3641 curam
1570 3581 1922 3644 Gibsonianae
1948 3583 2038 3642 vel
2072 3584 2421 3644 Obrechtinae

396 3675 722 3734 editionum.

319 3764 575 3844 Lugduni
604 3771 661 3823 B.
704 3787 864 3842 ¹7²⁰·
899 3771 952 3840 4.
975 3769 1274 3826 Burmanni
1303 3767 1476 3825 editio
1504 3772 1708 3845 justam
1738 3768 1907 3827 habet
1936 3772 1996 3825 in
2022 3768 2255 3847 singulis
2282 3768 2420 3828 locis

394 3861 663 3920 Codicum
683 3867 1063 3925 recensionem
1078 3907 1096 3936 ‚
1118 3884 1258 3944 quos
1280 3876 1636 3942 repraesentat
1657 3884 1862 3922 novem
1875 3906 1894 3936 ‚
1922 3867 1970 3923 si
1992 3869 2420 3942 Argentoraten-

395 3975 515 4015 sem
538 3954 937 4033 complecteris.
968 3958 1122 4016 Bodl.
1151 3958 1263 4015 Bal.
1287 3964 1483 4015 Joann.
1509 3957 1657 4015 Alm.
1678 3963 1836 4015 Voss.
1873 3978 1918 4014 ι.
1948 3978 1997 4013 2.
2025 3960 2078 4013 3.
2101 3961 2259 4012 Bern.
2285 3963 2416 4035 Arg.

393 4060 594 4127 praeter
632 4048 904 4125 quosdam
943 4070 1069 4106 raro
1109 4053 1303 4108 citatos
1318 4091 1336 4120 ‚
1372 4063 1433 4106 ut
1476 4050 1766 4106 Poullainii
1813 4061 1870 4107 et
1898 4047 2296 4106 colbertinum.
2329 4052 2417 4106 Ad

390 4142 566 4208 hosce
600 4145 767 4224 igitur
796 4146 1227 4203 Burmannianos
1260 4164 1433 4228 quum
1468 4143 1733 4202 accedant
1768 4155 1823 4200 et
1853 4142 2151 4214 vallensis,
2184 4164 2214 4202 a
2249 4143 2416 4200 Badio
