3200 5150
669 494 1321 565 INSTITUTIONIS
1356 495 1613 564 ORAT.
1654 496 1815 564 LIB.
1858 497 1918 577 1,
1966 518 2064 564 12.

2289 498 2407 567 251

322 648 454 725 ego
486 647 631 694 non
666 622 752 695 de
783 618 989 695 tardis
1033 622 1329 722 ingeniis
1366 620 1636 723 loquor.
1678 621 2003 722 Denique
2041 649 2167 694 cur
2196 622 2271 695 in
2310 623 2418 697 his
2460 636 2521 692 15

322 737 689 828 omnibus,
731 764 886 839 quae
935 738 1261 811 discenda
1303 736 1550 809 oratori
1592 736 1829 810 futuro
1873 758 2083 837 puto,
2123 739 2422 812 eminuit

323 849 561 924 Plato?
597 852 756 951 qui,
795 880 942 924 non
983 873 1347 925 contentus
1390 849 1848 950 disciplinis¹,
1892 877 2065 951 quas
2103 871 2417 950 praestare

320 986 639 1065 poterant
662 967 986 1056 Athenae,
1021 993 1163 1039 non
1195 967 1789 1066 Pythagoreorum
1809 1024 1828 1057 ,
1860 967 1946 1038 ad
1980 992 2153 1066 quos
2185 966 2255 1038 in
2285 969 2419 1039 lta·

317 1079 486 1153 liam
527 1083 995 1181 navigaverat,
1032 1082 1312 1181 AEgypti
1343 1107 1627 1181 quoque
1660 1079 2042 1153 sacerdotes
2071 1079 2274 1169 adiit,
2309 1101 2417 1154 at·-

319 1221 459 1295 que
512 1222 757 1267 eorum
810 1222 1059 1268 arcana
1109 1196 1492 1296 perdidicit.
1545 1194 1989 1268 Difficultatis
2039 1193 2417 1294 patrocinia

314 1311 756 1411 praeteximus
796 1312 1142 1410 segnitiae3
1186 1337 1416 1412 neque
1465 1310 1658 1384 enirn
1701 1309 1904 1383 nobis
1951 1310 2177 1410 operis
2220 1335 2419 1383 amor

319 1445 463 1515 est3
510 1451 679 1515 nec,
711 1426 875 1524 quia
909 1426 992 1497 sit
1023 1426 1344 1515 honesta,
1383 1447 1590 1525 atque
1624 1421 2097 1524 pulcherrima
2137 1436 2415 1496 rerum⁸

391 1619 437 1654 ι.
461 1601 652 1654 Plato?
668 1604 785 1676 qui,
808 1624 914 1657 non
933 1617 1202 1661 contentus
1218 1607 1318 1660 dis-

312 1679 546 1754 ciplint's,
574 1695 672 1734 etc.
704 1682 851 1736 Plato
880 1688 1107 1756 primum
1134 1705 1190 1738 se
1212 1705 1316 1738 nu-

309 1762 389 1830 gis
410 1775 472 1812 ac
489 1761 735 1815 inanibus
755 1763 956 1818 artibus
975 1766 1318 1832 contriverat,

311 1851 364 1891 et
387 1837 571 1891 studiis
588 1878 604 1907 ,
630 1860 773 1913 quae,
799 1843 842 1894 si
866 1861 987 1895 vera
1012 1858 1217 1911 essent,
1240 1847 1317 1896 ni-

309 1914 386 1969 hil
399 1919 668 1986 afferrent,
681 1939 787 1991 quo
804 1921 989 1975 melius
999 1925 1317 1985 viveremus,

308 1993 523 2049 heroica
543 2002 775 2051 carmina
796 2014 1187 2072 composuerat,
1204 2020 1318 2094 quae

311 2089 615 2148 comparata
658 2094 782 2128 cum
818 2079 1033 2131 Homeri
1069 2082 1316 2131 carmini-

310 2152 446 2220 bus,
474 2157 581 2226 igni
609 2155 785 2209 dedit.
814 2160 1091 2230 scripserat
1124 2173 1316 2229 tragoe-

309 2230 423 2285 dias
444 2252 603 2304 quas,
622 2247 872 2287 monente
891 2236 1132 2303 Socrate,
1157 2236 1316 2308 plane

312 2314 583 2364 exstinxit·
571 2354 585 2376 ,
614 2332 676 2365 ac
710 2314 923 2366 demum
939 2354 956 2382 ,
980 2329 1039 2368 ut
1061 2318 1241 2388 patriae
1265 2330 1318 2370 et

310 2394 489 2461 generi
520 2392 755 2445 humano
790 2395 977 2447 melius
1009 2397 1279 2449 inserviret
1298 2435 1315 2464 ,

306 2468 701 2544 philosophiam
735 2487 878 2526 totus
915 2474 1188 2546 amplexus
1218 2489 1311 2528 est.

308 2549 381 2602 Ut
403 2551 465 2603 iis
481 2588 498 2617 ‚
525 2569 637 2624 quae
663 2552 899 2606 eruditus
922 2549 1128 2621 fuerat,
1153 2554 1317 2609 adde-

304 2640 418 2695 ret,
456 2631 756 2701 Megaram,
790 2631 1024 2698 Italiam,
1052 2634 1316 2707 Cyrenas,

306 2707 627 2779 AEgyptum,
665 2722 718 2761 et
752 2727 1094 2781 quascunque
1130 2726 1315 2782 gentes

308 2784 507 2837 artibus
523 2786 915 2841 florentissimas
926 2827 943 2855 ,
959 2793 1138 2861 petivit
1155 2804 1315 2862 atque

304 2860 574 2915 lustravit·
597 2866 738 2918 viros
762 2865 1016 2921 doctrinis
1043 2883 1094 2920 et
1115 2868 1314 2922 artibus

307 2944 665 2997 notatissimos
704 2944 861 3009 adiit3
900 2949 1013 3019 ipse
1051 2948 1316 3021 Syracusis

306 3021 534 3073 Dionem
555 3022 791 3076 erudivit.
809 3025 912 3076 At
896 3026 1171 3096 iniquitate
1185 3027 1318 3078 Dio-

308 3102 469 3173 nysii,
494 3104 580 3154 cui
604 3121 659 3155 se
688 3106 1055 3172 commiserat,
1076 3108 1131 3157 in
1156 3108 1317 3158 maxi·

309 3182 408 3233 mis
447 3182 694 3253 periculis
737 3183 1045 3255 insidiisque
1079 3198 1315 3238 versatus

307 3270 422 3310 est:
456 3259 698 3313 venditus
731 3275 790 3313 ut
822 3280 1033 3328 servus,
1065 3260 1315 3335 redemp-

308 3349 423 3404 tus,
456 3352 509 3390 et
541 3340 755 3393 tandem
785 3345 966 3414 patriae
1000 3360 1105 3396 suae
1138 3340 1319 3397 reddi·

306 3426 426 3483 tus,
454 3415 522 3468 ab
552 3420 857 3490 attingenda
884 3420 1187 3495 republica,
1218 3422 1316 3477 ab·

307 3497 526 3564 stinuit,
574 3518 637 3551 ea
681 3519 879 3568 causa,
927 3503 1103 3574 quod,
1152 3520 1315 3576 quum

306 3575 569 3666 populum
595 3597 765 3650 prope
786 3583 897 3651 jam
920 3596 1192 3636 senectute
1220 3583 1316 3636 de-

307 3655 616 3724 sipientem,
650 3676 749 3710 nec
782 3661 1183 3730 persuadendo,
1215 3682 1314 3716 nec

308 3732 552 3801 cogendo
579 3737 689 3805 regi
717 3755 873 3806 posse
900 3738 1126 3808 videret,
1152 3760 1314 3813 quum

306 3810 614 3882 persuaderi
627 3832 785 3884 posse
800 3814 1080 3884 diffideret,
1101 3823 1219 3891 cogi
1232 3821 1314 3872 fas

309 3908 423 3942 esse
448 3908 557 3942 non
581 3890 932 3946 arbitraretur.
962 3897 1038 3947 Ex
1067 3898 1314 3951 omnibus

306 3970 597 4040 peragratis
624 3970 869 4040 gentibus
895 3992 1078 4026 omnes
1103 3976 1316 4029 collexit

308 4062 446 4101 artes
459 4087 475 4115 ,
496 4063 547 4101 et
562 4049 729 4100 forma
743 4048 1123 4124 philosophiae
1109 4058 1316 4107 institu-

312 4138 367 4178 ta
383 4166 399 4195 ,
425 4131 479 4181 in
504 4129 803 4182 scholarum
827 4130 1050 4184 coetibus
1066 4170 1082 4199 ‚
1108 4146 1160 4185 et
1183 4136 1317 4186 inter

312 4205 579 4264 auditores
593 4247 612 4279 ,
648 4228 874 4283 quorum
908 4212 1315 4285 frequentissimi

1407 1618 1459 1659 et
1492 1605 1905 1676 praestantissimi
1941 1603 2157 1656 fuerunt
2188 1605 2414 1656 Demos-

1402 1684 1591 1736 thenes
1635 1683 2047 1754 Aristotelesque
2068 1721 2084 1749 ,
2121 1695 2306 1735 ornate
2347 1683 2415 1735 de

1404 1766 1550 1829 Deo,
1569 1762 1638 1814 de
1657 1761 1893 1813 moribus
1910 1799 1926 1827 ,
1945 1760 2141 1833 dejure
2161 1760 2417 1813 civilidis-

1407 1844 1568 1893 seruit
1581 1863 1595 1905 3
1610 1844 1663 1893 in
1679 1843 1885 1912 scriptis
1893 1858 2018 1890 vero
2035 1838 2415 1906 ornatioribus,

1409 1938 1567 1991 quam
1587 1939 1616 1971 a
1639 1921 1851 1973 Socrate
1875 1929 2181 1989 acceperat,
2206 1919 2416 1989 perfec·

1405 2000 1658 2049 tissimam
1673 1997 1884 2068 reliquit
1897 1997 2194 2049 doctrinam
2204 2035 2221 2063 ,
2237 2015 2417 2067 quam-

1408 2093 1511 2147 que
1538 2089 1726 2148 postea
1755 2073 2042 2128 academici
2066 2088 2120 2127 et
2145 2077 2414 2147 peripate-

1404 2158 1498 2207 tici
1521 2167 1646 2207 sunt
1668 2156 1853 2207 secuti.
1878 2155 1942 2205 Et
1967 2172 2028 2207 ea
2051 2154 2153 2206 fuit
2174 2153 2264 2206 illa
2287 2153 2416 2207 doc-

1404 2236 1544 2286 trina
1577 2246 1632 2285 et
1661 2236 1766 2286 vita
1801 2233 2067 2295 Platonis,
2101 2245 2164 2284 ut
2196 2233 2416 2303 longum

1407 2327 1618 2384 tempus
1649 2313 1798 2384 quasi
1823 2312 2037 2383 quidam
2064 2314 2208 2365 Deus
2235 2313 2415 2384 philo·-

1406 2390 1703 2464 sophorum
1724 2404 2021 2458 vocaretur,
2050 2404 2183 2443 teste
2204 2393 2418 2444 OEcero-

1404 2489 1499 2538 ne,
1525 2490 1589 2522 ex
1614 2490 1721 2543 quo
1750 2489 1812 2522 ea
1837 2472 2209 2542 excerpsimus.
2235 2473 2328 2524 En.

1477 2568 1525 2604 2.
1546 2550 1909 2603 Pulcherrima
1930 2568 2117 2603 mrum.
2138 2550 2416 2605 Sublimio-

1400 2635 1474 2685 ris
1499 2634 1753 2683 orationis
1779 2632 1981 2683 locutio
1996 2670 2012 2697 ,
2031 2644 2218 2683 mutuo
2238 2650 2416 2705 sump-

1403 2723 1488 2776 ta,
1510 2724 1570 2763 ut
1585 2710 1812 2775 videtur,
1835 2728 1868 2762 a
1891 2712 2080 2782 poetis.
2101 2713 2416 2782 Expressam

1402 2787 1551 2841 dicas
1592 2810 1622 2842 e
1657 2789 1862 2860 Virgilii
1896 2808 2052 2842 versu
2092 2789 2285 2862 Georg.
2329 2793 2412 2857 11,

1406 2866 1527 2934 534.
1566 2871 1755 2939 Neque
1794 2870 1934 2921 enim
1971 2867 2222 2921 accedam
2257 2873 2306 2922 J.
2344 2872 2411 2922 H.

1402 2947 1596 2998 Vossio
1619 2964 1786 2998 rernm
1803 2964 1900 3018 pro
1918 2946 2416 3018 rerumpublicarum

1400 3027 1640 3097 positum
1678 3026 1974 3096 accipienti.
2013 3025 2128 3077 Alia
2166 3040 2246 3078 est
2275 3030 2413 3079 ratio

1407 3120 1574 3174 quum
1615 3103 1859 3173 adjicitur
1903 3120 2099 3155 nomen
2139 3118 2286 3156 terrae
2329 3105 2412 3158 vel

1402 3182 1593 3255 populi
1619 3179 1687 3233 ad
1709 3198 1810 3247 res,
1836 3181 1918 3233 vel
1947 3200 2052 3233 rem
2070 3220 2085 3245 ,
2112 3184 2413 3255 cujusmodi

1405 3276 1528 3314 sunt
1569 3264 1745 3313 omnia
1762 3301 1778 3327 ,
1818 3278 1932 3333 que
1969 3263 2200 3335 appellat
2219 3300 2235 3329 ,
2272 3264 2409 3317 loca.

1398 3343 1543 3395 'Usus
1574 3354 1752 3393 autem
1777 3353 2058 3413 poetarum
2085 3344 2142 3394 in
2169 3341 2270 3395 hac
2297 3345 2411 3395 for·

1404 3440 1489 3476 ma
1510 3424 1635 3475 satis
1656 3434 1735 3474 est
1753 3434 2019 3474 constans.
2038 3423 2173 3475 Nam
2189 3424 2231 3474 si
2251 3425 2413 3475 maxi-

1405 3522 1493 3555 ma
1520 3521 1690 3555 rerum
1715 3504 1880 3553 Roma
1903 3501 2085 3554 itidem
2110 3504 2410 3576 reipublicae

1404 3582 1700 3654 significatu
1740 3581 1882 3635 dicta
1921 3581 2164 3633 videatur
2203 3582 2407 3636 AEneid.

1401 3666 1527 3728 vn,
1567 3662 1671 3714 602
1688 3701 1704 3730 ,
1745 3661 1967 3716 Ovidius
2009 3676 2154 3714 certe
2194 3665 2407 3716 Metam.

1401 3742 1550 3809 vm,
1580 3741 1682 3811 49,
1715 3740 1936 3812 aliisque
1963 3742 2095 3795 locis
2119 3742 2409 3815 pulcherri-

1398 3836 1490 3872 ma
1504 3836 1675 3871 rerum
1696 3818 1824 3872 dixit
1843 3820 1968 3886 hoc,
1989 3838 2148 3891 quem
2170 3821 2413 3885 vindico,

1401 3898 1588 3952 latiore
1636 3900 1924 3953 intellectu.
1976 3902 2074 3952 Oui
2120 3900 2286 3954 simile
2331 3914 2409 3953 est

1401 3977 1675 4031 Claudiani
1733 4001 1755 4023 σι
1776 3994 2065 4050 operarum.
2119 3978 2411 4050 pulcherri-

1409 4076 1432 4103 ιι
1452 4074 1622 4109 mus...
1643 4056 1894 4109 Mundus.
1918 4081 1941 4105 n
1965 4059 2045 4111 De
2059 4070 2230 4129 quart.
2247 4059 2406 4112 Cons.

1400 4136 1658 4202 flonorii,
1681 4154 1729 4188 v.
1761 4136 1889 4204 284,
1917 4136 1984 4191 85
2002 4175 2019 4203 ‚
2043 4136 2136 4190 uhi
2161 4152 2371 4211 operum
2390 4178 2406 4203 ‚

1401 4228 1501 4287 pro
1527 4230 1715 4268 rtrum.
1742 4217 1823 4270 Ne
1846 4218 1948 4289 ipsi
1973 4215 2183 4288 quidem
2209 4218 2410 4270 Horatii

2460 1212 2523 1269 16
