3200 5150
948 496 1082 580 474
1521 490 1616 553 M.
1656 488 1883 553 Fami
1920 484 2477 572 Qum‘rimffll

944 615 1302 702 dicuntur,
1328 611 1494 712 quia
1514 632 1581 684 et
1601 612 1947 711 quantitas
1965 624 1983 655 ¹
2015 608 2229 684 modo
2258 611 2347 684 ad
2376 610 2823 713 conjecturam
2847 615 2967 686 refe·

944 751 1160 818 ratur,
1179 750 1257 801 ut
1270 730 1593 827 Major-ne
1609 727 1714 800 sol
1722 742 1774 815 ²,
1796 754 2007 828 quam
2025 728 2247 799 terra?
2260 728 2473 800 modo
2495 725 2583 799 ad
2602 726 2963 826 qualitatem,

949 845 1226 940 Quanta
1261 869 1465 943 poena
1505 848 1901 944 quempiam
1918 898 1939 930 ‚
1978 858 2322 943 quantove
2361 849 2685 943 proemt'o,
2727 848 2803 914 sit
2829 843 2967 943 affici

923 956 1237 1058 justum?
1260 978 1328 1030 et
1354 956 1707 1029 translatio
1723 956 1753 1002 3
1782 978 2088 1030 versetur
2110 958 2290 1030 cit-ca
2313 957 2711 1057 qualitatem
2728 1014 2747 1048 ,
2769 978 2828 1028 et
2848 956 2968 1029 defi·

834 1086 903 1152 43
943 1075 1113 1148 nitio
1149 1101 1302 1174 pars
1332 1074 1417 1146 sit
1441 1071 1978 1164 translationis43
2009 1075 2185 1174 quin
2213 1097 2280 1147 et
2307 1075 2660 1148 contrariae
2686 1072 2901 1173 leges⁵‚
2923 1092 2973 1143 et

942 1188 1452 1262 ratiocinativus
1478 1208 1729 1277 status,
1769 1188 1841 1260 id
1879 1208 1979 1261 est
2011 1189 2486 1289 syllogismus,
2525 1210 2594 1261 et
2624 1189 2970 1289 plerumque

942 1304 1177 1403 scripti
1193 1325 1260 1375 et
1277 1303 1648 1375 voluntatis
1668 1359 1687 1392 ,
1712 1328 1911 1403 aequo
1938 1302 2248 1375 nitantur
2265 1303 2435 1401 (nisi
2459 1303 2652 1403 quod
2670 1303 2776 1375 hic
2795 1300 2972 1374 tertius

942 1419 1320 1519 aliquando
1353 1418 1829 1519 conjecturam
1857 1418 2136 1518 accipit,
2166 1420 2354 1514 Quid
2382 1423 2658 1513 senserit
2688 1418 2833 1516 leqis
2856 1441 2974 1488 con-

939 1534 1319 1630 stitutorP),
1350 1534 1879 1633 ambiguitatem
1908 1560 2071 1606 vero
2104 1559 2381 1632 semper
2414 1533 2801 1632 conjectura
2823 1527 2977 1629 expli·

942 1649 1082 1719 cari
1110 1674 1387 1721 necesse
1412 1649 1497 1721 sit
1513 1678 1532 1738 ;
1564 1648 1767 1748 quia,
1794 1675 2023 1747 quum
2047 1648 2133 1720 sit
2160 1648 2613 1721 manifestum
2630 1702 2650 1736 ,
2672 1645 2974 1718 verborum

943 1762 1377 1835 intellectum
1408 1788 1552 1835 esse
1584 1762 1945 1863 duplicem
1964 1818 1984 1854 ,
2024 1761 2110 1834 de
2139 1762 2283 1835 sola
2308 1761 2644 1861 quaeritur
2672 1759 2974 1832 voluntate.

837 1886 906 1952 44
942 1881 1007 1951 A
1028 1877 1349 1978 plurimis
1377 1898 1512 1950 tres
1535 1899 1700 1950 sunt
1725 1878 1888 1950 facti
1918 1877 2275 1976 generales
2296 1898 2510 1949 status
2527 1932 2547 1964 ,
2571 1875 2820 1975 quibus
2838 1871 2979 1945 etCi-

946 2019 1103 2065 cero
1128 1992 1201 2064 in
1228 1995 1521 2065 Oratore
1536 1991 1569 2038 ⁶
1596 1993 1835 2085 utitur,
1862 2013 1930 2066 et
1952 1992 2228 2083 omnia,
2249 2019 2404 2092 quae
2427 2011 2548 2064 aut
2564 1991 2643 2062 in
2666 2010 2980 2062 controver-

942 2107 1142 2197 siam,
1155 2107 1361 2180 autin
1380 2108 1902 2180 contentionem
1914 2106 2218 2197 veniant,
2234 2105 2572 2179 contineri
2590 2124 2802 2205 putat,
2816 2097 2981 2177 Sitne?

949 2221 1138 2315 Quid
1146 2221 1277 2293 sit?
1292 2220 1512 2316 Quale
1525 2221 1956 2321 sitpquorum
1973 2221 2266 2293 nomina
2282 2219 2627 2319 apertiora
2637 2238 2812 2304 sunt,
2821 2238 2979 2315 quam

840 2349 908 2415 45
944 2355 1026 2407 ut
1066 2334 1402 2408 dicenda?
1444 2336 1582 2408 sint
1614 2363 1629 2407 :
1676 2335 1864 2409 idem
1912 2337 2254 2409 Patrocles
2297 2334 2523 2412 sentit.
2564 2336 2741 2408 Tres
2776 2330 2911 2408 fecit
2940 2346 2985 2398 et

1024 2554 1068 2590 1.
1105 2537 1436 2608 Quantitas...
1472 2537 1799 2612 qualitatem.
1821 2537 1956 2593 Vide
2045 2540 2221 2593 tertius
2253 2552 2333 2592 est
2358 2537 2536 2611 scripti
2556 2550 2614 2590 et
2640 2531 2986 2590 voluntatis-Vi·

947 2619 1155 2684 vn,2,
1179 2617 1436 2684 6;it.rv,
1468 2637 1509 2670 ι.
2044 2620 2113 2673 de
2140 2618 2329 2686 111,5,
2364 2618 2428 2686 4;
2460 2621 2593 2670 item
2624 2636 2746 2669 mox
2774 2617 2820 2683 s.
2849 2611 2986 2679 46-

1021 2714 1068 2750 2.
1099 2697 1343 2771 Major-ne
1373 2697 1467 2750 sol.
1498 2699 1634 2750 Nam
1668 2696 1956 2751 mathema·
2042 2700 2123 2753 De
2145 2698 2472 2771 sylloqist
2500 2714 2666 2769 supra
2689 2697 2739 2764 S.
2770 2692 2841 2747 15.

950 2776 1040 2828 tici
1064 2777 1212 2827 aiunt
1239 2775 1565 2848 undeviginti
1587 2777 1828 2850 partibus
1852 2796 1959 2829 ma·
2115 2777 2169 2830 6.
2191 2778 2259 2829 In
2283 2778 2509 2830 Oratam.
2531 2777 2593 2829 C.
2625 2776 2715 2841 14:
2741 2795 2765 2820 ι
2780 2763 2988 2841 Quidqui‘¹

946 2860 1120 2928 joi-em
1151 2871 1265 2908 esse
1299 2869 1434 2909 terra
1468 2856 1666 2910 solem:
1705 2860 1962 2929 Epicurus
2052 2882 2075 2908 ι
2095 2874 2201 2926 est,
2232 2857 2377 2932 quod
2408 2860 2464 2910 in
2492 2855 2844 2909 controversia
2868 2849 2990 2904 autin

948 2953 1075 2986 vero
1114 2947 1318 2986 tantum
1356 2954 1471 2988 esse
1510 2949 1766 3007 quantum
1803 2934 1959 2988 nobie
2052 2962 2076 2986 ι
2096 2940 2436 2991 contentione
2467 2950 2728 3003 versetur,
2754 2936 2804 2986 in
2830 2949 2911 2994 eo,
2932 2940 2990 2977 ⁸⁸¹

947 3012 1169 3065 videtur.
1190 3012 1578 3066 Anaximander
1596 3013 1742 3086 apud
1759 3014 1956 3066 Plutar-
2053 3039 2076 3064 ι
2098 3019 2260 3084 sitne,
2278 3028 2372 3068 aut
2396 3014 2523 3088 quid
2549 3017 2648 3081 sit,
2668 3026 2758 3067 aut
2780 3008 2911 3082 quale
2927 3006 2989 3068 ⁸5¹2

947 3093 1108 3145 chum
1141 3092 1308 3144 solem
1335 3094 1589 3165 :equalem
1618 3093 1746 3148 facit
1773 3108 1920 3147 terroe
1935 3132 1954 3161 ,
2049 3120 2073 3144 α
2094 3098 2353 3169 quaeritur.
2377 3120 2400 3143 ιι
2430 3098 2561 3147 Item
2585 3093 2657 3147 de
2680 3095 2771 3147 Or.
2794 3085 2991 3158 1,31;1¹‚

948 3173 1228 3223 circuitum
1263 3189 1388 3224 vero
1427 3177 1540 3245 ejus
1579 3192 1688 3244 quo
1725 3172 1954 3240 vehitur,

949 3253 1145 3321 septies
1200 3263 1254 3303 et
1302 3253 1461 3304 vicies
1512 3269 1629 3305 esse
1679 3256 1950 3324 majorem.

947 3327 1330 3400 Conjecturalis
1364 3330 1542 3400 itaque
1580 3331 1680 3382 erit
1716 3330 1950 3401 quaestio.

946 3408 1234 3460 Tmarus.

1019 3487 1070 3539 3.
1109 3486 1418 3539 Translatio.
1453 3489 1721 3556 Quoniam
1755 3502 1808 3542 et
1838 3491 1955 3562 ipsa

948 3563 1015 3616 de
1039 3566 1166 3638 jure
1204 3564 1496 3637 disceptat,
1532 3585 1851 3640 quamquam
1889 3568 1955 3622 de

948 3643 1067 3696 solo
1082 3643 1573 3716 actionisjure.Vid.
1586 3661 1697 3699 not.
1717 3648 1785 3701 ad
1796 3649 1846 3717 s.
1872 3666 1892 3701 ι
1909 3665 1951 3701 1.

1020 3722 1070 3790 4.
1089 3720 1413 3796 Definitio....
1434 3723 1797 3779 translationis.
1814 3729 1959 3796 Quo-

947 3803 1092 3854 niam
1119 3801 1421 3854 definiendo
1447 3803 1726 3856 amolimur
1748 3823 1779 3856 a
1800 3804 1956 3858 nobis

950 3899 1093 3948 eam,
1116 3899 1228 3952 quae
1252 3881 1559 3950 intenditur,
1583 3885 1874 3951 actionem,
1898 3897 1957 3937 ut

869 4007 886 4013 -
947 3959 1228 4033 sacrilegii,
1257 3963 1300 4012 si
1324 3963 1579 4033 privatam
1603 3963 1765 4015 modo
1789 3981 1958 4037 pecu-

951 4041 1092 4090 niam
1115 4040 1422 4094 sustulimus
1446 4040 1513 4095 de
1537 4043 1754 4115 templo.

1023 4119 1073 4170 5.
1112 4120 1250 4190 Quin
1284 4133 1336 4174 et
1369 4124 1640 4175 contrariae
1677 4123 1823 4198 leqes.
1857 4125 1957 4176 ne-

952 4211 1132 4249 censet
1154 4197 1279 4251 hinc
1301 4211 1460 4254 status
1484 4201 1671 4274 legales
1685 4239 1703 4268 ,
1733 4219 1959 4273 quorum

2046 3176 2115 3244 24
2138 3190 2295 3240 extr.;
2324 3175 2391 3227 26
2416 3187 2545 3228 extr.

2116 3274 2165 3328 7.
2194 3253 2443 3307 Dicenda.
2474 3254 2560 3307 Sic
2588 3250 2769 3307 Guelf.
2797 3261 2844 3302 et
2864 3244 2992 3300 Tulit-

2043 3352 2166 3388 cum
2201 3332 2368 3387 codd.
2409 3345 2541 3405 puto
2582 3329 2830 3383 omnibus
2857 3335 2991 3398 prater

2039 3412 2202 3467 Goth.
2223 3415 2378 3465 Voss.
2412 3429 2440 3465 2
2471 3423 2524 3464 et
2548 3410 2848 3465 vallensem
2874 3423 2899 3456 e
2919 3416 2990 3474 quo

2043 3489 2273 3546 docenda
2317 3510 2375 3543 se
2420 3490 2547 3543 dare
2593 3501 2777 3542 narrat
2821 3482 2992 3542 Badius,

2047 3589 2365 3644 quamquam
2379 3571 2526 3643 parvi
2540 3571 2911 3638 refera13quem
2920 3559 2993 3613 ini·

2045 3663 2222 3704 tantur
2247 3651 2396 3704 Cei-v.
2427 3648 2757 3703 Basileenses
2784 3645 2913 3709 dun,
2933 3637 2995 3691 all-

2046 3742 2177 3802 quot
2200 3726 2499 3782 Burmanno
2522 3738 2828 3780 memorata
2849 3735 2892 3775 et
2908 3720 2993 3772 Get·

2044 3828 2230 3878 neme,
2256 3807 2456 3884 Gryph.
2484 3821 2669 3860 tamen
2696 3822 2841 3859 meus
2864 3790 2994 3872 (1544)

2045 3885 2263 3942 dicenda
2284 3891 2475 3941 retinet
2497 3905 2624 3939 cum
2646 3898 2778 3938 vett.
2804 3879 2908 3934 edd.
2927 3892 2998 3926 ⁰¹¹·

2044 3967 2220 4020 nibus.
2249 3968 2315 4020 Et
2340 3966 2447 4019 hoc
2470 3964 2651 4018 solum
2679 3978 2882 4024 verum,
2901 3969 2995 4026 qim·

2044 4048 2187 4099 niam
2215 4063 2282 4099 ne
2308 4044 2446 4097 dixit
2466 4042 2689 4115 quidem
2718 4043 2914 4095 nomina
2935 4036 2999 4085 ἰώ

2045 4125 2229 4195 Quint.
2266 4124 2418 4197 (quae
2454 4123 2634 4176 forent
2672 4122 2877 4194 conjece.
2895 4109 2997 4186 fvt

2046 4203 2260 4277 qualit.)
2269 4228 2287 4268 ‚·
2323 4203 2415 4259 sed
2446 4215 2646 4276 sponte
2674 4198 2989 4268 intelligunt&
