3200 5150
839 506 960 586 146

1397 505 1489 566 M.
1530 503 1757 566 FABII
1792 501 2346 585 QUINTILIANI

827 625 1082 698 tinuari
1103 624 1257 697 duae
1275 682 1295 715 ,
1316 645 1395 697 ut
1413 630 1928 725 incompositus,
1955 624 2362 710 reconditus,
2388 642 2456 694 et
2472 679 2491 713 ,
2519 648 2660 721 quo
2680 620 2923 694 Cicero

828 741 1109 831 mitat-¹,
1139 737 1721 836 subabsurdum);
1762 759 1881 811 aut
1911 766 1950 811 e
1989 739 2264 811 duobus
2295 737 2489 838 quasi
2523 737 2921 838 corporibus

721 873 791 925 66
828 855 1252 945 coalescunt,
1276 874 1354 928 ut
1372 854 1741 956 maleficus.
1757 857 1939 927 Nam
1957 881 2038 926 ex
2050 855 2269 926 tribus
2285 873 2528 925 nostrae
2546 853 2785 952 utique
2799 853 2921 924 lin-

826 998 980 1070 guae
1006 998 1152 1042 non
1173 970 1632 1042 concesserim
1648 1025 1668 1060 ,
1686 970 2002 1068 quamvis
2021 975 2236 1070 capsis
2250 969 2530 1042 Cicero²
2548 968 2729 1040 dicat
2743 994 2925 1040 com-

824 1087 1131 1186 positum
1165 1114 1310 1159 esse
1339 1114 1419 1158 ex
1448 1113 1619 1187 cape
1643 1092 1700 1159 si
1725 1093 1827 1159 vis
1838 1117 1867 1173 ;
1897 1107 1966 1159 et
1991 1086 2465 1173 inveniantur,
2498 1084 2622 1183 qui
2652 1086 2922 1184 Luper-

825 1202 1008 1274 calia
1040 1230 1234 1301 aeque
1265 1223 1395 1273 tres
1428 1222 1653 1301 partes
1683 1201 2005 1273 orationis
2025 1199 2054 1245 3
2080 1228 2223 1274 esse
2245 1199 2701 1288 contendant,
2727 1197 2925 1297 quasi

716 1327 784 1398 67
827 1317 1009 1390 luere
1032 1344 1160 1419 per
1184 1343 1472 1417 caprum
1489 1349 1515 1404 ,·
1557 1345 1727 1391 nam
1756 1315 2180 1391 Solitaurilia
2202 1316 2354 1417 jam
2388 1340 2795 1413 persuasum
2825 1332 2926 1385 est

822 1458 966 1504 esse
1001 1432 1499 1505 Suovetaurilia
1518 1430 1593 1504 4.·
1627 1452 1694 1504 et
1726 1458 1888 1505 sane
1918 1431 2010 1504 ita
2039 1458 2109 1503 se
2138 1430 2348 1503 habet
2373 1455 2646 1501 sacrum
2668 1483 2687 1517 ,
2717 1426 2922 1528 quale

820 1604 986 1667 cavit,
1002 1614 1061 1653 ut
1078 1601 1186 1653 hnc
1201 1601 1377 1654 trahas
1396 1604 1445 1668 1,
1466 1603 1528 1667 6,
1547 1619 1574 1653 2
1587 1604 1614 1653 ἲ
1631 1603 1831 1670 Quam-

821 1698 980 1752 quam
994 1683 1048 1731 in
1065 1680 1391 1752 singulorum
1405 1680 1686 1732 verborum
1702 1700 1830 1753 pro-

819 1762 1040 1832 prietate
1063 1778 1244 1811 eorum
1262 1772 1315 1811 et
1331 1762 1551 1813 oratoris
1567 1764 1649 1813 sui
1668 1763 1830 1813 ratio-

820 1859 941 1892 nem
962 1856 1142 1911 parem
1160 1840 1292 1892 solet
1306 1853 1510 1911 putare.
1534 1844 1615 1893 An
1637 1839 1828 1892 excidit

819 1920 1038 1989 Virgilio
1049 1918 1179 1970 illud
1190 1919 1510 1970 vocabulum
1522 1958 1538 1985 ,
1553 1919 1675 1971 lima
1688 1919 1831 1970 dein—

820 2016 949 2069 ceps
979 1998 1307 2050 erodendum
1327 2000 1352 2048 '1‘
1378 1998 1583 2050 Servius
1616 1997 1831 2068 quidem

821 2077 889 2128 ad
915 2094 1037 2128 eum
1061 2076 1267 2143 locum,
1292 2078 1555 2127 neminem
1575 2090 1696 2128 ante
1714 2078 1831 2127 Vir-

822 2155 1004 2225 gilium
1020 2155 1121 2206 hae
1136 2156 1527 2227 compositione
1542 2172 1698 2206 usum
1713 2172 1829 2206 esse

825 2228 1097 2305 significat.
1130 2237 1253 2286 Post
1277 2233 1551 2304 Virgilium
1578 2234 1832 2304 frequen·-

820 2329 991 2367 tatum
1035 2317 1191 2366 etiam
1234 2314 1334 2365 fuit
1374 2312 1708 2365 vocabulum.
1749 2312 1833 2365 Ad

822 2409 1101 2468 poetarum
1128 2407 1180 2447 et
1205 2406 1474 2445 oratorum
1497 2392 1754 2446 diversam
1778 2395 1834 2445 in

823 2474 997 2526 verbis
1035 2471 1352 2545 usurpandis
1388 2474 1646 2524 rationem
1661 2511 1677 2538 ,
1714 2470 1833 2523 vide

827 2552 895 2606 ad
914 2554 989 2619 X,
1019 2568 1064 2617 ι,
1086 2553 1169 2604 28.
1187 2550 1321 2604 Vide
1343 2568 1557 2623 qnoque
1577 2564 1687 2605 not.
1714 2568 1830 2624 sup.

904 2646 949 2683 1.
985 2631 1162 2684 ciem
1184 2632 1362 2683 utimr.
1398 2634 1477 2684 De
1510 2635 1656 2684 Orat.
1688 2631 1721 2682 l.
1758 2634 1833 2697 11,

800 2729 876 2763 .c.
912 2710 979 2782 67
1004 2732 1018 2761 ε
1060 2712 1234 2762 «Sunt
1266 2712 1424 2760 etiam
1452 2709 1541 2760 illa
1568 2710 1835 2760 subabsur-

835 2812 859 2837 ι
879 2790 964 2840 da.
982 2813 1005 2837 n
1031 2789 1159 2840 Inde
1176 2802 1447 2840 mutuatur
1456 2788 1676 2840 verbum
1696 2790 1837 2841 Nos-

832 2882 912 2921 ter
942 2872 1041 2935 vl,
1075 2870 1138 2932 3,
1175 2870 1271 2933 23,
1304 2883 1392 2938 99.
1428 2867 1510 2918 Ad
1538 2871 1646 2919 Att.
1680 2867 1836 2932 XVI,

832 2949 866 3000 3
902 2970 915 2999 ε
962 2969 985 2994 α
1005 2960 1213 3019 tempus
1259 2946 1522 2998 discessus
1569 2945 1836 2996 subabsur-

838 3049 865 3076 κ
882 3028 1026 3082 dum.
1051 3053 1072 3076 n

907 3125 956 3160 2.
994 3107 1168 3179 capsis
1197 3106 1296 3158 Cic.
1327 3108 1473 3158 Omt.
1504 3123 1549 3155 c.
1582 3105 1668 3171 45.
1704 3103 1836 3156 For-

831 3202 972 3240 tasse
989 3199 1195 3251 tamen,
1212 3183 1357 3255 quod
1377 3201 1485 3235 non
1506 3183 1668 3236 semel
1689 3186 1736 3235 ci
1755 3195 1840 3235 ac·

835 3266 963 3320 cidit
976 3268 1031 3317 in
1045 3264 1361 3339 etymologia
1373 3302 1389 3328 ,
1411 3266 1596 3316 erravit
1609 3266 1688 3315 vir
1699 3281 1841 3334 mag-

835 3364 970 3412 nus,
1007 3359 1270 3416 ut'neque
1301 3347 1404 3412 Qu.
1438 3348 1549 3416 ejus
1582 3347 1837 3397 rationem

835 3425 1045 3500 probat.
1065 3425 1235 3497 capsis
1249 3426 1388 3476 enim
1396 3423 1605 3476 videtur
1618 3423 1842 3476 archais-

837 3526 956 3559 mus
980 3523 1079 3577 pro
1102 3505 1319 3576 ceperis,
1346 3518 1405 3554 ut
1427 3505 1589 3575 capsit
1615 3503 1840 3575 explicat

837 3589 1054 3650 FestuS,
1088 3586 1194 3635 sive
1226 3583 1447 3648 Paulus,
1476 3581 1838 3654 prehenderit,

838 3679 891 3717 et
934 3662 1078 3736 apud
1116 3662 1283 3714 Plaut.
1317 3661 1516 3715 Poenul.
1555 3664 1643 3726 IV,
1682 3662 1713 3712 3
1734 3699 1750 3727 ,
1788 3661 1837 3713 6.

837 3744 1007 3798 Codd.
1030 3758 1082 3796 et
1100 3757 1222 3796 vett.
1247 3741 1365 3794 edd.
1387 3742 1577 3814 ceperit
1596 3740 1726 3792 dant
1742 3758 1840 3811 pro

837 3826 1030 3895 eapsit,
1060 3842 1122 3875 ex.
1143 3823 1474 3894 glossemate.
1505 3822 1587 3872 Sic
1613 3833 1665 3870 et
1691 3837 1841 3890 capso

838 3902 1084 3955 Bacchid.
1107 3905 1193 3969 lv,
1213 3902 1275 3969 4,
1297 3901 1383 3963 613
1407 3900 1677 3972 capst’mus·‚
1703 3897 1838 3951 Rud.

837 3982 911 4046 11,
937 3997 983 4047 1,
1015 3979 1092 4032 15.

912 4060 961 4111 3.
1011 4058 1130 4111 Tres
1171 4068 1342 4130 partes
1382 4068 1508 4110 orat.
1552 4059 1626 4111 Ea
1667 4073 1842 4130 neque

838 4139 1089 4190 Varronis
1109 4151 1185 4188 est
1208 4136 1523 4210 etymologia
1543 4136 1612 4187 de
1629 4139 1686 4189 L.
1702 4139 1759 4190 L.
1775 4139 1841 4203 V,

838 4234 896 4289 p.
920 4215 1033 4289 Rip.
1059 4215 1161 4284 54,
1178 4233 1349 4288 neque
1382 4215 1558 4271 ovidii
1586 4218 1726 4272 Fut.
1759 4217 1806 4270 11
1824 4252 1846 4285 5

1919 1603 2052 1670 421,
2093 1602 2176 1655 23.
2216 1602 2421 1655 Servius
2458 1618 2581 1651 cum
2618 1596 2733 1650 aliis
2767 1597 2924 1649 refert

1918 1699 2034 1734 eam
2059 1680 2128 1733 ad
2152 1682 2268 1733 AEn.
2292 1682 2442 1747 vm,
2467 1679 2588 1745 344.

1989 1762 2039 1828 4.
2064 1760 2446 1813 801ἰῑαιινὶἰία...
2472 1776 2571 1811 esse
2588 1755 2924 1810 Suovetauri-

1919 1840 2008 1892 Ιία.
2041 1843 2117 1892 Ita
2145 1841 2306 1913 plane
2327 1842 2477 1892 Bern.
2503 1839 2746 1889 Proxime
2772 1854 2925 1888 acce-

1919 1919 2055 1970 dunt
2076 1919 2249 1972 Guelf.
2275 1921 2451 1970 Tur-ic.
2477 1921 2631 1971 Voss.
2665 1934 2684 1968 r
2702 1954 2719 1982 ,
2749 1916 2810 1981 3,
2835 1918 2926 1987 qui

1920 1998 2048 2051 dant
2066 1998 2434 2051 solitaurilia...
2456 2015 2555 2050 esse
2570 2014 2660 2049 sue
2680 2012 2742 2047 ve
2765 1997 2928 2047 tauri·

1921 2077 2011 2130 lia.
2050 2079 2232 2130 Coeteri
2267 2076 2435 2129 Codd.
2475 2093 2584 2128 non
2615 2076 2923 2140 memorati,

1919 2159 2162 2229 profecto
2200 2175 2309 2208 non
2347 2155 2418 2207 ob
2452 2172 2772 2207 consensum
2804 2173 2923 2206 cum

1921 2250 2166 2309 recepta,
2193 2236 2284 2288 sed
2307 2235 2625 2306 negligentia
2648 2235 2927 2287 conferen-

1921 2318 2069 2366 tium.
2095 2317 2274 2380 θυαε,
2298 2314 2365 2366 de
2391 2330 2497 2384 quo
2527 2325 2774 2384 praeterea
2799 2311 2928 2364 mihi

1922 2408 2280 2467 compertum,
2303 2394 2582 2445 Gothanus
2606 2391 2753 2444 haec·
2784 2391 2927 2445 Soli-

1921 2475 2192 2528 taurilia...
2230 2494 2330 2528 esse
2359 2494 2446 2528 sue
2482 2492 2576 2527 ove
2608 2484 2773 2526 tauro.
2808 2475 2930 2543 Qua

1922 2557 1976 2607 in
2015 2558 2269 2629 scriptura
2303 2555 2448 2609 vides
2486 2557 2682 2628 pariter
2710 2554 2928 2619 deesse,

1924 2633 2097 2705 quod,
2113 2636 2167 2687 in
2185 2633 2332 2686 nullo
2356 2635 2491 2685 libro
2512 2637 2782 2704 inventum
2793 2671 2809 2700 ,
2824 2634 2940 2684 suf-

1923 2714 2079 2766 ficere
2095 2713 2386 2784 cogebatur
2396 2716 2589 2783 Regius
2607 2736 2619 2763 ε
2642 2731 2686 2778 e,
2703 2731 2801 2785 pro
2818 2731 2928 2785 qno

1923 2806 2048 2867 post
2079 2813 2200 2845 eum
2236 2796 2488 2865 gregatim
2523 2792 2801 2845 ediderunt
2831 2811 2927 2856 ex,

1928 2875 2078 2943 quasi
2106 2891 2290 2926 omnes
2313 2873 2417 2925 hoc
2442 2873 2628 2925 darent
2651 2872 2818 2925 Codd.
2849 2875 2934 2925 Ne

1924 2951 2082 3002 Gesn.
2102 2951 2314 3021 quidem
2331 2953 2540 3006 monuit
2558 2951 2828 3015 lectorem,
2849 2967 2932 3016 ex,

1927 3044 1978 3083 et
2001 3041 2054 3081 et
2072 3031 2207 3082 inter
2230 3049 2310 3082 ov.
2339 3042 2469 3081 taur.
2485 3069 2501 3096 ,
2524 3030 2707 3083 abesse
2724 3031 2938 3084 Gotha-

1925 3125 2016 3160 no.
2046 3110 2164 3159 Jam
2191 3110 2304 3161 sine
2331 3125 2395 3159 ex
2417 3109 2504 3159 vix
2529 3108 2819 3180 procedere
2847 3128 2940 3161 re-

1926 3197 2135 3259 ceptam
2153 3187 2457 3238 ultimorum
2478 3189 2817 3258 scripturam,
2839 3204 2943 3260 ap-

1925 3278 2091 3337 paret.
2139 3267 2270 3317 Utra
2322 3278 2498 3317 autem
2545 3268 2940 3317 correctionem

1928 3344 2076 3394 scioli
2099 3346 2264 3413 magis
2286 3343 2450 3409 oleat,
2469 3343 2701 3396 Gothani
2722 3362 2788 3396 an
2809 3346 2944 3396 Ber—

1926 3424 2101 3474 nensis
2122 3436 2173 3474 et
2192 3435 2325 3474 caett.
2340 3461 2356 3488 ,
2380 3441 2448 3475 ne
2469 3439 2699 3494 quaerere
2718 3422 2946 3494 quidem

1928 3503 2129 3553 attinet.
2141 3499 2346 3553 Praetnli
2355 3503 2514 3573 igitur
2523 3501 2944 3573 quatuorCodd.

1930 3583 2240 3652 scripturam
2256 3621 2273 3647 ,
2313 3586 2368 3634 in
2413 3600 2516 3653 qua
2559 3601 2670 3634 non
2713 3599 2949 3652 cogerer

1930 3675 2126 3710 meram
2149 3665 2506 3732 conjecturam
2529 3662 2765 3732 recipere
2787 3663 2842 3712 in
2862 3660 2952 3727 τᾷ

1928 3738 2309 3790 Suovetaurilt‘a
2323 3757 2422 3811 pro
2432 3737 2776 3800 Solitaun'lia,
2793 3740 2950 3810 prio-

1928 3834 1984 3867 re
2020 3816 2158 3867 loco.
2198 3819 2439 3888 Mecum,
2475 3827 2536 3867 ut
2566 3831 2710 3868 nunc
2741 3815 2948 3883 video,

1927 3896 2292 3967 Sulzbergerus
2308 3902 2371 3949 V.
2394 3898 2451 3950 C.
2477 3896 2636 3949 Gesn.
2662 3898 2804 3948 enim
2823 3897 2907 3948 sic
2927 3919 2946 3947 ε

1929 3976 2383 4029 Suovetaurilia....
2418 3994 2517 4028 esse
2546 3994 2609 4027 ex
2637 3993 2727 4028 sue
2757 3993 2853 4027 ove
2889 3986 2950 4028 et

1911 4065 2095 4108 -taurm
2117 4056 2298 4108 Caeteri
2321 4056 2487 4124 idem,
2509 4059 2610 4108 nisi
2636 4054 2783 4127 quod
2801 4053 2952 4108 Soli-

1930 4135 2142 4187 taurilia
2163 4137 2406 4188 retinent.
2435 4136 2663 4188 Multum
2687 4133 2948 4206 disputa-

1927 4230 2043 4271 tum
2067 4217 2170 4270 fuit
2190 4218 2329 4270 inter
2346 4219 2458 4273 VV-
2481 4216 2595 4270 DD.
2625 4214 2692 4268 de
2714 4215 2951 4267 nomine
