3200 5150
868 491 998 558 318

1439 487 1534 550 M.
1575 482 1804 549 FABII
1840 480 2397 565 QUINTILIAM

868 613 1167 687 alterum
1187 624 1236 701 ¹,
1257 607 1449 709 quod
1474 606 1672 680 estin
1698 602 2090 677 elocutione
2115 602 2264 702 ipsa
2288 600 2718 702 periculum,
2742 601 2965 676 minus

865 730 1062 817 vitat,
1092 746 1522 824 conaturque
1555 719 1861 822 perdite3
1898 718 2090 791 unde
2119 718 2388 790 evenit²
2420 741 2963 817 nonnunquam,

866 866 948 917 ut
973 841 1238 943 aliquid
1268 838 1530 940 grande
1562 836 1900 926 inveniat,
1927 833 2049 935 qui
2077 859 2355 932 semper
2377 832 2624 933 quaerit
2645 833 2838 932 quod
2859 832 2965 905 ni-

871 959 1100 1033 mium
1122 978 1255 1030 est:
1284 979 1531 1028 verum
1557 973 1627 1026 et
1653 979 1805 1025 raro
1830 948 2091 1040 evenit,
2112 968 2182 1021 et
2202 969 2386 1021 certa
2407 945 2615 1021 vitia³
2641 973 2788 1028 non
2811 971 2965 1048 pen·

796 1087 835 1141 6
867 1096 990 1149 sat.
1020 1077 1307 1172 Propter
1329 1071 1462 1143 hoc
1491 1065 1825 1169 quoque‘*
1848 1064 2204 1139 interdum
2228 1055 2553 1137 videntur
2573 1063 2837 1136 indocti
2859 1090 2966 1137 co-

867 1189 1059 1292 piam
1085 1188 1343 1262 habere
1368 1184 1712 1287 majorem
1727 1240 1746 1273 ,
1763 1180 1960 1283 quod
1985 1181 2231 1253 dicunt
2248 1180 2489 1253 omnia
2507 1208 2525 1269 ;
2553 1178 2773 1252 doctis
2791 1201 2888 1253 est
2907 1201 2969 1252 et

868 1305 1147 1396 electio,
1186 1324 1254 1377 et
1294 1300 1548 1376 modus
1574 1327 1590 1373 τ
1629 1299 1737 1373 his
1780 1298 2076 1387 accedit,
2110 1296 2305 1397 quod
2345 1324 2387 1369 a
2427 1322 2596 1368 cura
2633 1294 2963 1369 docendi⁵

868 1421 1061 1523 quod
1084 1418 1542 1507 intenderint,
1568 1416 1936 1505 recedunt;
1960 1415 2191 1514 itaque
2216 1412 2394 1485 illud
2418 1411 2884 1512 quaestionum
2907 1431 2967 1485 et

868 1556 1446 1636 argumentorum
1484 1532 1677 1632 apud
1715 1552 2038 1631 corrupta
2065 1528 2340 1632 judicia
2372 1526 2643 1628 frigus⁶
2682 1527 2965 1616 evitant,

872 1695 1193 1750 quanquam
1208 1687 1349 1728 tacet
1363 1677 1522 1729 Gesn.
1538 1676 1770 1726 Primum
1789 1674 1883 1726 Ba-

864 1758 1019 1810 dium
1045 1776 1109 1810 ex
1136 1755 1268 1809 Cod.
1297 1754 1533 1808 vallensi
1558 1753 1717 1806 video
1744 1753 1881 1806 dan-

873 1852 981 1890 tem
1020 1835 1165 1901 nol„
1202 1834 1349 1907 quod
1388 1836 1445 1886 in
1480 1846 1630 1885 textu
1667 1850 1881 1904 quoque
1912 1847 1921 1857 ·

870 1918 1053 1990 posuit
1075 1915 1422 1968 Cervicomus
1440 1909 1661 1983 (Colon.
1690 1908 1783 1963 152
1797 1928 1814 1962 ι
1832 1910 1881 1982 ),

863 1997 927 2049 in
959 1997 1193 2066 margine
1228 1992 1468 2047 alterum.
1506 1993 1689 2045 Locat.
1724 1993 1883 2044 etiam

873 2074 1178 2140 valuissent,
1198 2073 1267 2126 de
1281 2077 1587 2145 conjectura
1600 2073 1750 2142 Regii
1760 2109 1776 2137 ,
1791 2073 1883 2123 mi-

872 2158 1014 2209 nime
1023 2154 1469 2224 laudanda,quem
1479 2152 1878 2205 deseruitRusc.

873 2254 1137 2308 reponens
1161 2233 1265 2286 vol.
1292 2235 1481 2286 Utrum
1501 2244 1715 2305 praestet
1731 2269 1748 2298 ,
1773 2230 1876 2284 vol.

870 2333 943 2366 an
979 2312 1088 2366 nol.
1104 2351 1122 2379 ‚
1155 2313 1247 2384 qui
1276 2329 1468 2365 nasum
1498 2309 1691 2378 habet,
1723 2310 1879 2364 facile

871 2395 1141 2447 decernat.

951 2491 996 2525 ι.
1024 2470 1322 2525 Alterum...
1349 2467 1661 2542 periculum.
1691 2470 1881 2540 Oppo-

872 2552 1017 2605 nitur
1052 2567 1169 2602 vero
1208 2547 1446 2622 periculo
1461 2586 1479 2615 ,
1519 2546 1744 2599 alterum
1784 2566 1881 2620 per

871 2630 1276 2684 translationem
1290 2631 1366 2681 ita
1384 2626 1725 2700 appellatum.
1745 2625 1881 2680 vide

871 2710 919 2762 11
984 2726 1001 2760 ι
1019 2726 1065 2774 r,
1088 2709 1138 2761 3.

934 2748 997 2840 ’2
1037 2786 1187 2839 Unde
1212 2804 1292 2837 ev.
1321 2781 1539 2855 Aliquid
1569 2782 1637 2835 de
1662 2784 1882 2836 Gesner-i

874 2869 1131 2938 scriptura
1151 2865 1464 2917 mutandum
1487 2876 1598 2915 erat
1612 2901 1631 2930 ,
1653 2875 1746 2914 aut
1762 2862 1882 2914 diri-

871 2945 1126 2999 mendum
1157 2944 1324 3010 aliter,
1357 2956 1449 2995 aut
1474 2943 1617 2995 unde
1643 2940 1881 2995 scriben-

871 3024 1001 3079 dum
1024 3044 1125 3098 pro
1145 3024 1281 3076 inde.
1306 3024 1421 3075 Hoc
1441 3020 1630 3089 malui,
1647 3024 1883 3073 auctori·-

871 3105 974 3158 bus
1011 3106 1187 3158 Turio.
1225 3118 1279 3157 et
1312 3104 1488 3157 Guelf.
1528 3118 1580 3155 et
1611 3100 1880 3174 plerisque

872 3185 1042 3239 codd.
1060 3197 1246 3257 praeter
1257 3183 1419 3236 Goth.
1437 3198 1488 3235 et
1502 3185 1657 3234 Voss.
1678 3198 1724 3234 2.
1738 3185 1878 3234 Vett.

875 3264 996 3316 edd.
1015 3264 1216 3335 aliquot
1233 3278 1284 3315 et
1302 3262 1515 3333 quidem
1528 3259 1710 3334 plures
1730 3260 1878 3326 inde,

874 3343 968 3395 sed
988 3341 1409 3414 interpungendo
1429 3354 1600 3392 antea.
1618 3342 1882 3410 Frequen-

872 3424 1070 3474 tissima
1086 3420 1272 3473 harum
1288 3438 1478 3471 vocum
1492 3418 1758 3484 confusio,
1771 3417 1877 3469 vid.

870 3498 1138 3552 Drakenb.
1165 3500 1233 3551 ad
1255 3501 1363 3551 Liv.
1389 3499 1638 3564 XXXIX,
1666 3498 1761 3562 33,
1791 3494 1840 3549 5.

947 3578 997 3630 3.
1042 3579 1187 3629 Certa
1223 3578 1367 3628 vitia.
1403 3578 1487 3630 Sic
1523 3575 1684 3629 Goth.
1720 3577 1878 3628 etiam

871 3657 1047 3710 Guelf.
1074 3672 1127 3709 et
1148 3670 1273 3708 vett.
1299 3657 1409 3708 fere
1431 3654 1551 3707 edd.
1574 3652 1768 3727 quibus
1790 3674 1878 3708 ac·

868 3737 1068 3790 cedunt
1076 3738 1275 3787 Tarvis.
1286 3737 1699 3802 Veneta,Locat.
1716 3737 1873 3787 Rusc.

870 3817 1020 3870 Bodl.
1059 3815 1191 3870 cod.
1225 3827 1356 3868 certe
1390 3835 1481 3879 ea,
1516 3832 1626 3865 non
1658 3832 1876 3886 prorsus

870 3898 1009 3949 male
1029 3916 1181 3957 sane;
1207 3896 1301 3948 sed
1317 3894 1505 3965 vulgo,
1528 3908 1653 3967 post
1671 3896 1844 3946 Burm.
1859 3935 1877 3963 ,

869 3990 1006 4029 certa
1038 3998 1097 4027 ea
1130 3976 1255 4028 dare
1288 3986 1550 4040 narratur,
1582 3973 1729 4045 quod
1764 3994 1875 4028 non

870 4072 950 4108 est
992 4056 1134 4128 apud
1174 4057 1487 4109 Gibsonum.
1526 4057 1702 4108 Turio.
1745 4066 1877 4106 certe

868 4137 1030 4187 avitia
1051 4138 1250 4188 vitiose.
1273 4140 1488 4199 Coeteru,
1508 4134 1654 4206 quod
1667 4134 1875 4186 videtur

870 4216 1161 4286 conjecisse
1180 4216 1402 4286 Regius,
1423 4232 1492 4267 an
1514 4216 1581 4266 sit
1597 4216 1656 4266 in
1673 4212 1841 4266 Codd.
1854 4252 1874 4284 ,

1969 1693 2117 1732 certo
2132 1697 2243 1730 non
2254 1677 2463 1731 dixeris.
2473 1674 2646 1730 Credo
2661 1690 2842 1729 tamen
2854 1693 2970 1729 non-

1970 1757 2148 1811 nullos
2163 1797 2181 1826 ,
2205 1761 2306 1828 qui
2327 1757 2563 1822 silentur,
2590 1755 2821 1808 Codices
2847 1758 2970 1809 tueri

1971 1855 2087 1889 eam
2115 1840 2456 1908 scripturam,
2486 1851 2601 1907 que
2630 1835 2846 1907 quidem
2870 1853 2968 1888 non

1970 1917 2244 1989 displicet:
2273 1934 2592 1989 quamquam
2615 1915 2805 1982 vide0,
2826 1916 2968 1968 cavil-

1969 1993 2067 2049 lari
2085 2015 2246 2070 posse
2265 1996 2523 2068 aliquem,
2539 1997 2660 2068 quia
2681 1995 2793 2048 hoc
2810 1998 2968 2069 ipsum

1969 2085 2173 2142 tamen,
2200 2074 2347 2146 quod
2364 2092 2580 2147 pensare
2605 2087 2849 2146 negetur,
2871 2092 2968 2126 nou

1968 2155 2036 2207 sit
2065 2154 2250 2206 vitium
2266 2176 2286 2216 ,·
2311 2153 2405 2206 sed
2432 2165 2613 2205 coetem
2639 2153 2771 2206 vitia
2793 2153 2968 2206 dicun·

1969 2245 2056 2285 tur
2070 2237 2250 2306 quasi:
2275 2244 2456 2286 coetera
2471 2234 2670 2286 vitiosa.
2690 2236 2840 2288 cena
2855 2233 2967 2285 vitia

1968 2331 2091 2365 cum
2105 2314 2341 2366 Gesnero
2355 2312 2614 2384 intelligas
2630 2331 2691 2365 ea
2709 2330 2830 2384 que
2847 2321 2967 2364 certo

1969 2394 2246 2459 eveniant,
2272 2411 2436 2464 quum
2460 2391 2685 2465 grandia
2711 2393 2817 2444 ista
2842 2409 2967 2443 non·

1968 2473 2069 2523 nisi
2093 2490 2235 2538 raro,
2262 2485 2316 2523 et
2338 2471 2424 2544 (id
2447 2474 2588 2523 enim
2611 2469 2813 2524 addere
2836 2472 2967 2540 cogi-

1967 2549 2075 2622 tur)
2089 2567 2226 2604 casu.
2250 2553 2439 2604 Coetera
2453 2564 2505 2605 et
2518 2561 2656 2603 certa
2665 2551 2829 2623 vulgo
2843 2567 2969 2603 com·

1967 2643 2239 2682 mutantur
2253 2633 2308 2682 iu
2322 2631 2464 2685 MSS.
2476 2631 2611 2683 Vide
2626 2628 2894 2684 Drakenb.
2908 2626 2966 2680 ad

1967 2710 2078 2762 Liv.
2103 2710 2340 2777 XXXIV,
2374 2710 2475 2777 36,
2508 2708 2559 2776 4.
2599 2712 2750 2763 Certa
2782 2710 2966 2783 primus

1967 2791 2231 2841 revocavit
2255 2789 2414 2842 Gesn.
2431 2827 2448 2856 ,
2476 2802 2769 2862 postquam
2793 2788 2966 2841 Badius

1961 2872 2073 2941 jam
2094 2870 2149 2920 in
2167 2882 2314 2920 textu
2332 2870 2597 2941 posuisset
2614 2880 2828 2936 ooetem,
2848 2866 2966 2920 alte·

1970 2966 2086 3000 rum
2115 2950 2167 2999 in
2195 2950 2444 3019 margine.
2474 2978 2547 2989 —-
2572 2950 2679 3002 ΗΒ.
2711 2947 2880 3003 codd.
2915 2963 2967 3011 ι,

1973 3044 2032 3093 2,
2057 3025 2091 3079 3
2115 3040 2168 3078 et
2190 3026 2381 3094 omn,
2405 3040 2598 3081 coetera.
2633 3030 2731 3081 En.

2043 3105 2093 3172 4.
2122 3107 2343 3178 Propter
2367 3107 2465 3159 hoc
2488 3124 2729 3180 quoque,
2759 3120 2860 3159 etc.
2887 3105 2966 3157 In-

1970 3183 2116 3236 docti
2139 3187 2279 3238 enim
2298 3184 2429 3237 nihil
2449 3187 2818 3258 supprimunt,
2835 3184 2966 3236 docti

1967 3282 2095 3317 vero
2110 3263 2310 3316 habent
2322 3264 2602 3318 verborum
2618 3280 2670 3319 et
2685 3284 2864 3319 rer-um
2879 3264 2964 3318 de·

1966 3341 2192 3409 lectum,
2213 3357 2265 3395 et
2281 3346 2335 3396 in
2357 3342 2440 3395 his
2460 3362 2674 3417 quoque
2693 3344 2965 3399 mediocri-

1967 3435 2131 3475 tatem
2149 3436 2389 3490 servant,
2410 3440 2636 3495 quorum
2653 3424 2876 3477 alterum
2893 3434 2964 3474 est

1967 3500 2267 3574 qualitatis,
2294 3501 2517 3554 alterum
2544 3517 2624 3556 est
2648 3505 2960 3576 quantitatis.

1965 3581 2257 3633 Tuumne.

2039 3659 2089 3711 5.
2119 3656 2371 3710 Docendt'.
2401 3658 2509 3712 RB.
2547 3676 2568 3713 1
2590 3700 2606 3728 ,
2635 3658 2668 3713 5
2699 3676 2754 3714 et
2781 3663 2960 3726 Caum,

1965 3737 2188 3789 dicendi.
2216 3739 2323 3789 RB.
2359 3755 2386 3789 2
2404 3776 2422 3804 ,
2446 3739 2479 3791 3
2494 3777 2512 3804 ,
2534 3740 2770 3791 docendi.
2802 3742 2959 3809 Quam

1965 3821 2269 3869 varietatem
2302 3817 2510 3870 silentio
2541 3821 2792 3890 praeteriit
2821 3816 2960 3891 Spel-

1964 3895 2106 3967 ding.
2134 3899 2345 3949 Eun-on.

2035 3974 2085 4027 6.
2104 3975 2319 4049 Apud...
2336 3974 2526 4049 ῥίφω.
2550 3974 2797 4030 Similiter
2811 3975 2958 4043 IV‚3‚

1967 4072 1995 4107 2
2015 4076 2027 4104 2
2057 4077 2078 4100 ιι
2099 4056 2199 4108 si...
2221 4059 2536 4108 narrationis
2550 4057 2832 4127 gracilitati
2849 4074 2960 4107 con·

1968 4155 1991 4180 ι
2005 4136 2190 4205 juncta
2211 4148 2640 4205 argumentorum
2659 4137 2958 4207 pugnacitas

1968 4236 1990 4261 ι
2009 4215 2195 4282 fuerit,
2218 4215 2393 4267 dilatis
2417 4212 2616 4267 diutius
2639 4214 2855 4268 dicendi
2874 4228 2956 4265 νο-
