3200 5150
804 500 927 588 ¹94

1368 496 1462 558 M.
1502 492 1732 557 FABII
1769 490 2329 575 QUINTILIANI

797 618 1106 718 comperi
1125 673 1145 706 ,
1175 615 1298 717 qui
1328 637 1396 688 et
1423 616 1568 714 ipse
1597 642 1764 687 eum
1788 613 2243 714 sequebatur:
2274 615 2420 687 haec
2450 641 2579 688 nos
2609 619 2657 689 I
2673 617 2895 691 littera

693 750 758 806 ις
797 735 1106 807 finimus,
1153 731 1350 824 Quid
1389 731 1619 802 dicam
1661 736 1947 802 vortices
1985 749 2053 802 et
2086 757 2353 818 vorsus,
2399 752 2781 831 caeteraque
2808 732 2895 805 ad

795 849 1130 922 eumdem
1170 847 1464 919 modum
1486 901 1506 934 ,
1537 872 1693 945 quae
1730 844 1960 943 primo
1984 845 2215 945 Scipio
2239 859 2257 890 ¹
2304 845 2675 918 Africanus
2712 846 2785 918 in
2820 847 2894 918 E

690 987 759 1041 26
793 965 1089 1038 litteram
1115 962 1497 1035 secundam
1523 960 1799 1032 vertisse
1826 959 2076 1032 dicitur
2093 960 2167 1033 ²?
2194 961 2420 1032 Nostri
2446 981 2896 1060 praeceptores

793 1106 1078 1153 ceruum
1110 1074 1610 1175 seruumque-³,
1657 1077 1727 1147 U
1751 1094 1820 1146 et
1860 1073 1928 1145 O
1964 1072 2202 1146 litteris
2239 1075 2694 1174 scripserunt,
2728 1074 2897 1173 quia

792 1193 1107 1295 subjecta
1127 1192 1265 1264 sihi
1288 1190 1541 1264 vocalis
1571 1191 1645 1261 in
1667 1216 1896 1263 unum
1918 1215 2175 1262 sonum
2200 1190 2579 1263 coalescere
2594 1247 2618 1281 ,
2643 1211 2713 1262 et
2734 1217 2895 1263 con-

788 1307 998 1381 fundi
1021 1306 1383 1405 'nequiret3
1418 1332 1611 1378 nunc
1644 1307 1714 1377 U
1725 1303 2009 1403 gemina
2026 1304 2457 1396 scribuntur,
2493 1330 2576 1377 ea
2595 1304 2893 1396 ratione,

790 1449 1009 1524 quam
1031 1417 1344 1493 reddidi4
1365 1447 1387 1492 ;
1416 1441 1665 1492 neutro
1686 1445 1850 1491 sane
1873 1420 2086 1491 modo
2106 1446 2231 1491 vox
2247 1430 2504 1518 ‚quam
2523 1418 2894 1509 sentimur»,

791 1537 1110 1611 efficitur.
1139 1539 1282 1609 Nec
1310 1533 1644 1607 inutiliter
1667 1532 2049 1606 Claudius⁵
2076 1533 2413 1609 AEolicam
2439 1532 2633 1605 illam
2659 1533 2748 1606 ad
2768 1534 2897 1607 hos

687 1682 752 1737 27
793 1680 960 1726 usus
991 1649 1338 1725 litteram⁶
1377 1651 1741 1752 adjecerat.-
1769 1648 1955 1723 lllud
1989 1677 2181 1723 nunc
2215 1647 2501 1739 melius,
2527 1649 2720 1747 quod
2747 1656 2895 1739 cui,

789 1847 929 1887 stare
964 1831 1172 1885 videtur
1210 1831 1355 1903 quod
1392 1834 1568 1884 statim
1609 1829 1654 1902 §.
1698 1829 1765 1883 26
1785 1868 1802 1897 ,

786 1922 1120 1985 praeceptores
1159 1930 1285 1964 suos
1328 1923 1620 1975 memorat,
1662 1927 1804 1980 qno-

789 2010 911 2043 rum
934 2009 1154 2042 numero
1179 1993 1359 2044 eximit
1381 1989 1674 2043 Pedianum
1695 1988 1803 2040 hoc

790 2074 911 2144 ipso
941 2069 1357 2141 quodammodo,
1379 2068 1514 2120 Vide
1536 2071 1605 2133 V,
1635 2084 1725 2132 to,
1748 2084 1800 2137 9.

872 2167 915 2201 1.
944 2149 1125 2200 Primo
1147 2148 1339 2219 Scipio.
1364 2148 1531 2199 Miror
1553 2164 1664 2197 non
1688 2163 1803 2197 esse

792 2229 1046 2300 scriptum
1057 2226 1272 2297 primus.
1285 2230 1439 2280 Voss.
1464 2241 1492 2274 a
1513 2242 1614 2296 pro
1630 2222 1803 2295 primo

793 2307 886 2358 dat
910 2302 1156 2369 Publius,
1182 2302 1343 2358 Goth.
1373 2321 1560 2356 vocem
1589 2303 1800 2354 omittit.

793 2382 950 2436 Hunc
982 2381 1324 2434 libentissime
1361 2399 1568 2452 sequar.
1602 2383 1803 2434 Omnes

793 2476 1047 2537 praeterea
1070 2463 1125 2512 in
1149 2474 1416 2532 receptam
1444 2462 1802 2514 consentiunt.

873 2558 921 2595 2.
937 2540 1156 2593 Dicitur.
1178 2542 1254 2592 Ita
1275 2539 1432 2612 plane
1445 2538 1629 2606 Goth„
1650 2557 1807 2610 quem

796 2620 927 2673 dicit
959 2617 1086 2670 dare
1121 2630 1298 2670 narrat
1333 2619 1492 2671 Gesn.
1521 2646 1595 2657 —-
1621 2619 1804 2687 Quoe...

797 2699 1003 2752 dicitur.
1030 2699 1145 2749 Hoc
1171 2710 1250 2749 est
1271 2718 1284 2747 ε
1320 2719 1343 2743 ιι
1363 2699 1423 2748 In
1449 2715 1568 2749 eam
1589 2698 1807 2748 vertisse

808 2800 831 2826 ι
846 2780 1194 2850 scripturam,
1208 2775 1302 2828 ubi
1316 2774 1550 2829 secunda
1566 2788 1705 2828 esset
1720 2775 1809 2827 lit-

807 2881 830 2905 «
851 2871 963 2909 tera
999 2858 1043 2908 E
1076 2875 1187 2908 non
1224 2857 1288 2909 Ο.
1313 2878 1336 2902 ιι
1373 2856 1453 2906 De
1485 2855 1660 2926 primo
1691 2852 1811 2906 vide

801 2949 915 2989 not.
946 2954 1063 3009 sup.
1092 2938 1152 2987 In
1181 2933 1454 2997 vertendo,
1485 2951 1515 2985 ο
1543 2933 1806 2986 reducunt

799 3015 1066 3070 interdum
1091 3028 1264 3088 poete
1290 3035 1303 3065 ε
1332 3012 1453 3066 vide
1478 3015 1527 3065 J.
1559 3015 1625 3066 Η.
1650 3016 1804 3065 Voss.

801 3095 873 3151 ad
894 3097 1085 3165 Georg.
1108 3093 1202 3147 lib.
1228 3096 1278 3158 1,
1304 3112 1353 3145 v.
1380 3091 1468 3145 65.

876 3174 927 3232 3.
954 3175 1173 3226 Ceratum
1192 3189 1512 3243 semumque.
1536 3173 1614 3224 lta
1632 3172 1809 3224 Turio.

803 3267 861 3307 at
900 3251 1061 3306 Goth.
1102 3249 1235 3321 (tac.
1269 3249 1500 3320 Gesn.),
1531 3250 1634 3303 nisi
1668 3249 1814 3320 quod

807 3341 1195 3402 transponunt:
1230 3345 1435 3381 seruum
1467 3346 1811 3401 ceruumque,

801 3427 1039 3480 cumque
1063 3426 1127 3460 eo
1151 3407 1560 3460 faciuntJoann.
1578 3410 1732 3460 Voss,
1755 3408 1817 3474 3,

810 3494 1014 3542 Veneta
1028 3525 1045 3553 ,
1067 3486 1198 3541 Obr.
1222 3487 1406 3539 Caeteri
1429 3505 1460 3538 o
1483 3500 1694 3559 ponunt
1717 3505 1816 3559 pro

812 3589 878 3634 u,
899 3581 959 3620 ut
977 3580 1030 3619 et
1048 3564 1221 3620 Guelf.
1243 3565 1503 3636 Equidem
1526 3584 1563 3616 u
1585 3564 1816 3636 praetuli,

814 3651 938 3720 quia
956 3659 1250 3718 sequuntur
1267 3665 1303 3697 u
1322 3658 1374 3696 et
1392 3661 1422 3695 o
1432 3681 1450 3708 ,
1470 3662 1600 3714 quas
1620 3643 1818 3697 litteras

809 3730 1002 3780 iterum
1024 3741 1294 3798 apponere
1317 3740 1427 3773 uon
1450 3735 1562 3774 erat
1585 3740 1749 3793 opus,
1774 3725 1818 3775 si

813 3807 976 3860 modo
1024 3807 1302 3876 scripserat
1347 3800 1591 3866 easdem,
1643 3820 1816 3872 neque

813 3906 1029 3942 sonsum
1053 3885 1224 3938 ullum
1251 3901 1481 3954 agnosco
1510 3884 1566 3934 in
1587 3882 1690 3934 illis
1714 3906 1726 3934 :
1756 3903 1817 3934 ea

814 3967 1045 4029 ratione,
1068 3981 1230 4035 quam
1260 3960 1489 4026 reddidi,
1519 3963 1621 4013 nisi
1647 3963 1818 4033 respi-

812 4048 961 4106 oe‘unt
990 4045 1060 4098 ad
1087 4045 1477 4114 frequentatam
1506 4042 1817 4110 Quintiliani

815 4139 1053 4198 tempore
1089 4123 1435 4194 scripturam,
1469 4141 1628 4193 quam
1661 4135 1816 4175 antea

813 4210 1067 4283 posuerit.
1087 4207 1295 4261 sienim
1309 4205 1606 4277 significant
1623 4223 1686 4259 ea
1703 4223 1816 4258 ver-

1890 1829 1960 1883 ba
1972 1869 1988 1895 ,
2002 1841 2216 1904 propter
2228 1849 2340 1882 eam
2364 1849 2571 1883 causam
2582 1866 2599 1894 ‚
2615 1847 2776 1901 quam
2789 1847 2897 1881 me·

1891 1910 2110 1976 monui,
2129 1909 2274 1982 quod
2289 1911 2400 1963 scil.
2419 1908 2609 1963 vocatis
2623 1908 2899 1962 coaiesoeoe

1893 1989 2151 2062 nequiret,
2185 1991 2377 2061 partim
2402 1993 2586 2062 jejuna
2614 2001 2695 2042 est
2720 1993 2901 2041 conti-'-

1892 2088 2002 2122 nuo
2022 2069 2262 2141 subjecta
2282 2067 2521 2141 ejusdem
2538 2070 2615 2121 rei
2632 2071 2900 2141 repetitio,

1891 2150 2086 2222 partim
2132 2167 2458 2220 supervacua
2472 2186 2489 2214 ,
2532 2166 2695 2219 quum
2739 2166 2903 2220 quare

1891 2229 1998 2282 hoc
2022 2227 2253 2281 scribant
2276 2227 2436 2281 hodie
2450 2264 2468 2293 ,
2492 2246 2649 2280 nemo
2671 2230 2899 2297 ignoret.

1891 2308 2095 2362 Eodem
2119 2307 2280 2360 modo
2304 2327 2427 2360 mox
2452 2307 2498 2377 §.
2526 2324 2615 2377 27,
2649 2328 2673 2353 e
2691 2309 2779 2359 cui
2804 2308 2901 2358 tri-

1893 2389 2026 2454 bus,
2053 2407 2182 2461 quas
2199 2388 2475 2460 proposui,
2502 2386 2719 2438 litteras.
2740 2410 2763 2434 ιο
2792 2389 2903 2440 Ne·
2940 2382 2945 2387 ⁴

1896 2486 1999 2538 que
2025 2480 2138 2532 est,
2164 2484 2325 2537 quare
2353 2465 2542 2536 aliquis
2570 2463 2769 2516 reddidi
2792 2464 2901 2517 hoc

1896 2564 2054 2601 sensu
2086 2545 2191 2599 dici
2222 2563 2381 2618 posse
2412 2557 2586 2615 neget.
2620 2545 2759 2596 Bene
2789 2544 2903 2598 Ge·
2940 2541 2945 2545 ’

1896 2627 2055 2700 doyn.
2080 2648 2092 2678 ε
2142 2648 2166 2673 σι
2191 2628 2399 2678 Comme
2435 2623 2498 2677 ils
2530 2635 2648 2678 sont
2684 2624 2905 2678 conchis

1903 2728 1926 2753 ιι
1946 2705 2029 2756 ici.
2052 2728 2075 2752 a·
2098 2705 2300 2757 —Cun
2328 2718 2381 2756 et
2403 2703 2487 2755 ed.
2508 2702 2674 2755 Hack.
2698 2702 2905 2756 habent

1896 2801 2098 2835 cervom
2119 2801 2440 2855 servamque,
2463 2784 2576 2834 sine
2594 2780 2697 2834 alia
2716 2795 2905 2835 aucto-

1897 2864 2050 2914 ritate
2064 2898 2081 2926 ,
2105 2874 2158 2913 et
2180 2880 2244 2913 ex
2266 2879 2363 2914 suo
2386 2862 2617 2930 ingenio.
2642 2863 2734 2913 En.

1970 2942 2020 3007 4.
2037 2941 2177 2994 Ea...
2195 2939 2407 2991 reddidi.
2420 2938 2554 2992 Vide
2568 2953 2680 2991 not.
2698 2957 2820 3012 sup.
2838 2938 2911 2992 ad

1893 3037 2104 3072 ceruum
2122 3036 2444 3090 seruumque.
2465 3019 2528 3069 It.
2539 3016 2659 3069 vide
2672 3020 2722 3083 1,
2737 3017 2802 3085 4,
2824 3036 2844 3070 ι
2861 3034 2908 3070 ι.

1988 3098 2037 3152 5.
2094 3097 2352 3151 Claudius.
2409 3100 2693 3151 Suetonius
2746 3096 2915 3150 tradit

1902 3180 2059 3230 trium
2082 3175 2369 3228 litterarum
2392 3176 2585 3246 figuras
2608 3179 2913 3246 excogitas·

1902 3277 1959 3310 se
1982 3255 2258 3309 Claudium
2274 3294 2289 3321 ,
2314 3274 2377 3307 ex
2401 3255 2595 3326 quibus
2618 3255 2808 3308 AEolici
2832 3255 2914 3309 di-

1903 3353 2109 3406 gamma
2147 3352 2251 3386 una
2267 3372 2285 3399 ,
2318 3348 2369 3386 et
2399 3342 2448 3385 Ψ
2478 3333 2706 3406 duplicis
2742 3335 2917 3388 altera

1903 3416 2031 3480 fuit,
2052 3410 2132 3466 miv
2149 3418 2303 3478 erebra!
2324 3415 2543 3483 ξκτόμιν.
2567 3416 2837 3467 Cumnan.

1976 3495 2028 3547 6.
2075 3494 2201 3546 Usus
2240 3491 2482 3545 litteram.
2526 3495 2604 3546 Ita
2640 3494 2819 3547 Guelf.
2862 3507 2918 3546 et

1905 3577 2057 3625 Voss.
2099 3573 2147 3625 3.
2187 3570 2319 3624 Edd.
2359 3591 2542 3625 omnes
2579 3575 2819 3624 inserunt
2854 3576 2918 3640 F,

1904 3651 1989 3704 vel
2007 3653 2075 3718 Ἰ,
2096 3664 2147 3703 et
2166 3669 2292 3704 sane
2312 3650 2479 3703 codd.
2498 3652 2598 3723 ipsi
2616 3652 2923 3704 defendunt

1903 3730 2010 3783 hoc
2026 3733 2233 3800 signum
2246 3729 2299 3780 h.
2316 3729 2351 3780 l.
2372 3733 2559 3782 Eratne
2573 3744 2753 3782 autem
2768 3732 2921 3800 quis-

1908 3829 2067 3881 quam
2097 3812 2463 3878 ignoraturus,
2492 3829 2651 3880 quam
2681 3811 2919 3863 litteram

1905 3888 2101 3941 diceret
2124 3889 2266 3957 Qu.i’
2289 3891 2378 3954 Et,
2408 3890 2507 3940 nisi
2536 3889 2693 3959 plane
2720 3908 2923 3941 neces-

1906 3971 2098 4021 sarium
2136 3969 2233 4032 sit,
2269 3969 2439 4037 ipsam
2473 3967 2735 4038 subjicere
2770 3967 2922 4037 figu-

1904 4066 2048 4111 ram,
2076 4046 2334 4098 decrescit
2363 4046 2621 4115 elegantia
2654 4047 2925 4101 orationis

1905 4124 2097 4177 talibus
2123 4123 2516 4189 additamentis,
2543 4142 2657 4194 quae
2680 4137 2939 4176 structi&

1902 4220 2016 4256 ram
2054 4203 2299 4269 turbant,
2336 4217 2390 4255 et
2424 4202 2708 4257 lectionem
2739 4205 2928 4277 impe-
