3200 5150
766 458 851 528 30
1235 456 1586 525 GEORG.
1637 454 1859 521 LUD.
1908 448 2389 521 SPALDING

766 582 925 649 tiam
955 596 1022 646 et
1050 579 1493 647 eruditionem
1518 602 1695 669 saepe
1718 579 1994 668 agnovi;
2034 578 2160 644 fuit
2192 578 2391 645 etiam
2422 574 2537 642 ubi
2572 596 2862 671 praerep·

765 706 901 754 tam
918 689 1208 779 aliquam
1228 687 1678 779 conjecturam
1699 684 2017 751 dolerem.
2043 684 2171 751 Sed
2191 685 2456 751 lectoris
2475 708 2610 750 non
2631 687 2866 767 refert,

767 797 822 861 si
848 794 1011 887 quid
1034 796 1175 861 veri
1204 811 1305 862 est
1331 796 1680 860 inventum
1697 840 1716 873 ,
1746 809 1971 859 utrum
1994 789 2126 858 hoc
2149 790 2374 881 plures
2399 789 2713 881 deinceps
2739 791 2871 884 ipsi

764 901 1087 983 viderint,
1132 926 1215 967 an
1252 924 1428 967 unus
1465 898 1673 966 semel
1710 898 2111 965 monstrarit.
2153 896 2522 963 Plurimum
2549 898 2872 965 conduxit

766 1007 931 1074 mihi
978 1007 1166 1073 labor
1201 1010 1253 1073 Ι.
1294 1010 1367 1072 C.
1412 1006 1490 1071 T.
1531 1005 1826 1085 Ernesti,
1878 1003 2272 1094 professoris
2309 1003 2705 1093 Lipsiensis,
2749 1005 2869 1096 qui

767 1113 1117 1204 utriusque
1148 1112 1390 1202 linguae
1418 1110 1942 1201 technologiam,
1974 1134 2175 1201 quam
2206 1127 2431 1191 vocat,
2466 1107 2870 1178 rhetoricam

766 1219 1208 1309 singularibus
1239 1217 1440 1285 -libris
1484 1234 1875 1307 persecutus
1921 1235 2040 1283 est.
2091 1217 2310 1308 Major
2344 1215 2618 1307 quidem
2666 1216 2871 1309 hujus

766 1323 1124 1390 voluminis
1146 1345 1299 1413 pars
1322 1323 1497 1417 typis
1522 1323 1722 1390 etiam
1746 1344 2053 1413 expressa
2076 1339 2243 1405 erat,
2273 1339 2633 1413 antequam
2654 1322 2740 1389 ad
2758 1347 2871 1389 me

766 1430 1178 1521 perferretur
1214 1428 1561 1496 rhetoricae
1594 1431 1910 1495 Romanae
1945 1429 2240 1510 lexicon3
2267 1427 2613 1519 apparebit
2645 1446 2870 1497 tamen

768 1534 1066 1624 legendis
1096 1535 1270 1600 notis
1296 1535 1497 1615 meis,
1534 1550 1859 1624 quantum
1887 1533 2154 1625 utrique
2183 1536 2370 1625 operi
2400 1534 2700 1601 debeam.
2738 1537 2872 1603 Ge-

771 1640 974 1732 doyni
998 1641 1585 1732 Francogallicam,
1615 1657 1682 1705 et
1703 1640 1948 1706 Henkii
1971 1642 2049 1705 V.
2077 1641 2638 1707 R.'Germanicam
2659 1642 2869 1726 Quin·

769 1746 978 1814 tiliani
998 1748 1376 1814 versionem
1395 1747 1801 1813 inconsultas
1820 1770 1957 1814 non
1975 1747 2396 1836 praetermisi,
2419 1747 2626 1838 magis
2646 1764 2868 1815 tamen

768 1852 989 1920 adhuc
1027 1851 1389 1943 occupatus
1427 1852 1496 1918 in
1530 1851 1675 1933 illa,
1716 1852 2034 1943 quoniam
2068 1850 2181 1919 hic
2217 1875 2354 1918 non
2396 1852 2523 1919 nisi
2564 1853 2869 1943 exiguam

769 1960 1068 2049 priorum
1102 1959 1425 2024 librorum
1454 1977 1713 2048 partem
1741 1959 1809 2025 in
1844 1960 2181 2049 epitomen
2213 1980 2399 2024 suam
2432 1959 2731 2025 contulit.
2764 1959 2870 2026 Sic

769 2065 1226 2132 brevissimam
1246 2066 1583 2154 scriptoris
1609 2066 1741 2130 mei
1766 2064 2153 2155 particulam
2174 2086 2212 2130 a
2236 2063 2519 2131 Gedikio
2538 2066 2621 2131 V.
2642 2065 2866 2133 Celeb.

771 2172 985 2261 patrio
1010 2194 1317 2237 sermone
1347 2169 1675 2236 redditam
1702 2171 1769 2235 in
1797 2170 1968 2237 libro
1998 2173 2106 2238 cui
2131 2171 2399 2236 titulum
2423 2172 2582 2242 fecit
2602 2170 2682 2238 A
2684 2175 2867 2243 risto-

770 2278 929 2343 teles
955 2274 1097 2343 und
1113 2274 1473 2352 Basedow‚
1493 2275 1807 2342 comitem
1830 2275 2034 2343 habui
2057 2276 2301 2343 laboris
2325 2277 2488 2359 mei,
2514 2278 2661 2360 sed,
2686 2279 2870 2371 quod

772 2382 1112 2464 dolebam,
1148 2405 1385 2473 parum
1413 2380 1816 2447 diuturnam.
1856 2382 2090 2449 Evolvi
2124 2384 2322 2449 etiam
2358 2385 2650 2450 Italicam
2685 2384 2870 2452 Fabii

770 2490 1179 2570 versionem,
1213 2487 1458 2556 editam
1482 2487 1802 2554 Vercellis
1840 2489 2002 2579 1780
2031 2512 2067 2557 a
2098 2487 2404 2570 Garillio,
2435 2490 2867 2572 Taurinensi,

771 2593 891 2661 sed
916 2595 1048 2661 cito
1068 2587 1313 2685 abjeci,
1342 2616 1550 2684 quum
1578 2617 1715 2674 eas,
1749 2617 1910 2685 quas
1941 2596 2169 2662 titulus
2194 2594 2652 2686 pollicebatur,
2680 2614 2871 2665 notas

772 2701 1039 2766 nonnisi
1061 2723 1140 2765 ex
1158 2699 1538 2788 vulgaribus
1560 2699 1965 2768 editionibus
1985 2724 2276 2768 corrasas
2297 2702 2622 2787 viderem,
2643 2728 2874 2794 agnos·

771 2828 995 2873 cerem
1032 2829 1229 2887 vero,
1279 2806 1600 2895 imparem
1642 2809 1947 2898 profecto
1982 2807 2067 2873 ad
2103 2807 2234 2873 hoc
2272 2831 2441 2897 opus
2476 2812 2866 2896 accessisse,

773 2912 889 3002 qui
929 2911 1315 3000 palmariam
1356 2911 1535 2977 illam
1568 2914 2142 3002 Argentoratensis
2174 2909 2438 2982 Codicis
2474 2918 2872 3008 scripturam

775 3022 804 3082 Ι
815 3021 838 3081 l
845 3019 901 3098 1,
930 3041 988 3107 7,
1026 3039 1131 3105 19,
1159 3016 1275 3082 ubi
1303 3019 1447 3083 Irus
1468 3019 1834 3108 reponitur,
1862 3019 1985 3087 hac
2008 3021 2436 3088 annotatione
2459 3022 2874 3092 instruxisset

774 3121 987 3189 dicam
1011 3147 1095 3189 an
1120 3124 1564 3214 inquinasset:
1606 3155 1632 3185 α
1654 3130 1718 3192 si
1728 3125 1921 3193 crede
1942 3130 2015 3213 (o
2037 3128 2403 3217 simplicem
2424 3146 2831 3197 narratorem
2849 3182 2870 3214 ‚

775 3230 889 3324 qui
933 3229 1192 3296 nullum
1234 3253 1430 3296 suum
1476 3232 1856 3323 interponat
1881 3233 2288 3327 judiciuml)
2323 3234 2444 3300 che
2485 3236 2540 3301 il
2574 3252 2735 3306 testo
2767 3241 2875 3304 sia

772 3338 1116 3402 sconciatO.
1138 3365 1164 3395 u
1205 3335 1480 3403 Adeone
1513 3337 1857 3429 ignorabat
1892 3343 2102 3420 lrum,
2139 3356 2211 3408 ut
2247 3340 2418 3407 miro
2455 3351 2641 3431 ἱρμαίῳ
2681 3365 2873 3409 sana-

773 3460 917 3507 tum
940 3439 1165 3507 locum
1191 3443 1388 3508 etiam
1408 3461 1798 3534 corruptum
1822 3444 2149 3529 crederet,
2177 3447 2496 3538 quoniam
2518 3470 2676 3515 sane
2701 3451 2873 3540 Cap-

773 3549 1245 3637 peronnerius,
1277 3571 1356 3613 ex
1385 3573 1520 3641 quo
1553 3551 1694 3619 fere
1721 3547 2003 3642 pendet,
2032 3552 2120 3620 ad
2144 3556 2514 3622 Homerum
2535 3577 2674 3621 non
2696 3554 2876 3624 able·

772 3653 999 3745 gabat,
1032 3653 1217 3745 quod
1239 3654 1443 3721 modo
1468 3658 1536 3721 in
1560 3656 1871 3726 Thersite
1895 3660 2184 3727 fecerat?

862 3765 1039 3830 Dum
1059 3785 1220 3827 vero
1238 3763 1535 3852 priorum
1560 3766 1630 3830 in
1654 3768 1975 3860 scriptore
1998 3791 2150 3834 meo
2172 3790 2429 3836 errores
2447 3768 2657 3836 libere
2675 3785 2870 3853 noto,

772 3891 912 3934 non
956 3892 1105 3935 sum
1155 3869 1423 3970 ignarus
1465 3891 1782 3962 quantam
1830 3898 1955 3966 ego
1999 3875 2288 3942 vicissim
2332 3874 2870 3967 reprehendendi

771 3974 1115 4040 materiam
1161 3977 1596 4066 sequentibus
1646 3980 2052 4073 reliquerim.
2099 3982 2315 4065 Quam
2362 3997 2436 4047 ut
2454 4031 2473 4061 ,
2520 4004 2645 4070 pro
2695 3981 2870 4046 virili

771 4097 992 4174 parte,
1031 4104 1430 4173 praesumam
1468 4102 1536 4152 et
1564 4088 1899 4168 minuam,
1937 4111 2013 4155 ea
2048 4109 2199 4178 quae
2235 4087 2408 4154 inter
2445 4087 2615 4178 preli
2650 4108 2872 4154 moras
