3200 5150
726 528 769 567 x
1523 497 2057 567 PRAEFATIOJ

730 639 1049 697 aetatum‘
1082 622 1446 714 rhetoreS,
1496 649 1579 697 ea
1629 624 1780 695 dos·
1810 627 2110 722 propria
2150 637 2253 695 est
2294 637 2377 694 et·
2402 620 2846 722 peculiari&

728 738 937 839 quod
963 740 1332 812 oratorem
1357 764 1514 811 non
1533 737 1780 811 solum
1805 739 1960 837 jam
1990 742 2067 809 in
2089 754 2319 810 rostra
2343 736 2846 810 conscenden—

729 871 877 926 tem
918 861 1312 943 sustineat,
1362 872 1431 926 et
1471 859 1620 926 suis
1661 852 1919 926 fulciat
1959 858 2293 942 monitiS,
2338 853 2462 925 sed
2506 857 2584 923 in
2627 854 2837 923 cunis

727 969 980 1042 adhuc
997 975 1405 1070 vagientem
1421 1026 1440 1059 ,
1464 996 1622 1041 non
1643 996 1847 1042 secus
1868 998 1952 1042 ac
1975 968 2226 1041 sedula
2251 973 2499 1041 nutrix
2514 1025 2533 1058 ,
2555 969 2854 1067 gremioe⁴

728 1112 867 1156 suo
897 1083 1180 1174 foveat,
1217 1090 1495 1184 primos
1527 1085 1918 1157 observans
1948 1089 2224 1184 ingenii
2259 1088 2616 1156 nascentis
2646 1084 2841 1180 igni-

729 1200 977 1290 culos;
1020 1200 1331 1272 balbum
1361 1226 1441 1273 os
1469 1200 1793 1273 studiose
1821 1200 2088 1299 fingat,
2129 1200 2462 1299 linguam
2499 1197 2857 1269 haesitan-‘

728 1332 878 1387 tem
909 1342 948 1386 e
974 1316 1291 1387 vinculis
1313 1316 1691 1413 expediat,
1728 1332 2006 1389 teneras
2036 1342 2246 1387 aures
2278 1341 2433 1386 non
2469 1317 2608 1384 nisi
2640 1312 2855 1383 casti-⁴

730 1448 899 1531 gato
942 1431 1229 1503 imbuat
1261 1457 1636 1519 sermone,
1682 1448 1750 1502 et
1788 1430 2053 1503 labella
2090 1447 2425 1503 materno
2467 1429 2649 1501 lacte
2683 1432 2845 1498 ina-

732 1546 980 1618 dentia
1010 1545 1329 1618 suadelae
1359 1546 1788 1618 dulcissimo
1819 1545 2036 1617 melle
2065 1550 2474 1643 contingat:
2518 1540 2725 1641 quod
2754 1539 2859 1610 de

737 1660 1188 1759 quibusdam
1209 1667 1440 1759 poetis
1456 1717 1474 1749 ,
1504 1665 1637 1759 qui
1658 1663 1953 1733 CYCLICI
1976 1676 2535 1757 nuncupantur,
2562 1657 2856 1728 dictum

733 1794 871 1866 est,
923 1779 1119 1849 idem
1168 1778 1260 1849 de
1299 1777 1519 1849 Fabio
1564 1778 1709 1850 dici
1755 1794 2025 1877 potest,
2087 1776 2304 1848 illum
2347 1773 2683 1847 videlicet
2719 1797 2856 1870 per

738 1908 955 1965 totum
987 1898 1177 1965 ivisse
1195 1909 1575 1985 oratorem;
1597 1894 1722 1964 sed
1748 1921 1916 1991 quae
1937 1892 2331 1963 methodus
2351 1895 2429 1961 in
2451 1893 2605 1960 istis
2620 1945 2638 1977 ,
2659 1911 2864 1985 quos·

736 2009 835 2080 ob
874 2014 1036 2080 eam
1077 2032 1373 2079 causam
1422 2006 1717 2105 cyclicos
1758 2023 2069 2094 vocant,
2105 2003 2431 2091 vatibus,
2470 2020 2848 2101 tamquam

735 2121 1090 2195 mendosa
1126 2126 1427 2218 poeticae
1460 2125 1759 2191 unitatis
1796 2119 2073 2191 oblivio
2109 2117 2696 2217 reprehenditur,
2730 2142 2862 2186 ea·-

737 2237 906 2308 dem
955 2239 1032 2307 in
1076 2234 1393 2307 Rhetore
1435 2233 1807 2323 laudatur,
1847 2251 1917 2305 et
1955 2237 2255 2321 merito,
2295 2249 2380 2304 ut
2427 2230 2859 2330 perfectissi-

737 2376 906 2422 mus
947 2354 1363 2448 argumenti
1413 2353 1769 2448 propositi
1819 2348 2187 2420 ambitus:
2246 2347 2421 2419 inde
2472 2351 2852 2417 enimvero

739 2469 1011 2537 exsistit
1042 2465 1384 2564 quaedam
1420 2463 1770 2536 omnibus
1805 2462 2141 2535 absoluta
2179 2466 2507 2534 numeris
2537 2460 2849 2560 effigies,
2967 2521 2971 2524 .

741 2581 1126 2682 quoddam
1146 2580 1538 2679 exemplar,
1556 2585 1634 2651 in
1660 2605 1813 2679 quo
1834 2578 2050 2669 nihil,
2067 2605 2521 2679 quocunque
2541 2582 2604 2649 ci
2614 2603 2864 2649 rcum·-

739 2697 993 2769 tuleris
1037 2698 1334 2786 oculos,
1380 2695 1933 2784 desideraveris,
1962 2695 2319 2793 quodque
2356 2693 2852 2765 avidissimam

740 2811 1098 2884 harumce
1113 2810 1831 2909 contemplationum
1853 2827 2174 2882 mentem
2190 2807 2512 2907 ·expleat;
2536 2808 2711 2879 inde
2730 2807 2818 2879 fit
2832 2866 2851 2899 ‚

741 2946 826 2999 ut
878 2944 1236 3025 praecepta
1289 2951 1587 2998 morum
1647 2930 2023 3025 praeceptis
2077 2925 2514 3024 eloquentiae
2568 2940 2734 3022 apte
2787 2940 2864 2996 et

743 3046 1267 3115 convenienter
1294 3045 1887 3128 misceantunmt
1918 3066 2132 3112 verus
2167 3057 2415 3112 orator
2444 3055 2512 3111 et
2540 3043 2651 3110 vir
2684 3063 2856 3136 pro·

740 3158 918 3247 buS,
949 3182 1278 3257 quorum
1323 3155 1502 3228 alter
1541 3160 1700 3228 sine
1741 3155 1967 3228 altero
2006 3173 2337 3228 constare
2377 3180 2531 3226 non
2578 3171 2812 3252 potest
2833 3210 2869 3243 ,.

743 3270 1240 3345 indissolubili
1268 3299 1460 3345 nexu
1492 3273 1880 3371 conjuncti
1911 3276 2101 3344 inter
2128 3296 2201 3341 se
2229 3268 2679 3356 cohaereant,
2705 3274 2860 3341 ani-

743 3411 1020 3484 moque
1053 3391 1228 3456 recti
1258 3403 1327 3457 et
1359 3386 1539 3457 boni
1569 3390 1868 3458 conscio
1898 3390 2180 3457 nitatur
2214 3389 2639 3483 ingenium;
2683 3383 2864 3456 inde

743 3500 829 3573 fit
877 3500 1197 3598 denique
1223 3557 1242 3588 ,
1301 3517 1382 3571 ut
1426 3505 1676 3599 regina
1719 3499 1844 3572 illa
1886 3500 2398 3594 humanorum
2447 3498 2863 3574 affectuum

743 3616 1204 3714 eloquentia,
1258 3615 1603 3706 omnibus
1650 3620 1909 3714 stipata
1956 3615 2350 3687 virtutibus
2400 3615 2730 3704 incedat,
2785 3630 2864 3686 et,-

740 3758 905 3804 vera
932 3733 1386 3802 sanctissimo
1412 3735 1768 3802 comitatu
1789 3745 2026 3829 pateat
2047 3731 2194 3802 dea.
2217 3733 2600 3802 Nocturna
2619 3756 2854 3801 manu

746 3848 1167 3945 diurnaque
1182 3862 1464 3917 versent
1486 3847 2093 3939 QmN‘rlLIANUM,
2114 3849 2547 3944 quicunque
2574 3842 2864 3943 fingen-

746 3962 859 4033 dis
890 3985 1298 4058 puerorum
1334 3964 1600 4032 animis
1642 3960 2125 4048 incumbunt,
2171 3976 2240 4031 et
2278 3986 2365 4031 ex
2401 3958 2532 4030 illo
2574 3957 2864 4030 discant

744 4075 1015 4174 quibus
1062 4076 1426 4150 utendum
1473 4081 1564 4147 sit
1593 4075 1870 4148 artibus
1891 4133 1909 4165 ,
1951 4102 2109 4147 non
2141 4092 2434 4147 tantum
2463 4072 2557 4144 ad
2591 4099 2860 4148 eorum.

748 4194 1039 4288 ingenia
1072 4190 1323 4266 litteris
1355 4192 1833 4291 perpolienda
1852 4249 1872 4285 ,
1904 4191 2029 4266 sed
2064 4191 2156 4268 ad
2181 4216 2430 4266 mores
2459 4187 2866 4263 virtutibus»
